<?xml version="1.0" encoding="UTF-8"?>
<!DOCTYPE html PUBLIC "-//W3C//DTD XHTML 1.0 Transitional//EN"
    "http://www.w3.org/TR/xhtml1/DTD/xhtml1-transitional.dtd">
<html xmlns="http://www.w3.org/1999/xhtml" xml:lang="en" lang="en">
 <head>
  <title>
</title>
<meta http-equiv="Content-Type" content="text/html;charset=utf-8" />
  <meta name='ocr-system' content='tesseract 3.04.00' />
  <meta name='ocr-capabilities' content='ocr_page ocr_carea ocr_par ocr_line ocrx_word'/>
</head>
<body>
  <div class='ocr_page' id='page_1' title='image "./synaggtnattiknn01tlgoog_0477.png"; bbox 0 0 3725 5850; ppageno 0'>
   <div class='ocr_carea' id='block_1_1' title="bbox 998 464 3096 542">
    <p class='ocr_par' dir='ltr' id='par_1_1' title="bbox 998 464 3096 542">
     <span class='ocr_line' id='line_1_1' title="bbox 998 464 3096 542; baseline 0.001 -3"><span class='ocrx_word' id='word_1_1' title='bbox 998 485 1617 539; x_wconf 68' lang='lat' dir='ltr'>COMMENTARIUS</span> <span class='ocrx_word' id='word_1_2' title='bbox 1656 483 1763 535; x_wconf 69' lang='lat' dir='ltr'><strong>An</strong></span> <span class='ocrx_word' id='word_1_3' title='bbox 1801 480 1926 541; x_wconf 75' lang='lat'><strong>216.</strong></span> <span class='ocrx_word' id='word_1_4' title='bbox 1965 484 2092 539; x_wconf 77' lang='lat'><strong>21⁷.</strong></span> <span class='ocrx_word' id='word_1_5' title='bbox 2129 484 2258 539; x_wconf 77' lang='lat'><strong>219.</strong></span> <span class='ocrx_word' id='word_1_6' title='bbox 2295 482 2424 541; x_wconf 76' lang='lat'><strong>222.</strong></span> <span class='ocrx_word' id='word_1_7' title='bbox 2947 464 3096 542; x_wconf 75' lang='lat'><strong>4⁵1</strong></span> 
     </span>
    </p>
   </div>
   <div class='ocr_carea' id='block_1_2' title="bbox 320 674 3102 905">
    <p class='ocr_par' dir='ltr' id='par_1_2' title="bbox 320 674 3102 905">
     <span class='ocr_line' id='line_1_2' title="bbox 541 674 3102 779; baseline 0.002 -28"><span class='ocrx_word' id='word_1_8' title='bbox 541 674 1185 777; x_wconf 84' lang='lat' dir='ltr'><strong>Eligebanturque</strong></span> <span class='ocrx_word' id='word_1_9' title='bbox 1224 704 1264 755; x_wconf 93' lang='lat' dir='ltr'><strong>e</strong></span> <span class='ocrx_word' id='word_1_10' title='bbox 1304 702 1533 755; x_wconf 86' lang='lat' dir='ltr'><strong>censu</strong></span> <span class='ocrx_word' id='word_1_11' title='bbox 1570 678 1769 757; x_wconf 89' lang='lat' dir='ltr'><strong>mille</strong></span> <span class='ocrx_word' id='word_1_12' title='bbox 1808 678 1981 774; x_wconf 84' lang='lat' dir='ltr'><strong>viri,</strong></span> <span class='ocrx_word' id='word_1_13' title='bbox 2023 678 2151 779; x_wconf 89' lang='lat' dir='ltr'><strong>qui</strong></span> <span class='ocrx_word' id='word_1_14' title='bbox 2193 678 2444 760; x_wconf 88' lang='lat' dir='ltr'><strong>omnia</strong></span> <span class='ocrx_word' id='word_1_15' title='bbox 2477 678 3102 757; x_wconf 78' lang='lat' dir='ltr'><strong>administrarent.</strong></span> 
     </span>
     <span class='ocr_line' id='line_1_3' title="bbox 320 799 2197 905; baseline 0.003 -30"><span class='ocrx_word' id='word_1_16' title='bbox 320 799 967 893; x_wconf 79' lang='lat' dir='ltr'><strong>(Heraclides</strong></span> <span class='ocrx_word' id='word_1_17' title='bbox 1018 802 1287 881; x_wconf 89' lang='lat' dir='ltr'><strong>Pont.</strong></span> <span class='ocrx_word' id='word_1_18' title='bbox 1340 803 1433 880; x_wconf 88' lang='lat' dir='ltr'><strong>de</strong></span> <span class='ocrx_word' id='word_1_19' title='bbox 1474 803 1625 883; x_wconf 87' lang='lat' dir='ltr'><strong>reb.</strong></span> <span class='ocrx_word' id='word_1_20' title='bbox 1666 802 1872 905; x_wconf 88' lang='lat' dir='ltr'><strong>publ.</strong></span> <span class='ocrx_word' id='word_1_21' title='bbox 1917 807 2042 901; x_wconf 80' lang='lat'><strong>25,</strong></span> <span class='ocrx_word' id='word_1_22' title='bbox 2082 805 2197 898; x_wconf 89' lang='grc'><strong>4.)</strong></span> 
     </span>
    </p>
   </div>
   <div class='ocr_carea' id='block_1_3' title="bbox 1507 1012 1930 1099">
    <p class='ocr_par' dir='ltr' id='par_1_3' title="bbox 1507 1012 1930 1099">
     <span class='ocr_line' id='line_1_4' title="bbox 1507 1012 1930 1099; baseline 0.005 -2"><span class='ocrx_word' id='word_1_23' title='bbox 1507 1012 1659 1097; x_wconf 76' lang='lat' dir='ltr'><strong>Ad</strong></span> <span class='ocrx_word' id='word_1_24' title='bbox 1718 1017 1930 1099; x_wconf 75' lang='lat'><strong>210.</strong></span> 
     </span>
    </p>
   </div>
   <div class='ocr_carea' id='block_1_4' title="bbox 312 1181 3102 2184">
    <p class='ocr_par' dir='ltr' id='par_1_4' title="bbox 317 1181 3102 1637">
     <span class='ocr_line' id='line_1_5' title="bbox 534 1181 3102 1288; baseline 0 -29"><span class='ocrx_word' id='word_1_25' title='bbox 534 1182 810 1261; x_wconf 89' lang='lat' dir='ltr'>Pollux</span> <span class='ocrx_word' id='word_1_26' title='bbox 847 1181 1054 1281; x_wconf 88' lang='lat' dir='ltr'>VIII,</span> <span class='ocrx_word' id='word_1_27' title='bbox 1098 1184 1243 1260; x_wconf 84' lang='lat'><strong>94:</strong></span> <span class='ocrx_word' id='word_1_28' title='bbox 1300 1184 1899 1288; x_wconf 86' lang='lat' dir='ltr'><strong>Nomophylaces</strong></span> <span class='ocrx_word' id='word_1_29' title='bbox 1956 1184 2192 1263; x_wconf 85' lang='lat' dir='ltr'><strong>fascia</strong></span> <span class='ocrx_word' id='word_1_30' title='bbox 2247 1186 2420 1263; x_wconf 87' lang='lat' dir='ltr'><strong>alba</strong></span> <span class='ocrx_word' id='word_1_31' title='bbox 2474 1194 2970 1278; x_wconf 79' lang='lat' dir='ltr'><strong>coronantur,</strong></span> <span class='ocrx_word' id='word_1_32' title='bbox 3031 1193 3102 1259; x_wconf 89' lang='lat' dir='ltr'><strong>et</strong></span> 
     </span>
     <span class='ocr_line' id='line_1_6' title="bbox 317 1306 3096 1414; baseline 0 -32"><span class='ocrx_word' id='word_1_33' title='bbox 317 1333 679 1409; x_wconf 82' lang='lat' dir='ltr'><strong>pompam</strong></span> <span class='ocrx_word' id='word_1_34' title='bbox 720 1311 927 1386; x_wconf 90' lang='lat' dir='ltr'><strong>Deae</strong></span> <span class='ocrx_word' id='word_1_35' title='bbox 984 1309 1311 1387; x_wconf 90' lang='lat' dir='ltr'><strong>mittunt.</strong></span> <span class='ocrx_word' id='word_1_36' title='bbox 1385 1306 1743 1389; x_wconf 87' lang='lat' dir='ltr'><strong>Assident</strong></span> <span class='ocrx_word' id='word_1_37' title='bbox 1794 1338 1976 1389; x_wconf 88' lang='lat' dir='ltr'><strong>vero</strong></span> <span class='ocrx_word' id='word_1_38' title='bbox 2035 1338 2209 1389; x_wconf 90' lang='lat' dir='ltr'><strong>cum</strong></span> <span class='ocrx_word' id='word_1_39' title='bbox 2262 1309 2732 1414; x_wconf 78' lang='lat' dir='ltr'>praesidibus</span> <span class='ocrx_word' id='word_1_40' title='bbox 2784 1307 2864 1384; x_wconf 88' lang='lat' dir='ltr'><strong>in</strong></span> <span class='ocrx_word' id='word_1_41' title='bbox 2921 1332 3096 1385; x_wconf 89' lang='lat' dir='ltr'><strong>con·</strong></span> 
     </span>
     <span class='ocr_line' id='line_1_7' title="bbox 317 1432 3094 1539; baseline 0.001 -32"><span class='ocrx_word' id='word_1_42' title='bbox 317 1433 533 1511; x_wconf 89' lang='lat' dir='ltr'><strong>cione</strong></span> <span class='ocrx_word' id='word_1_43' title='bbox 557 1490 575 1527; x_wconf 85' lang='lat'>,</span> <span class='ocrx_word' id='word_1_44' title='bbox 614 1434 976 1513; x_wconf 88' lang='lat' dir='ltr'><strong>nonnulla</strong></span> <span class='ocrx_word' id='word_1_45' title='bbox 1010 1434 1387 1535; x_wconf 83' lang='lat' dir='ltr'><strong>suffragiis</strong></span> <span class='ocrx_word' id='word_1_46' title='bbox 1426 1435 1725 1515; x_wconf 88' lang='lat' dir='ltr'><strong>decerni</strong></span> <span class='ocrx_word' id='word_1_47' title='bbox 1763 1436 2276 1539; x_wconf 86' lang='lat' dir='ltr'><strong>prohibentes,</strong></span> <span class='ocrx_word' id='word_1_48' title='bbox 2319 1461 2808 1537; x_wconf 85' lang='lat' dir='ltr'><strong>quaecunque</strong></span> <span class='ocrx_word' id='word_1_49' title='bbox 2845 1432 3094 1513; x_wconf 89' lang='lat' dir='ltr'><strong>minus</strong></span> 
     </span>
     <span class='ocr_line' id='line_1_8' title="bbox 317 1558 865 1637; baseline 0.002 -1"><span class='ocrx_word' id='word_1_50' title='bbox 317 1558 531 1637; x_wconf 82' lang='lat' dir='ltr'><strong>utilia</strong></span> <span class='ocrx_word' id='word_1_51' title='bbox 568 1559 865 1637; x_wconf 88' lang='lat' dir='ltr'><strong>fuerint.</strong></span> 
     </span>
    </p>

    <p class='ocr_par' dir='ltr' id='par_1_5' title="bbox 312 1699 3099 2184">
     <span class='ocr_line' id='line_1_9' title="bbox 536 1699 3089 1806; baseline 0.002 -29"><span class='ocrx_word' id='word_1_52' title='bbox 536 1700 805 1779; x_wconf 84' lang='lat' dir='ltr'><strong>Suidas</strong></span> <span class='ocrx_word' id='word_1_53' title='bbox 842 1730 899 1780; x_wconf 89' lang='lat' dir='ltr'><strong>s.</strong></span> <span class='ocrx_word' id='word_1_54' title='bbox 920 1730 991 1779; x_wconf 89' lang='lat' dir='ltr'><strong>v.</strong></span> <span class='ocrx_word' id='word_1_55' title='bbox 1032 1702 1105 1776; x_wconf 79' lang='grc' dir='ltr'><strong>οἱ</strong></span> <span class='ocrx_word' id='word_1_56' title='bbox 1144 1699 1732 1801; x_wconf 72' lang='grc' dir='ltr'><strong><em>νομοφύλακεςε</em></strong></span> <span class='ocrx_word' id='word_1_57' title='bbox 1772 1704 1922 1800; x_wconf 84' lang='lat' dir='ltr'><strong>Qui</strong></span> <span class='ocrx_word' id='word_1_58' title='bbox 1945 1704 2218 1783; x_wconf 87' lang='lat' dir='ltr'><strong>fuerint</strong></span> <span class='ocrx_word' id='word_1_59' title='bbox 2240 1704 2830 1806; x_wconf 84' lang='lat' dir='ltr'><strong>nomophylaces</strong></span> <span class='ocrx_word' id='word_1_60' title='bbox 2865 1726 3089 1805; x_wconf 74' lang='lat' dir='ltr'><strong>quae·</strong></span> 
     </span>
     <span class='ocr_line' id='line_1_10' title="bbox 315 1825 3092 1930; baseline 0.001 -29"><span class='ocrx_word' id='word_1_61' title='bbox 315 1825 529 1902; x_wconf 89' lang='lat' dir='ltr'><strong>ritur.</strong></span> <span class='ocrx_word' id='word_1_62' title='bbox 602 1827 961 1905; x_wconf 87' lang='lat' dir='ltr'><strong>Nonnulli</strong></span> <span class='ocrx_word' id='word_1_63' title='bbox 997 1840 1353 1930; x_wconf 91' lang='lat' dir='ltr'><strong>putarunt</strong></span> <span class='ocrx_word' id='word_1_64' title='bbox 1390 1830 1693 1909; x_wconf 84' lang='lat' dir='ltr'><strong>eosdem</strong></span> <span class='ocrx_word' id='word_1_65' title='bbox 1732 1852 1896 1909; x_wconf 80' lang='lat' dir='ltr'><strong>esse</strong></span> <span class='ocrx_word' id='word_1_66' title='bbox 1931 1856 2102 1907; x_wconf 88' lang='lat' dir='ltr'><strong>cum</strong></span> <span class='ocrx_word' id='word_1_67' title='bbox 2137 1829 2672 1908; x_wconf 88' lang='lat' dir='ltr'><strong>thesmothetis.</strong></span> <span class='ocrx_word' id='word_1_68' title='bbox 2751 1828 2902 1907; x_wconf 87' lang='lat' dir='ltr'><strong>Sed</strong></span> <span class='ocrx_word' id='word_1_69' title='bbox 2940 1856 3092 1905; x_wconf 92' lang='lat' dir='ltr'><strong>non</strong></span> 
     </span>
     <span class='ocr_line' id='line_1_11' title="bbox 312 1952 3099 2060; baseline 0.002 -33"><span class='ocrx_word' id='word_1_70' title='bbox 312 1952 425 2027; x_wconf 87' lang='lat' dir='ltr'><strong>ita</strong></span> <span class='ocrx_word' id='word_1_71' title='bbox 480 1964 613 2029; x_wconf 86' lang='lat' dir='ltr'><strong>est.</strong></span> <span class='ocrx_word' id='word_1_72' title='bbox 706 1955 902 2033; x_wconf 89' lang='lat' dir='ltr'><strong>Nam</strong></span> <span class='ocrx_word' id='word_1_73' title='bbox 958 1955 1497 2035; x_wconf 69' lang='lat' dir='ltr'><strong>thesmothetae</strong></span> <span class='ocrx_word' id='word_1_74' title='bbox 1575 1959 1820 2060; x_wconf 86' lang='lat' dir='ltr'><strong>patrio</strong></span> <span class='ocrx_word' id='word_1_75' title='bbox 1887 1959 2029 2037; x_wconf 88' lang='lat' dir='ltr'><strong>ritu</strong></span> <span class='ocrx_word' id='word_1_76' title='bbox 2097 1959 2432 2035; x_wconf 86' lang='lat' dir='ltr'><strong>coronati</strong></span> <span class='ocrx_word' id='word_1_77' title='bbox 2485 1957 2565 2033; x_wconf 88' lang='lat' dir='ltr'><strong>in</strong></span> <span class='ocrx_word' id='word_1_78' title='bbox 2622 1956 3099 2059; x_wconf 79' lang='lat' dir='ltr'><strong>Areopagum</strong></span> 
     </span>
     <span class='ocr_line' id='line_1_12' title="bbox 315 2078 3098 2184; baseline 0.001 -31"><span class='ocrx_word' id='word_1_79' title='bbox 315 2078 871 2178; x_wconf 82' lang='lat' dir='ltr'><strong>ascendebant3</strong></span> <span class='ocrx_word' id='word_1_80' title='bbox 944 2082 1528 2184; x_wconf 87' lang='lat' dir='ltr'><strong>nomophylaces</strong></span> <span class='ocrx_word' id='word_1_81' title='bbox 1590 2110 1769 2163; x_wconf 88' lang='lat' dir='ltr'><strong>vero</strong></span> <span class='ocrx_word' id='word_1_82' title='bbox 1828 2084 2075 2161; x_wconf 79' lang='lat' dir='ltr'><strong>fasciis</strong></span> <span class='ocrx_word' id='word_1_83' title='bbox 2131 2082 2319 2161; x_wconf 85' lang='lat' dir='ltr'><strong>albis</strong></span> <span class='ocrx_word' id='word_1_84' title='bbox 2377 2084 2820 2180; x_wconf 88' lang='lat' dir='ltr'><strong>utebantur,</strong></span> <span class='ocrx_word' id='word_1_85' title='bbox 2895 2093 2968 2160; x_wconf 89' lang='lat' dir='ltr'><strong>et</strong></span> <span class='ocrx_word' id='word_1_86' title='bbox 3023 2083 3098 2158; x_wconf 89' lang='lat' dir='ltr'><strong>in</strong></span> 
     </span>
    </p>
   </div>
   <div class='ocr_carea' id='block_1_5' title="bbox 314 2205 3098 2408">
    <p class='ocr_par' dir='ltr' id='par_1_6' title="bbox 314 2205 3098 2408">
     <span class='ocr_line' id='line_1_13' title="bbox 314 2205 3098 2308; baseline 0.003 -30"><span class='ocrx_word' id='word_1_87' title='bbox 314 2205 763 2303; x_wconf 76' lang='lat' dir='ltr'><strong>spectaculis</strong></span> <span class='ocrx_word' id='word_1_88' title='bbox 820 2234 860 2284; x_wconf 94' lang='lat' dir='ltr'><strong>e</strong></span> <span class='ocrx_word' id='word_1_89' title='bbox 916 2208 1226 2308; x_wconf 84' lang='lat' dir='ltr'><strong>regione</strong></span> <span class='ocrx_word' id='word_1_90' title='bbox 1298 2235 1572 2287; x_wconf 84' lang='lat' dir='ltr'><strong>novem</strong></span> <span class='ocrx_word' id='word_1_91' title='bbox 1644 2208 2084 2287; x_wconf 81' lang='lat' dir='ltr'><strong>archontum</strong></span> <span class='ocrx_word' id='word_1_92' title='bbox 2148 2209 2225 2285; x_wconf 90' lang='lat' dir='ltr'><strong>in</strong></span> <span class='ocrx_word' id='word_1_93' title='bbox 2281 2210 2484 2285; x_wconf 89' lang='lat' dir='ltr'><strong>sellis</strong></span> <span class='ocrx_word' id='word_1_94' title='bbox 2549 2206 2925 2285; x_wconf 88' lang='lat' dir='ltr'><strong>curulibus</strong></span> <span class='ocrx_word' id='word_1_95' title='bbox 2987 2234 3098 2285; x_wconf 89' lang='lat' dir='ltr'><strong>se·</strong></span> 
     </span>
     <span class='ocr_line' id='line_1_14' title="bbox 318 2326 625 2408; baseline 0.01 -6"><span class='ocrx_word' id='word_1_96' title='bbox 318 2326 625 2408; x_wconf 82' lang='lat' dir='ltr'><strong>debant.</strong></span> 
     </span>
    </p>
   </div>
   <div class='ocr_carea' id='block_1_6' title="bbox 538 2454 1924 2738">
    <p class='ocr_par' dir='ltr' id='par_1_7' title="bbox 538 2454 1924 2738">
     <span class='ocr_line' id='line_1_15' title="bbox 538 2454 1640 2563; baseline 0.005 -30"><span class='ocrx_word' id='word_1_97' title='bbox 538 2454 652 2533; x_wconf 82' lang='lat' dir='ltr'><strong>Of.</strong></span> <span class='ocrx_word' id='word_1_98' title='bbox 691 2454 966 2534; x_wconf 85' lang='lat' dir='ltr'><strong>Lexica</strong></span> <span class='ocrx_word' id='word_1_99' title='bbox 1002 2456 1305 2559; x_wconf 86' lang='lat' dir='ltr'><strong>Seguer.</strong></span> <span class='ocrx_word' id='word_1_100' title='bbox 1344 2488 1416 2563; x_wconf 91' lang='lat' dir='ltr'><strong>p.</strong></span> <span class='ocrx_word' id='word_1_101' title='bbox 1460 2460 1640 2539; x_wconf 82' lang='lat'><strong>283.</strong></span> 
     </span>
     <span class='ocr_line' id='line_1_16' title="bbox 1502 2654 1924 2738; baseline -0.005 0"><span class='ocrx_word' id='word_1_102' title='bbox 1502 2654 1654 2738; x_wconf 78' lang='lat' dir='ltr'><strong>Ad</strong></span> <span class='ocrx_word' id='word_1_103' title='bbox 1710 2656 1924 2738; x_wconf 78' lang='grc'><strong>217.</strong></span> 
     </span>
    </p>
   </div>
   <div class='ocr_carea' id='block_1_7' title="bbox 314 2812 3099 3651">
    <p class='ocr_par' dir='ltr' id='par_1_8' title="bbox 314 2812 3099 3651">
     <span class='ocr_line' id='line_1_17' title="bbox 536 2812 3096 2918; baseline -0.001 -24"><span class='ocrx_word' id='word_1_104' title='bbox 536 2812 798 2894; x_wconf 78' lang='lat' dir='ltr'><strong>cicero</strong></span> <span class='ocrx_word' id='word_1_105' title='bbox 831 2816 923 2894; x_wconf 91' lang='lat' dir='ltr'><strong>de</strong></span> <span class='ocrx_word' id='word_1_106' title='bbox 961 2818 1187 2917; x_wconf 86' lang='lat' dir='ltr'><strong>legib.</strong></span> <span class='ocrx_word' id='word_1_107' title='bbox 1230 2816 1301 2915; x_wconf 89' lang='grc'><strong>3,</strong></span> <span class='ocrx_word' id='word_1_108' title='bbox 1344 2820 1485 2895; x_wconf 83' lang='grc' dir='ltr'><strong>2οε</strong></span> <span class='ocrx_word' id='word_1_109' title='bbox 1544 2818 1885 2918; x_wconf 84' lang='lat' dir='ltr'><strong>„Legum</strong></span> <span class='ocrx_word' id='word_1_110' title='bbox 1923 2815 2338 2897; x_wconf 80' lang='lat' dir='ltr'><strong>custodiam</strong></span> <span class='ocrx_word' id='word_1_111' title='bbox 2375 2812 2656 2891; x_wconf 86' lang='lat' dir='ltr'><strong>nullam</strong></span> <span class='ocrx_word' id='word_1_112' title='bbox 2693 2812 3096 2891; x_wconf 86' lang='lat' dir='ltr'><strong>habemus:</strong></span> 
     </span>
     <span class='ocr_line' id='line_1_18' title="bbox 315 2937 3096 3047; baseline 0 -29"><span class='ocrx_word' id='word_1_113' title='bbox 315 2944 569 3044; x_wconf 87' lang='lat' dir='ltr'><strong>itaque</strong></span> <span class='ocrx_word' id='word_1_114' title='bbox 607 2943 747 3020; x_wconf 89' lang='lat' dir='ltr'><strong>hae</strong></span> <span class='ocrx_word' id='word_1_115' title='bbox 786 2942 991 3044; x_wconf 89' lang='lat' dir='ltr'><strong>leges</strong></span> <span class='ocrx_word' id='word_1_116' title='bbox 1027 2953 1239 3041; x_wconf 87' lang='lat' dir='ltr'><strong>sunt,</strong></span> <span class='ocrx_word' id='word_1_117' title='bbox 1301 2970 1483 3043; x_wconf 87' lang='lat' dir='ltr'><strong>quas</strong></span> <span class='ocrx_word' id='word_1_118' title='bbox 1523 2945 1990 3047; x_wconf 84' lang='lat' dir='ltr'><strong>apparitores</strong></span> <span class='ocrx_word' id='word_1_119' title='bbox 2048 2941 2280 3019; x_wconf 88' lang='lat' dir='ltr'><strong>nostri</strong></span> <span class='ocrx_word' id='word_1_120' title='bbox 2338 2939 2643 3017; x_wconf 84' lang='lat' dir='ltr'><strong>volunt:</strong></span> <span class='ocrx_word' id='word_1_121' title='bbox 2700 2965 2745 3015; x_wconf 89' lang='lat' dir='ltr'><strong>a</strong></span> <span class='ocrx_word' id='word_1_122' title='bbox 2777 2937 3096 3018; x_wconf 85' lang='lat' dir='ltr'><strong>librariis</strong></span> 
     </span>
     <span class='ocr_line' id='line_1_19' title="bbox 314 3063 3099 3172; baseline -0.001 -26"><span class='ocrx_word' id='word_1_123' title='bbox 314 3069 674 3172; x_wconf 86' lang='lat' dir='ltr'><strong>petimus:</strong></span> <span class='ocrx_word' id='word_1_124' title='bbox 730 3069 1049 3172; x_wconf 88' lang='lat' dir='ltr'><strong>publicis</strong></span> <span class='ocrx_word' id='word_1_125' title='bbox 1086 3068 1318 3146; x_wconf 86' lang='lat' dir='ltr'><strong>literis</strong></span> <span class='ocrx_word' id='word_1_126' title='bbox 1359 3071 1877 3170; x_wconf 87' lang='lat' dir='ltr'><strong>consignatam</strong></span> <span class='ocrx_word' id='word_1_127' title='bbox 1925 3067 2359 3144; x_wconf 85' lang='lat' dir='ltr'><strong>memoriam</strong></span> <span class='ocrx_word' id='word_1_128' title='bbox 2397 3063 2778 3168; x_wconf 85' lang='lat' dir='ltr'><strong>publicam</strong></span> <span class='ocrx_word' id='word_1_129' title='bbox 2816 3065 3099 3143; x_wconf 88' lang='lat' dir='ltr'><strong>nullam</strong></span> 
     </span>
     <span class='ocr_line' id='line_1_20' title="bbox 316 3185 3094 3298; baseline -0.001 -28"><span class='ocrx_word' id='word_1_130' title='bbox 316 3194 698 3273; x_wconf 86' lang='lat' dir='ltr'><strong>habemus.</strong></span> <span class='ocrx_word' id='word_1_131' title='bbox 775 3194 1049 3272; x_wconf 79' lang='lat' dir='ltr'><strong>Graeci</strong></span> <span class='ocrx_word' id='word_1_132' title='bbox 1088 3195 1229 3272; x_wconf 89' lang='lat' dir='ltr'><strong>hoc</strong></span> <span class='ocrx_word' id='word_1_133' title='bbox 1266 3195 1728 3297; x_wconf 86' lang='lat' dir='ltr'><strong>diligentius,</strong></span> <span class='ocrx_word' id='word_1_134' title='bbox 1784 3195 1987 3297; x_wconf 88' lang='lat' dir='ltr'><strong>apud</strong></span> <span class='ocrx_word' id='word_1_135' title='bbox 2025 3221 2214 3298; x_wconf 85' lang='lat' dir='ltr'><strong>quos</strong></span> <span class='ocrx_word' id='word_1_136' title='bbox 2257 3185 2801 3289; x_wconf 78' lang='grc' dir='ltr'><strong><em>νομοφύλακες</em></strong></span> <span class='ocrx_word' id='word_1_137' title='bbox 2838 3215 3094 3270; x_wconf 88' lang='lat' dir='ltr'><strong>crean-</strong></span> 
     </span>
     <span class='ocr_line' id='line_1_21' title="bbox 316 3318 3095 3424; baseline -0.002 -27"><span class='ocrx_word' id='word_1_138' title='bbox 316 3333 477 3398; x_wconf 90' lang='lat' dir='ltr'><strong>tur:</strong></span> <span class='ocrx_word' id='word_1_139' title='bbox 532 3346 671 3399; x_wconf 90' lang='lat' dir='ltr'><strong>nec</strong></span> <span class='ocrx_word' id='word_1_140' title='bbox 708 3321 759 3397; x_wconf 92' lang='lat' dir='ltr'><strong>ii</strong></span> <span class='ocrx_word' id='word_1_141' title='bbox 796 3321 1038 3398; x_wconf 91' lang='lat' dir='ltr'><strong>solum</strong></span> <span class='ocrx_word' id='word_1_142' title='bbox 1077 3323 1329 3400; x_wconf 84' lang='lat' dir='ltr'><strong>literas</strong></span> <span class='ocrx_word' id='word_1_143' title='bbox 1391 3326 1607 3417; x_wconf 86' lang='lat' dir='ltr'><strong>(nam</strong></span> <span class='ocrx_word' id='word_1_144' title='bbox 1644 3321 1717 3398; x_wconf 90' lang='lat' dir='ltr'><strong>id</strong></span> <span class='ocrx_word' id='word_1_145' title='bbox 1760 3323 2058 3424; x_wconf 90' lang='lat' dir='ltr'><strong>quidem</strong></span> <span class='ocrx_word' id='word_1_146' title='bbox 2097 3332 2170 3396; x_wconf 90' lang='lat' dir='ltr'><strong>et</strong></span> <span class='ocrx_word' id='word_1_147' title='bbox 2208 3318 2409 3422; x_wconf 87' lang='lat' dir='ltr'><strong>apud</strong></span> <span class='ocrx_word' id='word_1_148' title='bbox 2449 3319 2766 3396; x_wconf 89' lang='lat' dir='ltr'><strong>maiores</strong></span> <span class='ocrx_word' id='word_1_149' title='bbox 2800 3327 3095 3394; x_wconf 89' lang='lat' dir='ltr'><strong>nostros</strong></span> 
     </span>
     <span class='ocr_line' id='line_1_22' title="bbox 319 3444 3093 3545; baseline -0.002 -20"><span class='ocrx_word' id='word_1_150' title='bbox 319 3449 563 3543; x_wconf 85' lang='lat' dir='ltr'><strong>erat),</strong></span> <span class='ocrx_word' id='word_1_151' title='bbox 620 3445 752 3523; x_wconf 87' lang='lat' dir='ltr'><strong>sed</strong></span> <span class='ocrx_word' id='word_1_152' title='bbox 810 3447 1035 3524; x_wconf 86' lang='lat' dir='ltr'><strong>etiam</strong></span> <span class='ocrx_word' id='word_1_153' title='bbox 1090 3448 1293 3526; x_wconf 80' lang='lat' dir='ltr'><strong>facta</strong></span> <span class='ocrx_word' id='word_1_154' title='bbox 1330 3447 1717 3526; x_wconf 90' lang='lat' dir='ltr'><strong>hominum</strong></span> <span class='ocrx_word' id='word_1_155' title='bbox 1754 3446 2262 3524; x_wconf 86' lang='lat' dir='ltr'><strong>observabant</strong></span> <span class='ocrx_word' id='word_1_156' title='bbox 2281 3502 2300 3540; x_wconf 90' lang='lat'>,</span> <span class='ocrx_word' id='word_1_157' title='bbox 2349 3444 2448 3523; x_wconf 89' lang='lat' dir='ltr'><strong>ad</strong></span> <span class='ocrx_word' id='word_1_158' title='bbox 2485 3445 2842 3545; x_wconf 86' lang='lat' dir='ltr'><strong>legesque</strong></span> <span class='ocrx_word' id='word_1_159' title='bbox 2879 3469 3093 3521; x_wconf 87' lang='lat' dir='ltr'><strong>revo-</strong></span> 
     </span>
     <span class='ocr_line' id='line_1_23' title="bbox 320 3571 1858 3651; baseline -0.001 0"><span class='ocrx_word' id='word_1_160' title='bbox 320 3573 617 3651; x_wconf 83' lang='lat' dir='ltr'><strong>cabant.</strong></span> <span class='ocrx_word' id='word_1_161' title='bbox 692 3573 901 3651; x_wconf 88' lang='lat' dir='ltr'><strong>Haec</strong></span> <span class='ocrx_word' id='word_1_162' title='bbox 938 3571 1157 3650; x_wconf 83' lang='lat' dir='ltr'><strong>detur</strong></span> <span class='ocrx_word' id='word_1_163' title='bbox 1192 3597 1369 3650; x_wconf 88' lang='lat' dir='ltr'><strong>cura</strong></span> <span class='ocrx_word' id='word_1_164' title='bbox 1404 3573 1858 3651; x_wconf 84' lang='lat' dir='ltr'><strong>censoribus.</strong></span> 
     </span>
    </p>
   </div>
   <div class='ocr_carea' id='block_1_8' title="bbox 1498 3781 1921 3870">
    <p class='ocr_par' dir='ltr' id='par_1_9' title="bbox 1498 3781 1921 3870">
     <span class='ocr_line' id='line_1_24' title="bbox 1498 3781 1921 3870; baseline -0.005 0"><span class='ocrx_word' id='word_1_165' title='bbox 1498 3781 1650 3870; x_wconf 74' lang='lat' dir='ltr'><strong>Ad</strong></span> <span class='ocrx_word' id='word_1_166' title='bbox 1708 3787 1921 3870; x_wconf 78' lang='grc'><strong>219.</strong></span> 
     </span>
    </p>
   </div>
   <div class='ocr_carea' id='block_1_9' title="bbox 318 3945 3092 4424">
    <p class='ocr_par' dir='ltr' id='par_1_10' title="bbox 318 3945 3092 4424">
     <span class='ocr_line' id='line_1_25' title="bbox 533 3945 3092 4049; baseline -0.002 -22"><span class='ocrx_word' id='word_1_167' title='bbox 533 3951 803 4030; x_wconf 86' lang='lat' dir='ltr'><strong>Pollux</strong></span> <span class='ocrx_word' id='word_1_168' title='bbox 862 3949 1069 4048; x_wconf 90' lang='lat' dir='ltr'>VIII,</span> <span class='ocrx_word' id='word_1_169' title='bbox 1128 3953 1227 4027; x_wconf 84' lang='lat'><strong>99</strong></span> <span class='ocrx_word' id='word_1_170' title='bbox 1288 3977 1457 4030; x_wconf 92' lang='lat' dir='ltr'><strong>cum</strong></span> <span class='ocrx_word' id='word_1_171' title='bbox 1525 3952 2044 4030; x_wconf 86' lang='lat' dir='ltr'><strong>emendatione</strong></span> <span class='ocrx_word' id='word_1_172' title='bbox 2106 3949 2421 4028; x_wconf 69' lang='lat' dir='ltr'><strong>Bockhii</strong></span> <span class='ocrx_word' id='word_1_173' title='bbox 2497 3946 2823 4044; x_wconf 85' lang='lat' dir='ltr'><strong>(Oecon.</strong></span> <span class='ocrx_word' id='word_1_174' title='bbox 2883 3945 3092 4049; x_wconf 91' lang='lat' dir='ltr'><strong>publ.</strong></span> 
     </span>
     <span class='ocr_line' id='line_1_26' title="bbox 319 4066 3092 4180; baseline -0.005 -20"><span class='ocrx_word' id='word_1_175' title='bbox 319 4078 594 4160; x_wconf 85' lang='lat' dir='ltr'><strong>Athen.</strong></span> <span class='ocrx_word' id='word_1_176' title='bbox 633 4079 689 4158; x_wconf 95' lang='grc' dir='ltr'><strong>Ι.</strong></span> <span class='ocrx_word' id='word_1_177' title='bbox 728 4106 800 4180; x_wconf 88' lang='lat' dir='ltr'><strong>p.</strong></span> <span class='ocrx_word' id='word_1_178' title='bbox 843 4077 1079 4172; x_wconf 80' lang='lat'>271)=</span> <span class='ocrx_word' id='word_1_179' title='bbox 1143 4077 1237 4152; x_wconf 83' lang='grc' dir='ltr'><strong>Οἱ</strong></span> <span class='ocrx_word' id='word_1_180' title='bbox 1278 4072 1357 4150; x_wconf 79' lang='grc' dir='ltr'><strong>δὲ</strong></span> <span class='ocrx_word' id='word_1_181' title='bbox 1396 4066 1733 4152; x_wconf 64' lang='grc' dir='ltr'><strong><em>εὔθυμοι</em></strong></span> <span class='ocrx_word' id='word_1_182' title='bbox 1782 4067 1976 4166; x_wconf 76' lang='grc' dir='ltr'><em>ἦσαν</em></span> <span class='ocrx_word' id='word_1_183' title='bbox 2019 4069 2206 4150; x_wconf 79' lang='grc' dir='ltr'><em>δέκα</em></span> <span class='ocrx_word' id='word_1_184' title='bbox 2243 4075 2668 4172; x_wconf 77' lang='grc' dir='ltr'><strong><em>κληρωτοὶ,</em></strong></span> <span class='ocrx_word' id='word_1_185' title='bbox 2726 4076 2862 4148; x_wconf 79' lang='grc' dir='ltr'><strong>καὶ</strong></span> <span class='ocrx_word' id='word_1_186' title='bbox 2899 4069 3092 4147; x_wconf 83' lang='grc' dir='ltr'><strong><em>τού-</em></strong></span> 
     </span>
     <span class='ocr_line' id='line_1_27' title="bbox 319 4197 3090 4303; baseline -0.004 -16"><span class='ocrx_word' id='word_1_187' title='bbox 319 4232 475 4280; x_wconf 79' lang='grc' dir='ltr'><strong>των</strong></span> <span class='ocrx_word' id='word_1_188' title='bbox 512 4197 886 4303; x_wconf 82' lang='grc' dir='ltr'><strong><em>πάρεδροι.</em></strong></span> <span class='ocrx_word' id='word_1_189' title='bbox 968 4205 1419 4298; x_wconf 86' lang='lat' dir='ltr'><strong>(Exactores</strong></span> <span class='ocrx_word' id='word_1_190' title='bbox 1473 4217 1685 4284; x_wconf 87' lang='lat' dir='ltr'><strong>erant</strong></span> <span class='ocrx_word' id='word_1_191' title='bbox 1741 4203 1996 4282; x_wconf 89' lang='lat' dir='ltr'><strong>decem</strong></span> <span class='ocrx_word' id='word_1_192' title='bbox 2051 4215 2248 4280; x_wconf 87' lang='lat' dir='ltr'><strong>sorte</strong></span> <span class='ocrx_word' id='word_1_193' title='bbox 2308 4202 2480 4278; x_wconf 90' lang='lat' dir='ltr'><strong>lecti</strong></span> <span class='ocrx_word' id='word_1_194' title='bbox 2541 4211 2617 4278; x_wconf 90' lang='lat' dir='ltr'><strong>et</strong></span> <span class='ocrx_word' id='word_1_195' title='bbox 2669 4200 2936 4278; x_wconf 88' lang='lat' dir='ltr'><strong>horum</strong></span> <span class='ocrx_word' id='word_1_196' title='bbox 2975 4226 3090 4277; x_wconf 88' lang='lat' dir='ltr'><strong>as-</strong></span> 
     </span>
     <span class='ocr_line' id='line_1_28' title="bbox 318 4332 713 4424; baseline 0 -18"><span class='ocrx_word' id='word_1_197' title='bbox 318 4332 713 4424; x_wconf 87' lang='lat' dir='ltr'><strong>sessores.)</strong></span> 
     </span>
    </p>
   </div>
   <div class='ocr_carea' id='block_1_10' title="bbox 536 4453 2230 4559">
    <p class='ocr_par' dir='ltr' id='par_1_11' title="bbox 536 4453 2230 4559">
     <span class='ocr_line' id='line_1_29' title="bbox 536 4453 2230 4559; baseline -0.001 -25"><span class='ocrx_word' id='word_1_198' title='bbox 536 4455 653 4534; x_wconf 82' lang='lat' dir='ltr'><strong>Of.</strong></span> <span class='ocrx_word' id='word_1_199' title='bbox 688 4455 937 4536; x_wconf 83' lang='lat' dir='ltr'><strong>Schol.</strong></span> <span class='ocrx_word' id='word_1_200' title='bbox 974 4457 1054 4535; x_wconf 88' lang='lat' dir='ltr'><strong>in</strong></span> <span class='ocrx_word' id='word_1_201' title='bbox 1092 4458 1384 4536; x_wconf 84' lang='lat' dir='ltr'><strong>Platon.</strong></span> <span class='ocrx_word' id='word_1_202' title='bbox 1424 4484 1499 4559; x_wconf 92' lang='lat' dir='ltr'><strong>p.</strong></span> <span class='ocrx_word' id='word_1_203' title='bbox 1538 4456 1719 4534; x_wconf 84' lang='lat'><strong>459.</strong></span> <span class='ocrx_word' id='word_1_204' title='bbox 1756 4455 1870 4534; x_wconf 89' lang='lat' dir='ltr'><strong>ed.</strong></span> <span class='ocrx_word' id='word_1_205' title='bbox 1909 4453 2230 4534; x_wconf 84' lang='lat' dir='ltr'><strong>Bekker.</strong></span> 
     </span>
    </p>
   </div>
   <div class='ocr_carea' id='block_1_11' title="bbox 1493 4685 1918 4769">
    <p class='ocr_par' dir='ltr' id='par_1_12' title="bbox 1493 4685 1918 4769">
     <span class='ocr_line' id='line_1_30' title="bbox 1493 4685 1918 4769; baseline 0 0"><span class='ocrx_word' id='word_1_206' title='bbox 1493 4685 1645 4769; x_wconf 78' lang='lat' dir='ltr'><strong>Ad</strong></span> <span class='ocrx_word' id='word_1_207' title='bbox 1685 4687 1918 4769; x_wconf 90' lang='grc'><strong>222.</strong></span> 
     </span>
    </p>
   </div>
   <div class='ocr_carea' id='block_1_12' title="bbox 319 4847 3095 5204">
    <p class='ocr_par' dir='ltr' id='par_1_13' title="bbox 319 4847 3095 5204">
     <span class='ocr_line' id='line_1_31' title="bbox 536 4847 3089 4950; baseline -0.004 -20"><span class='ocrx_word' id='word_1_208' title='bbox 536 4851 703 4931; x_wconf 90' lang='lat' dir='ltr'><strong>Hoc</strong></span> <span class='ocrx_word' id='word_1_209' title='bbox 760 4852 947 4930; x_wconf 83' lang='lat' dir='ltr'><strong>forte</strong></span> <span class='ocrx_word' id='word_1_210' title='bbox 1000 4852 1257 4930; x_wconf 85' lang='lat' dir='ltr'><strong>seriori</strong></span> <span class='ocrx_word' id='word_1_211' title='bbox 1312 4862 1559 4930; x_wconf 87' lang='lat' dir='ltr'><strong>aetate</strong></span> <span class='ocrx_word' id='word_1_212' title='bbox 1614 4851 1960 4950; x_wconf 79' lang='lat' dir='ltr'><strong>valebat3</strong></span> <span class='ocrx_word' id='word_1_213' title='bbox 2013 4875 2190 4927; x_wconf 90' lang='lat' dir='ltr'><strong>nam</strong></span> <span class='ocrx_word' id='word_1_214' title='bbox 2246 4851 2328 4925; x_wconf 89' lang='lat' dir='ltr'><strong>in</strong></span> <span class='ocrx_word' id='word_1_215' title='bbox 2367 4847 2892 4926; x_wconf 87' lang='lat' dir='ltr'><strong>Demosthenis</strong></span> <span class='ocrx_word' id='word_1_216' title='bbox 2929 4869 3089 4920; x_wconf 85' lang='lat' dir='ltr'><strong>ora-</strong></span> 
     </span>
     <span class='ocr_line' id='line_1_32' title="bbox 319 4967 3092 5081; baseline -0.005 -26"><span class='ocrx_word' id='word_1_217' title='bbox 319 4980 523 5056; x_wconf 91' lang='lat' dir='ltr'><strong>tione</strong></span> <span class='ocrx_word' id='word_1_218' title='bbox 562 5006 697 5081; x_wconf 90' lang='lat' dir='ltr'><strong>pro</strong></span> <span class='ocrx_word' id='word_1_219' title='bbox 738 4977 1033 5055; x_wconf 82' lang='lat' dir='ltr'><strong>Corona</strong></span> <span class='ocrx_word' id='word_1_220' title='bbox 1072 4982 1183 5079; x_wconf 87' lang='lat' dir='ltr'><strong>(p.</strong></span> <span class='ocrx_word' id='word_1_221' title='bbox 1225 4978 1422 5071; x_wconf 84' lang='lat'>235)</span> <span class='ocrx_word' id='word_1_222' title='bbox 1480 4976 1659 5054; x_wconf 87' lang='lat' dir='ltr'><strong>dicit</strong></span> <span class='ocrx_word' id='word_1_223' title='bbox 1708 4977 2131 5054; x_wconf 86' lang='lat' dir='ltr'><strong>decretum:</strong></span> <span class='ocrx_word' id='word_1_224' title='bbox 2189 4967 2370 5056; x_wconf 79' lang='grc' dir='ltr'><strong>τούς</strong></span> <span class='ocrx_word' id='word_1_225' title='bbox 2397 4974 3092 5075; x_wconf 73' lang='grc' dir='ltr'><strong><em>χειροτονηθέντας</em></strong></span> 
     </span>
     <span class='ocr_line' id='line_1_33' title="bbox 323 5089 3095 5204; baseline -0.002 -27"><span class='ocrx_word' id='word_1_226' title='bbox 323 5105 742 5204; x_wconf 79' lang='grc' dir='ltr'><strong><em>(πρέσβεις)</em></strong></span> <span class='ocrx_word' id='word_1_227' title='bbox 782 5095 1203 5198; x_wconf 72' lang='grc' dir='ltr'><strong><em>ἀποδημεῖν</em></strong></span> <span class='ocrx_word' id='word_1_228' title='bbox 1231 5097 1620 5198; x_wconf 77' lang='grc' dir='ltr'><em>μηδεμίαν</em></span> <span class='ocrx_word' id='word_1_229' title='bbox 1656 5089 2108 5200; x_wconf 72' lang='grc' dir='ltr'><strong><em>ὑπερβολὴν</em></strong></span> <span class='ocrx_word' id='word_1_230' title='bbox 2155 5103 2682 5196; x_wconf 79' lang='grc' dir='ltr'><strong><em>ποιουμένους.</em></strong></span> <span class='ocrx_word' id='word_1_231' title='bbox 2765 5097 3095 5192; x_wconf 85' lang='lat' dir='ltr'><strong>(Delecti</strong></span> 
     </span>
    </p>
   </div>
   <div class='ocr_carea' id='block_1_13' title="bbox 321 5229 2672 5415">
    <p class='ocr_par' dir='ltr' id='par_1_14' title="bbox 321 5229 2672 5415">
     <span class='ocr_line' id='line_1_34' title="bbox 321 5229 2175 5332; baseline 0 -25"><span class='ocrx_word' id='word_1_232' title='bbox 321 5229 549 5332; x_wconf 89' lang='lat' dir='ltr'><strong>legati</strong></span> <span class='ocrx_word' id='word_1_233' title='bbox 586 5231 1149 5331; x_wconf 81' lang='lat' dir='ltr'><strong>proficiscantur</strong></span> <span class='ocrx_word' id='word_1_234' title='bbox 1182 5231 1390 5308; x_wconf 89' lang='lat' dir='ltr'><strong>nulla</strong></span> <span class='ocrx_word' id='word_1_235' title='bbox 1424 5255 1637 5310; x_wconf 88' lang='lat' dir='ltr'><strong>mora</strong></span> <span class='ocrx_word' id='word_1_236' title='bbox 1671 5229 2175 5331; x_wconf 88' lang='lat' dir='ltr'><strong>interposita.)</strong></span> 
     </span>
     <span class='ocr_line' id='line_1_35' title="bbox 2539 5349 2672 5415; baseline 0.008 -1"><span class='ocrx_word' id='word_1_237' title='bbox 2539 5349 2672 5415; x_wconf 70' lang='lat'><strong>29⁴*</strong></span> 
     </span>
    </p>
   </div>
  </div>
 </body>
</html>
