3725 5850
682 462 841 536 508
1513 486 2126 561 comm-Annus
2171 485 2274 535 An
2311 482 2438 538 7⁰1.
2475 483 2606 537 7⁰2.

677 678 1086 775 Neaeram,
1146 690 1228 755 ut
1268 680 1589 781 jubeant
1642 679 1890 777 leges,
1953 690 2024 754 et
2081 678 2358 754 liberos
2409 704 2546 777 pro
2585 676 3000 778 peregm‘nis
3041 674 3442 752 habendos.

679 800 813 879 Sin
850 826 976 880 eos
1014 831 1165 881 non
1204 832 1297 883 ex
1332 805 1514 897 ista,
1568 803 1697 881 sed
1754 830 1845 880 ex
1883 801 2028 879 alia
2063 803 2374 879 muliere
2415 803 2576 879 cive
2619 828 2778 879 esse
2820 802 3193 896 dicerent,
3255 799 3442 877 desi-

677 938 871 1006 stere
910 929 1111 1006 volui
1150 957 1197 1007 a
1232 930 1635 1008 certamine
1670 927 2044 1025 Neaerae,
2097 924 2172 1005 et
2207 931 2270 1005 si
2309 928 2486 1029 quid
2525 927 2964 1008 calamitatis
3003 926 3077 1001 in
3117 936 3438 1004 tormen·

674 1054 771 1130 tis
808 1056 1261 1134 mulierculis
1300 1056 1721 1152 accidisset,
1780 1080 2100 1158 pensare
2138 1055 2514 1133 damnum.

1842 1266 1994 1349 Ad
2061 1268 2269 1351 ⁷01.

886 1433 1395 1535 Lysias.cont.
1453 1431 1758 1532 Agorat.
1814 1461 1888 1536 p.
1931 1434 2085 1509 462
2144 1428 2212 1533 ξ.
2253 1432 2398 1511 2¹7:
2463 1426 2889 1522 Ἀθηναῖοι
2951 1420 3187 1518 ἦσαν,
3248 1420 3437 1500 ὥστε

676 1550 834 1629 οὐκ
868 1552 1252 1633 ἐδεδίεσαν
1286 1556 1886 1658 βασανισθῆναι.
1928 1562 2218 1656 (Quum
2255 1560 2364 1637 illi
2402 1560 2602 1636 cives
2651 1567 2901 1635 essent
2922 1553 3442 1648 Athenienses,

672 1693 1040 1760 tormenta
1072 1709 1227 1760 non
1264 1684 1918 1776 reformidabant.)

1844 1872 1997 1979 Aa
2047 1897 2274 1979 ⁷02.

576 2156 581 2161 ψ
886 2058 1034 2137 Alii
1088 2062 1597 2163 praetulerunt
1652 2064 2241 2167 explorationem
2297 2064 2756 2157 testimonie,
2815 2062 2936 2138 alii
2995 2069 3244 2137 autem
3303 2058 3444 2135 hoc

604 2166 609 2175 ¹
671 2183 798 2260 illi.
874 2185 997 2262 Sic
1032 2188 1419 2270 Demosth.
1458 2191 1515 2267 Ι.
1556 2189 1724 2266 adv,
1766 2189 2170 2268 Onetorem
2208 2217 2279 2291 p.
2321 2189 2514 2264 874:

885 2310 1043 2388 Vos
1080 2324 1155 2389 et
1190 2315 1539 2415 privatim
1579 2327 1654 2393 et
1691 2317 1990 2417 publice
2042 2317 2602 2417 quaestionibus
2642 2341 2780 2418 per
2815 2324 3190 2391 tormenta
3227 2311 3446 2388 factis

674 2464 1038 2514 summam
1075 2440 1302 2515 fidem
1338 2440 1665 2535 habetis,
1718 2454 1793 2519 et
1827 2469 2057 2544 quum
2090 2444 2286 2521 servi
2325 2452 2398 2520 et
2431 2442 2741 2541 ingenui
2781 2440 3094 2533 adsunt,
3153 2451 3226 2515 et
3263 2465 3446 2515 con-

673 2564 1037 2640 troversia
1074 2565 1521 2666 explicanda
1558 2577 1691 2661 est,
1750 2594 1906 2644 non
1943 2568 2231 2645 utimini
2267 2567 2708 2645 testimoniis
2746 2567 3270 2663 ingenuorum,
3315 2563 3446 2639 sed

674 2689 905 2765 servis
954 2690 1430 2789 torquendis,
1488 2692 1597 2767 sic
1651 2693 2038 2771 veritatem
2096 2694 2476 2796 exquirere
2535 2693 2867 2769 studetis.
2945 2692 3210 2789 Neque
3245 2691 3441 2791 inju-

671 2813 821 2911 ria,
858 2814 1173 2915 judices.
1249 2817 1442 2894 Nam
1477 2818 1775 2895 illorum
1816 2821 2118 2926 testi-um
2155 2820 2419 2921 aliqui,
2447 2821 2610 2924 jam
2645 2818 2832 2896 falsa
2867 2842 3028 2893 esse
3069 2814 3444 2892 testificati

672 2938 1118 3043 deprehensi
1154 2954 1365 3038 sunt3
1423 2944 1556 3021 sed
1612 2946 1879 3022 horum
1933 2947 2492 3048 quaestionibus
2532 2946 3040 3047 subjectorum
3079 2942 3271 3018 nulli
3311 2969 3446 3019 un-

672 3091 895 3167 quam
929 3068 1007 3144 in
1044 3071 1433 3148 tormentis
1470 3072 1829 3148 mendacii
1869 3073 2276 3175 quidquam
2314 3073 2588 3151 dixisse
2627 3070 2991 3172 comperti
3031 3079 3223 3146 sunt.

886 3211 1161 3289 Eadem
1198 3212 1427 3289 habet
1462 3215 1615 3290 fere
1654 3213 1744 3290 de
1802 3215 2030 3291 verbo
2089 3217 2184 3294 ad
2240 3216 2551 3292 verbum
2587 3217 2846 3292 Isaeus
2905 3213 2995 3307 (d
3017 3238 3056 3288 e
3115 3211 3176 3288 O
3198 3213 3221 3287 i
3246 3237 3353 3288 ro
3375 3237 3444 3288 n.

673 3335 991 3414 hered.
1030 3333 1322 3438 §.12):
1363 3338 1521 3416 Vos
1544 3397 1561 3434 ,
1588 3340 1877 3440 judices
1900 3399 1917 3434 ,
1960 3354 2032 3417 et
2068 3341 2367 3443 publice
2405 3351 2481 3417 et
2518 3341 2868 3444 privatim
2906 3337 3445 3438 quaesitionem

672 3462 1155 3538 certissimam
1193 3463 1485 3541 habetis
1522 3465 1694 3542 fidei
1752 3468 2412 3568 approbationem3
2469 3477 2544 3542 et
2579 3467 2654 3542 in
2694 3491 2918 3542 causa
2954 3465 3082 3540 ubi
3121 3491 3298 3540 cum
3333 3465 3441 3540 in·

672 3587 935 3684 gennis
974 3589 1171 3664 servi
1210 3615 1505 3689 quoque
1540 3591 2080 3685 interveniant,
2137 3592 2196 3669 si
2236 3593 2413 3694 quid
2461 3604 2858 3694 quaeratur
2883 3645 2906 3685 ,
2963 3591 3164 3689 quod
3203 3589 3364 3664 erui
3405 3615 3443 3665 e

672 3738 753 3789 re
792 3711 920 3806 sit,
977 3715 1417 3820 testimoniis
1452 3717 1946 3816 ingenuorum
1985 3717 2091 3792 nil
2128 3718 2457 3812 utimini,
2512 3718 2644 3793 sed
2683 3742 2819 3819 per
2859 3739 3248 3794 servorum
3285 3725 3439 3790 tor·

673 3849 927 3915 menta
963 3841 1337 3918 conanimi
1377 3867 1621 3918 rerum
1658 3842 2174 3920 certitudinem
2213 3845 2596 3945 expiscari.
2673 3845 2769 3919 Et
2804 3841 3070 3918 merito
3111 3838 3447 3940 quidem;

673 3989 851 4040 nam
902 3965 1097 4041 bene
1154 3968 1391 4044 nostis
1446 3969 1743 4045 testium
1801 3969 1999 4044 haud
2058 3995 2336 4069 paucos
2393 3969 2820 4046 testimonia
2896 3966 3167 4044 dixisse
3241 3965 3446 4040 visos

674 4089 899 4166 fuisse
958 4092 1353 4188 ementita,
1426 4118 1810 4170 servorum
1867 4105 2114 4169 autem
2166 4095 2554 4170 tormentis
2627 4094 3142 4193 subjectorum
3196 4089 3446 4165 nullus

675 4239 999 4315 unquam
1035 4217 1214 4313 fuit,
1269 4219 1395 4318 qui
1434 4219 1813 4296 convictus
1852 4232 2054 4298 esset
2086 4220 2278 4297 falsa
2313 4221 2452 4296 sub
2492 4220 2882 4296 tormentis
2923 4216 3258 4294 edidisse.

889 4339 1029 4417 An
1051 4343 1362 4419 axime
1384 4371 1457 4418 n.
1508 4343 1817 4419 Rheto
1840 4372 1898 4420 r.
1954 4344 2163 4440 XVI,
2212 4347 2294 4420 1:
2350 4345 2536 4421 Fide
2595 4345 2891 4444 dignior
2945 4355 3058 4420 est
3105 4341 3443 4444 quaestio

676 4469 1059 4544 tormentis
1098 4468 1300 4547 facta
1336 4471 1679 4578 testibus·
1744 4473 1942 4548 Nam
1977 4474 2291 4549 testibus
2328 4470 2622 4548 mentiri
2663 4469 3012 4547 conducit
3047 4492 3320 4568 saepe;
3357 4467 3444 4539 iis

677 4604 969 4689 autem,
1008 4593 1275 4694 quibus
1313 4597 1775 4697 quaestiones
1814 4598 2162 4675 admotae
2199 4601 2384 4694 sint,
2425 4598 2604 4674 utile
2645 4609 2758 4672 est
2791 4621 2968 4672 vera
3003 4593 3291 4691 dicere3
3339 4593 3444 4668 sic

678 4718 879 4794 enim
916 4721 1247 4798 cruciatu
1285 4723 1664 4799 celerrime
1700 4721 2133 4801 liberantur.

891 4842 1129 4922 Aliter
1166 4845 1556 4950 Antiphon
1595 4848 1680 4944 (d
1703 4875 1741 4925 e
1782 4875 1823 4925 c
1844 4877 1892 4925 a
1911 4876 1950 4926 e
1972 4849 2019 4924 d
2042 4875 2081 4925 e
2119 4849 2194 4927 H
2217 4876 2256 4925 e
2278 4876 2312 4924 r
2336 4874 2379 4922 o
2403 4847 2553 4924 dis
2601 4844 2668 4948 ξ.
2711 4847 3109 4938 31—32):
3167 4847 3436 4922 'Portu-

677 4996 803 5047 rae
838 4973 1169 5049 animum
1205 4975 1581 5051 attendite.
1652 4976 2018 5052 Nimirum
2053 4975 2242 5051 falso
2276 4974 2632 5051 indicavit
2667 5000 2787 5050 me
2827 4999 3120 5066 servus,
3161 4973 3279 5047 cui
3317 4971 3438 5046 vel

678 5098 1105 5176 libertatem
1140 5099 1217 5174 hi
1253 5101 1770 5202 promiserant,
1800 5103 1924 5177 vel
1961 5103 2079 5177 cui
2119 5127 2205 5177 eo
2246 5105 2467 5177 finem
2505 5101 2889 5175 tormentis
2929 5099 3171 5174 facere
3210 5095 3434 5185 licuit,

682 5226 801 5309 vel
838 5250 1062 5328 quem
1098 5238 1490 5330 utrumque
1547 5228 1951 5331 permovit,
2011 5229 2190 5303 dum
2228 5238 2300 5304 ct
2333 5226 2748 5304 libertatem
2791 5223 3146 5326 sperabat
3184 5234 3256 5298 et
3287 5231 3432 5297 tor-
