3725 5850
1105 469 1204 519 nu
1234 467 1709 520 nummus
1741 466 1841 519 Μ·
1876 467 2271 520 moranus,
2898 443 3053 520 343

1564 659 1788 736 1325.

500 783 628 862 Est
667 796 918 862 autem
953 787 1296 888 gennetis
1353 797 1428 864 et
1481 786 1963 887 phratoribus
2018 787 2178 882 lex,
2236 799 2319 864 ut
2356 787 2779 888 quicunque
2820 787 3056 864 filium

322 912 621 1005 inducat,
680 913 742 988 is
797 937 935 1013 per
989 939 1200 988 sacra
1242 914 1450 1013 juret
1501 914 1712 987 illum
1751 938 1796 986 a
1832 938 1911 986 se
1952 913 2187 987 filium
2224 913 2473 988 induci
2514 924 2771 990 natum
2810 939 2851 988 e
2890 914 3053 990 cive

319 1039 584 1116 muliere
624 1047 700 1112 et
733 1038 1065 1135 legitimo
1104 1038 1366 1116 modo:
1425 1064 1612 1140 quae
1651 1039 1947 1114 tametsi
1996 1049 2209 1139 pater
2243 1038 2607 1114 inducens
2647 1039 2902 1138 egerit,
2942 1037 3050 1112 illi

319 1161 762 1239 nihilominus
821 1189 1075 1238 omnes
1128 1165 1208 1238 in
1265 1163 1620 1262 suffragia
1676 1174 1897 1257 eunt,
1959 1173 2034 1239 et
2087 1163 2252 1253 ubi,
2314 1164 2439 1264 qui
2493 1161 2843 1245 inductus
2906 1173 3054 1254 est,

321 1287 474 1390 ipsis
513 1288 712 1363 visus
752 1285 974 1364 fuerit
1011 1287 1515 1364 admittendus
1555 1313 1758 1385 esse,
1817 1299 1978 1364 tum
2017 1287 2353 1384 demum,
2407 1315 2651 1389 neque
2692 1290 2937 1384 citiuS,
2977 1289 3056 1362 in

323 1439 676 1490 commune
715 1415 972 1490 album
1007 1413 1450 1490 inscribitur.
1565 1523 1770 1598 ¹326

503 1647 632 1731 Εἰς
670 1641 854 1730 τούς
893 1641 1279 1744 φράτορας
1314 1641 1495 1732 τούς
1531 1676 1610 1720 τε
1648 1642 1935 1746 κόρους
1988 1651 2127 1720 καὶ
2181 1644 2316 1736 τὰς
2353 1643 2589 1750 κόρας
2626 1644 2982 1754 εἰσάγειν.

2025 1776 2333 1868 (Pollux
2373 1775 2581 1872 VIII,
2627 1777 2842 1871 107.)
2964 1768 2974 1778 ⁸

1565 1881 1792 1959 1326.

504 2009 593 2084 In
628 2006 1021 2112 phratores
1061 2019 1135 2083 ct
1173 2007 1385 2108 pueri
1426 2016 1498 2084 et
1536 2009 1834 2109 puellae
1872 2008 2457 2086 introducantur.

1568 2189 1794 2266 1327.
2742 2271 2763 2288 ,

513 2315 1190 2415 Παραγγέλλουσιν
1231 2312 1303 2386 οἱ
1344 2309 1572 2410 νόμοι
1610 2308 1717 2410 τῷ
1759 2315 1981 2408 πατρὶ
2021 2307 2166 2388 τὸν
2204 2309 2380 2388 υἱὸν
2418 2319 2502 2388 ἐν
2529 2312 2874 2411 μουσικῇ
2912 2318 3051 2388 καὶ

309 2436 771 2540 γυμναστικῇ
814 2435 1220 2514 παιδεύειν.
1577 2546 1781 2622 1327
1896 2441 2235 2532 (Platon.
2276 2438 2501 2518 Crito.
2547 2444 2669 2536 50,
2708 2444 2844 2535 D.)

511 2675 750 2773 Leges
775 2675 1073 2776 jubent,
1109 2683 1192 2749 ut
1212 2684 1427 2774 pater
1448 2661 1681 2752 filium
1701 2674 1780 2750 in
1817 2673 2101 2752 musica
2139 2686 2213 2752 et
2252 2677 2720 2776 gymnastica
2749 2677 3057 2754 erudiat.

1559 2836 1786 2913 1328.

515 2956 873 3059 Τοῦςμὲν
913 2952 1460 3059 ὑποδεέστερον
1499 2956 1969 3059 πράττοντας
2006 2964 2131 3036 ἐπὶ
2166 2958 2303 3049 τάς
2340 2966 2708 3066 γεωργίας
2744 2969 2885 3039 καὶ
2923 2962 3058 3051 τοὶς

319 3092 658 3185 ἐμπορίας
691 3092 1026 3187 τρέπειν,
1085 3082 1268 3172 τούς
1325 3083 1402 3161 δὲ
1438 3088 1626 3185 βίον
1662 3082 1948 3163 ἱκανὸν
1986 3094 2504 3184 κεκτημένους
2542 3095 2709 3188 περὶ
2748 3089 2890 3181 τῆν
2927 3093 3058 3165 ἱπ-

320 3210 536 3303 πικὴν
589 3218 727 3288 καὶ
783 3210 875 3287 τά
936 3209 1324 3316 γυμνάσια
1378 3218 1516 3285 καί
1573 3208 1666 3286 τά
1723 3218 2141 3316 κυνηγέσια
2201 3218 2341 3288 καὶ
2396 3211 2540 3305 τήν
2574 3220 3060 3311 φιλοσοφίαν

322 3335 738 3439 διατρίβειν.
1506 3343 1850 3434 (Isocrat.
1890 3342 2314 3444 Areopagit.
2356 3340 2423 3444 ξ.
2468 3346 2845 3439 44--45.)

1558 3504 1596 3577 1
1611 3504 1786 3581 328.

508 3628 920 3705 Tenuiores
976 3627 1068 3703 ad
1123 3628 1646 3728 agriculturam
1697 3642 1773 3706 et
1809 3629 2356 3730 negotiationes
2396 3631 2894 3731 deducantur3
2950 3634 3057 3715 lo-

320 3754 629 3853 cupletes
669 3765 923 3831 autem
957 3754 1281 3829 animum
1319 3754 1412 3829 ad
1451 3780 1606 3831 rem
1649 3764 2101 3855 equestrem,
2162 3757 2257 3833 ad
2309 3760 2740 3859 gymnasia,
2797 3762 2893 3839 ad
2933 3791 3056 3840 ve-

319 3879 632 3955 nationes
671 3890 748 3955 et
781 3878 1330 3981 philosophiam
1366 3880 1806 3981 adjungant.

1573 4040 1796 4116 1329.

515 4156 692 4259 Οὐχ
729 4186 1057 4252 απασιν,
1118 4155 1300 4237 οὐδὲ
1358 4158 1646 4250 πάντας
1702 4166 1906 4263 υἱέας
1962 4160 2144 4243 οὐδὲ
2202 4158 2476 4254 ὁσάκις
2532 4162 2635 4243 ὅῖν
2691 4174 3059 4249 ἐθέλωσιν

320 4286 385 4361 οἱ
437 4293 728 4388 πατέρες
787 4284 1342 4387 ἀποκηρύττειν
1397 4300 1937 4391 συγχωρεῖται,
1998 4288 2172 4366 οὐδ’
2229 4296 2349 4367 ἐπὶ
2405 4290 2676 4383 πάσαις
2733 4300 3055 4389 αἰτίαις,

318 4403 408 4497 ὦς
435 4406 531 4509 μή
573 4417 645 4490 οἱ
688 4412 945 4500 παῖδες
984 4410 1274 4501 ἀδίκως
1311 4412 1545 4490 τοῦτο
1579 4412 1967 4511 πάσχωσι·
2025 4422 2162 4492 καὶ
2202 4414 2326 4492 διά
2386 4418 2623 4495 τοῦτο
2673 4419 2781 4518 μή
2841 4429 3057 4501 ἐλευ-

322 4542 539 4635 θέραν
573 4544 986 4645 γίγνεσθαι
1016 4538 1194 4638 μηδ’
1235 4534 1562 4639 ἄκριτον
1596 4537 1738 4631 τήν
1771 4546 2188 4640 τιμωρίαν,
2248 4539 2415 4619 ἀλλ’
2454 4551 2526 4633 ἐς
2563 4542 3058 4648 δικαστήριον

321 4668 566 4740 καλεῖν
601 4671 742 4741 καὶ
782 4661 1250 4765 δοκιμαστὰς
1286 4668 1656 4759 καθίζειν
1687 4664 1873 4753 τούς
1900 4666 2093 4767 μήτε
2130 4666 2318 4769 πρὸς
2354 4666 2595 4775 ὀργὴν
2630 4671 2819 4771 μήτε
2852 4672 3057 4780 ζπρὸς

321 4786 678 4889 διαβολὴν
713 4788 803 4867 τὸ
842 4789 1158 4868 δίκαιον
1193 4791 1680 4891 κρινοῦντας.
1958 4795 2305 4889 (Lucian.
2347 4796 2687 4879 Abdicat.
2727 4802 2842 4894 8.)

1565 4958 1794 5035 1329.

517 5080 688 5162 Non
741 5082 1086 5161 omnibus
1108 5140 1128 5181 ,
1187 5108 1428 5185 neque
1487 5110 1744 5159 omnes
1801 5082 2032 5180 filios,
2088 5109 2331 5187 neque
2377 5086 2665 5187 quoties
2703 5084 3054 5191 paren-tes

325 5206 716 5307 voluerint,
774 5209 1122 5287 abdicare
1161 5209 1630 5320 conceditur‚'
1675 5233 1772 5286 ne
1811 5208 1943 5287 filii
1977 5210 2252 5312 injuste
2288 5212 2433 5288 hoc
2470 5214 2868 5316 patiantur.
2942 5214 3055 5335 Ac
