3725 5850
636 430 791 509 612
1348 401 1975 508 consummatus
2014 451 2123 504 An
2161 447 2318 504 1392.
2358 447 2518 505 1393.
2558 413 2718 508 1³9⁵.

636 657 787 743 est,
847 671 1020 722 nam
1079 656 1153 724 et
1209 646 1392 724 haec
1448 648 1691 747 neptis
1748 644 1914 724 loco
1954 655 2106 741 est3
2164 643 2294 721 sed
2329 645 2436 721 ita
2472 643 2774 720 demum
2812 643 2952 720 erit
2984 666 3121 718 sua
3159 639 3414 734 heres,

632 774 695 850 si
734 771 968 866 filius,
1009 771 1222 875 cujus
1259 773 1336 848 in
1373 798 1601 849 manu
1640 772 1815 866 fuit,
1877 796 2045 847 cum
2084 780 2299 872 pater
2336 769 2688 865 moritur,
2728 769 2808 844 in
2845 777 3212 868 potestate
3251 767 3416 867 ejus

630 923 785 973 non
823 897 937 975 sit.
1016 899 1349 976 Postumi
1388 924 1723 1001 quoque,
1763 897 1888 999 qui
1912 957 1930 994 ,
1971 896 2032 972 si
2070 896 2247 972 vivo
2287 907 2597 998 parente
2635 895 2790 970 nati
2832 906 3119 991 essent,
3157 895 3233 968 in
3274 919 3406 994 po-

628 1029 897 1099 testate
936 1023 1096 1125 ejus
1132 1024 1361 1101 futuri
1410 1023 1692 1118 forent,
1752 1023 1861 1098 sui
1919 1019 2230 1098 heredes
2287 1032 2481 1098 sunt.
2523 1079 2540 1097 .
2581 1079 2598 1097 .
2639 1078 2656 1096 .
2697 1019 2889 1096 Cum
2931 1018 3120 1096 filius
3159 1019 3409 1095 filiave

482 1235 491 1243 .
629 1156 705 1223 et
741 1174 836 1225 ex
870 1148 1108 1227 altero
1148 1150 1300 1225 filio
1336 1160 1651 1250 nepotes
1689 1157 2048 1248 neptesve
2107 1156 2402 1238 extant,
2464 1146 2744 1247 pariter
2781 1144 2877 1222 ad
2921 1141 3410 1222 hereditatem

629 1285 1031 1368 vocantur,
1088 1300 1264 1351 nec
1338 1274 1500 1374 qui
1572 1271 1882 1371 gradu
1956 1271 2508 1372 proximior
2564 1282 2745 1364 est,
2824 1269 3406 1348 alteriorem

629 1398 1098 1477 excludit.
1138 1457 1155 1474 .
1198 1457 1213 1475 .
1254 1456 1270 1474 .
1312 1399 1486 1475 Pari
1543 1398 1829 1475 ratione
1889 1408 1965 1472 et
2021 1397 2081 1472 si
2121 1421 2361 1497 nepos
2419 1397 2762 1498 neptisve
2812 1397 2910 1472 sit
2965 1422 3008 1472 c
3065 1394 3216 1472 filio
3254 1405 3331 1472 et
3367 1419 3408 1468 e

628 1533 901 1627 nepote
939 1547 1315 1626 pronepos
1355 1523 1884 1626 proneptisve‚
1943 1521 2160 1598 simul
2200 1547 2457 1597 omnes
2495 1533 2860 1600 vocantur
2897 1522 2994 1599 ad
3033 1520 3406 1599 heredita-

626 1659 797 1726 tem.
836 1707 853 1724 .
892 1707 909 1726 .
952 1707 967 1726 .
1009 1651 1106 1726 Et
1142 1649 1601 1726 conveniens
1639 1674 1802 1724 esse
1843 1648 2085 1723 visum
2124 1656 2279 1742 est,
2320 1672 2473 1723 non
2513 1648 2588 1722 in
2627 1649 2914 1748 capita,
2952 1647 3082 1725 sed
3120 1649 3196 1723 in
3234 1649 3406 1725 stir-

626 1799 761 1876 pes
798 1774 1287 1853 hereditatem
1326 1773 1593 1868 dividi,
1657 1774 1761 1849 ita
1817 1785 1901 1849 ut
1941 1773 2134 1848 filius
2174 1783 2466 1874 partem
2527 1772 2909 1851 dimidiam
2970 1773 3409 1852 hereditatis

624 1897 817 1977 ferat
853 1913 1037 1979 etex
1075 1898 1309 1976 altero
1348 1897 1502 1974 filio
1541 1898 1691 1975 duo
1731 1897 2082 1997 pluresve
2120 1910 2432 2000 nepotes
2471 1899 2781 1976 alteram
2821 1897 3221 1979 dimidiam.
3264 1957 3278 1974 .
3326 1958 3344 1974 .
3387 1959 3402 1977 .

626 2023 707 2101 Si
745 2025 992 2101 nullus
1030 2027 1125 2101 sit
1160 2051 1465 2102 suorum
1502 2022 1900 2117 heredum,
1961 2035 2138 2098 tunc
2193 2023 2568 2102 hereditas
2625 2023 2948 2126 pertinet
3005 2051 3096 2103 ex
3137 2024 3402 2102 eadem

623 2148 791 2248 lege
847 2149 1015 2227 XII.
1052 2150 1471 2228 tabularum
1528 2147 1623 2223 ad
1679 2146 2066 2246 adgnatos.
2107 2206 2121 2222 .
2165 2205 2179 2222 .
2220 2205 2235 2221 .
2279 2149 2449 2225 Non
2509 2160 2762 2227 tamen
2801 2150 3147 2227 omnibus
3186 2150 3406 2227 simul

623 2278 918 2374 agnatis
974 2273 1100 2350 dat
1154 2276 1277 2351 lex
1333 2275 1505 2352 XII.
1546 2272 1971 2349 tabularum
2033 2269 2568 2371 hereditatem,
2625 2275 2758 2352 sed
2797 2275 2954 2372 his,
3018 2277 3146 2376 qui
3183 2288 3403 2373 tunc,

502 2455 507 2463 .
621 2424 791 2474 cum
828 2410 1115 2475 certum
1153 2413 1266 2478 est
1304 2399 1621 2500 aliquem
1656 2399 2008 2476 intestato
2046 2398 2491 2508 decessisse,
2544 2402 2884 2503 proximo
2924 2402 3165 2499 gradu
3204 2414 3402 2478 sunt.

625 2521 1798 2626 (Gajilnstit.111,1--11.)

1774 2732 1929 2816 aa
1970 2735 2258 2818 lass.

836 2919 1187 3001 Suidas
1242 2950 1299 2999 s.
1339 2950 1410 3000 v.
1457 2913 1972 2996 Ἀνεπίδικα.·
2029 2921 2107 2998 Si
2165 2924 2290 3022 qui
2347 2925 2507 3001 sine
2565 2935 3008 3002 testamento
3063 2924 3398 3001 decesse-

619 3058 826 3140 rant,
865 3072 1119 3125 eorum
1157 3047 1645 3126 hereditatem
1683 3048 1854 3146 lege
1913 3047 2055 3124 sibi
2106 3047 2486 3125 vindicare
2528 3060 2876 3151 poterant
2910 3075 3187 3149 genere
3229 3076 3398 3151 pro-

619 3172 817 3249 ximi.
857 3173 1366 3276 Quaecunque
1403 3185 1654 3251 tamen
1694 3174 1857 3273 quis
1895 3185 1978 3249 ut
2017 3174 2212 3250 filius
2243 3184 2373 3251 aut
2410 3202 2649 3277 nepos
2689 3176 3012 3253 defuncti
3051 3175 3192 3253 sibi
3233 3176 3396 3251 vin-

618 3296 950 3394 dicabat,
994 3326 1084 3377 ea
1120 3297 1587 3378 vocabantur
1623 3284 2040 3371 ἀνἐπίδικα
2082 3299 2782 3395 (incontestabilia).

832 3443 999 3521 Ide
1021 3472 1096 3521 m
1152 3472 1208 3521 s.
1249 3474 1318 3521 v.
1378 3438 1693 3518 ἐπίδικα
1717 3472 1740 3513 .·
1797 3444 2011 3539 Quae
2065 3445 2229 3546 quis
2267 3447 2410 3522 sibi
2447 3445 2878 3524 vindicabat
2915 3456 3223 3550 propter
3259 3472 3386 3545 ge-

618 3567 817 3645 neris
855 3570 1528 3672 propinguitatem,
1585 3571 1647 3645 si
1686 3568 2080 3646 defunctus
2117 3597 2258 3646 nec
2299 3568 2463 3647 filiis
2503 3598 2642 3647 nec
2680 3573 3080 3674 nepotibus
3117 3574 3392 3650 relictis

618 3719 755 3771 nec
792 3704 1237 3771 testamento
1294 3694 1592 3772 condito
1650 3692 2124 3788 decessisset,
2185 3721 2274 3771 ea
2321 3697 2785 3774 vocabantur
2821 3692 3135 3771 ἐπίδικοι
3175 3701 3390 3791 (con-

618 3818 1049 3915 testabilia).

829 3963 1276 4067 Hujusmodi
1334 3961 1778 4065 disceptatio
1826 3961 2234 4039 vocabatur
2271 3956 2784 4063 ἀμφισβητεῖν
2820 3977 2894 4043 et
2932 3992 3384 4065 παρακατα-

614 4084 977 4187 βάλλειν,
1034 4104 1117 4168 ut
1154 4091 1427 4168 docent
1465 4090 1962 4191 Harpocratio
2001 4098 2076 4165 et
2111 4088 2383 4167 Suidas
2421 4092 2560 4169 sub
2601 4091 2713 4170 his
2755 4092 3042 4191 verbis,
3102 4104 3177 4173 et
3215 4092 3384 4171 Pol-

616 4212 745 4293 lux
781 4214 994 4314 vm,
1031 4218 1157 4294 32.

1763 4356 1917 4441 Δᾱ
1959 4358 2247 4441 1³05.

830 4538 1307 4645 Aristophan.
1369 4541 1573 4619 Aves
1633 4542 2200 4620 1649—1650:
2258 4540 2414 4616 τῶν
2469 4538 2844 4642 πατρῴων
2901 4538 3073 4617 οὐδ’
3129 4538 3386 4644 ἀκαρῆ

604 4666 907 4764 μέτεστί
947 4691 1066 4741 σοι
1106 4662 1310 4740 κατὰ
1350 4664 1533 4751 τοῦς
1572 4663 1857 4765 νόμους
1880 4695 1895 4710 ·
1957 4664 2203 4754 νόθος
2240 4663 2388 4771 γὰρ
2425 4664 2496 4742 εἶ
2529 4665 2682 4744 κού
2721 4667 3046 4773 γνήσιος.
3105 4672 3214 4768 (Ε
3251 4675 3378 4750 bo.

614 4796 731 4873 nis
766 4796 1097 4898 paternis
1135 4820 1228 4870 ne
1268 4794 1499 4871 hilum
1522 4793 1816 4896 quidem
1854 4796 1991 4873 tibi
2031 4796 2342 4873 obvenit
2376 4796 2786 4873 secundum
2822 4798 3064 4897 leges:
3102 4799 3384 4901 quippe

612 4922 885 5000 nothus
923 4947 1042 5016 es,
1103 4944 1258 4995 non
1294 4922 1731 5019 genuinus.)

694 5081 701 5088 '
824 5064 1207 5141 Demosth.
1264 5063 1429 5140 adV.
1498 5064 1799 5141 Macart.
1879 5064 2126 5140 1067:
2221 5058 2466 5165 Νόθῳ
2509 5062 2702 5168 μηδὲ
2760 5063 2964 5165 νόθῃ
3012 5063 3123 5167 μὴ
3182 5064 3376 5144 εἶναι

610 5180 1061 5293 ἀγχιστείαν
1086 5184 1281 5290 μήθ’
1313 5178 1555 5266 ὁσίων
1591 5184 1725 5264 ἀπ’
1746 5186 2186 5267 Εὐκλείδου
2229 5183 2629 5293 ἄρχοντος.
2691 5194 3002 5301 (Ιριιτὶο
3041 5208 3169 5275 aut
3205 5224 3375 5301 spu-
