3725 5850
647 473 803 556 276
1746 492 1870 557 sos
1904 494 2326 559 mmmmm.

644 686 687 769 ὃ
728 690 1242 795 ἀδικούμενος
1266 718 1281 734 ·
1339 692 1451 794 τῷ
1489 692 1568 770 δὲ
1608 692 1982 801 φεύγοντι
2029 688 2372 798 &diac
2431 690 2548 769 δεῖ
2580 688 2780 770 εἶναι
2817 694 3225 793 τιμωρίας,
3293 684 3437 765 ἐὰν

642 813 855 919 ἁλῷ,
912 825 1049 895 καὶ
1090 817 1287 916 δοκῇ
1328 826 1491 905 τοῖς
1528 816 1884 909 δικαςαῐς
1918 813 2012 893 τὰ
2053 815 2300 919 ψευδῆ
2332 822 3020 919 μεμαρτυρηκέναι.

2031 929 2457 1023 (Demosth.
2497 930 2580 1007 in
2614 930 2885 1029 Everg.
2931 925 3205 1021 1139.)

1924 1072 2154 1149 11⁰2.

852 1181 1057 1258 Falsi
1099 1182 1503 1260 testimonii
1540 1181 1733 1259 actio
1774 1182 1906 1258 fiat
1943 1191 2115 1285 post
2136 1178 2504 1283 judicium
2533 1238 2552 1276 ‚
2609 1193 2736 1275 ut,
2793 1182 2858 1258 si
2895 1180 3060 1282 quis
3095 1178 3427 1256 testibus

638 1306 1129 1384 mendacibus
1168 1306 1549 1411 productis
1588 1315 1718 1382 aut
1754 1303 2411 1409 provocationibus
2467 1332 2622 1382 non
2661 1305 2881 1383 factis
2917 1316 3046 1386 aut
3081 1304 3420 1383 testimo-

637 1434 781 1511 niis
837 1445 1099 1509 contra
1152 1433 1399 1531 legem
1456 1430 1673 1507 dietis
1719 1428 2012 1530 judices
2069 1426 2496 1536 deceperit,
2547 1427 2732 1507 nihil
2789 1456 2879 1508 ea
2913 1455 2991 1507 re
3032 1428 3418 1533 proficiat,

638 1556 769 1633 sed
810 1566 897 1632 ut
928 1556 1013 1653 is,
1052 1556 1170 1632 cui
1210 1557 1415 1633 facta
1453 1568 1567 1633 est
1602 1554 1906 1656 injuria,
1947 1580 2178 1657 quum
2213 1566 2474 1632 contra
2509 1556 2934 1633 testimonia
2971 1554 3434 1658 exceptione·

638 1681 1080 1786 internosita
1116 1676 1210 1756 ad
1240 1680 1529 1783 judices
1578 1678 1958 1778 ingressus
2017 1680 2424 1757 ostenderit
2479 1688 2708 1758 testes
2745 1678 2838 1755 de
2879 1705 2957 1757 re
2997 1677 3269 1758 falsum
3304 1678 3418 1756 di-

640 1808 836 1884 xisse
860 1866 877 1901 ‚
936 1818 1093 1882 tum
1130 1804 1225 1882 ab
1262 1804 1353 1883 iis
1390 1831 1676 1907 poenas
1716 1816 2001 1899 sumat,
2057 1815 2212 1886 tum
2249 1805 2486 1902 illius,
2549 1831 2596 1880 a
2633 1831 2781 1905 quo
2821 1805 3160 1909 producti
3199 1814 3414 1900 sunt,

636 1932 871 2009 malas
909 1944 1106 2011 artes
1142 1931 1558 2012 ulciscatur.
1634 1930 2053 2033 Propterea
2087 1932 2330 2010 minor
2387 1932 2799 2011 accusatori
2822 1989 2839 2024 ‚
2897 1931 2962 2009 si
2999 1930 3410 2012 succubue-

640 2060 775 2155 rit,
832 2059 1114 2137 mulcta
1148 2069 1431 2139 statuta
1466 2069 1619 2155 est,
1678 2082 1771 2135 ne
1812 2056 2356 2157 magnitudine
2380 2057 2901 2136 deterreantur
2938 2054 3121 2138 laesi
3157 2082 3203 2133 a
3239 2082 3409 2161 per-

637 2184 1036 2287 sequendis
1077 2184 1173 2260 ob
1214 2184 1623 2263 falsitatem
1662 2182 2012 2275 testibus,
2070 2194 2420 2259 accusato
2477 2194 2732 2263 autem
2767 2207 3085 2283 magnae
3123 2207 3409 2287 poenae

636 2310 1061 2406 irrogantur
1084 2368 1101 2403 ‚
1164 2310 1228 2384 si
1268 2309 1651 2384 convictus
1691 2307 1917 2384 fuerit
1955 2318 2030 2382 et
2055 2307 2436 2410 judicibus
2476 2336 2616 2412 pro
2673 2308 3100 2387 testimonio
3147 2304 3404 2384 menti-

637 2445 757 2510 tus
798 2461 959 2515 esse
998 2433 1361 2523 videatur,

1909 2541 2139 2617 1103.

844 2660 1489 2741 Ἐπισκέπτεσθαι
1532 2642 1607 2741 δὲ
1650 2662 2339 2765 ψευδομαρτυριῶν
2390 2668 2530 2739 καὶ
2584 2673 2752 2751 ταῖς
2788 2662 3399 2765 διαμαρτυρίαις,

642 2784 887 2891 ὥσπερ
926 2800 1089 2876 ταῖς
1118 2795 1595 2891 μαρτυρίαις.
1987 2795 2563 2895 (Harpocratioz
2622 2789 3196 2892 διαμαρτυρία.)

853 3047 1069 3125 Actio
1106 3057 1359 3123 autem
1396 3047 1561 3124 falsi
1608 2935 2218 3126 ιοεείωοῖιῗίοῗιηι
2255 3048 2330 3126 in
2371 3045 3040 3126 contestationibus
3077 3069 3294 3148 quam
3327 3044 3406 3118 in

640 3173 1081 3251 testimoniis
1119 3173 1365 3250 locum
1403 3173 1648 3250 habet.
1907 3279 2112 3356 1104

832 3398 1087 3480 ’Ἔστω
1129 3403 1383 3482 δὲκαὶ
1440 3395 1816 3492 ὑπόδικος
1875 3405 2029 3480 τῶν
2088 3403 2772 3506 ψευδομαρτυριῶν
2829 3397 2872 3480 o‘
2923 3399 3399 3506 μαρτυρήσας

642 3520 890 3607 αὐτοῦ
931 3525 1221 3605 τούτου
1243 3588 1265 3618 ,,
1327 3525 1442 3604 ὅτι
1479 3533 1852 3632 μαρτυρεῖ
1888 3527 2092 3628 παρὰ
2133 3526 2273 3606 τὸν
2311 3528 2600 3628 νόμον·
2659 3535 2797 3606 καὶ
2839 3524 2881 3607 ὃ
2923 3526 3396 3630 προβαλόμε-

640 3687 772 3744 νος
810 3651 1011 3730 κατά
1056 3651 1318 3733 ταύτά.
1805 3657 2229 3751 (Demosth.
2269 3659 2365 3738 ῙῙ.
2406 3661 2483 3735 in
2521 3659 2878 3762 Stephan.
2925 3659 3196 3751 1132.)

542 3767 553 3780 “
1919 3801 2145 3878 1104.

856 3911 1036 3986 Esto
1096 3911 1319 3986 etiam
1378 3909 1745 3986 obnoxius
1801 3909 1970 3986 falsi
2009 3911 2413 3988 teuzimonii
2449 3910 2553 4005 is,
2611 3912 2737 4011 qui
2775 3911 3216 3987 testificatus
3255 3919 3397 4002 est,

642 4037 741 4114 ob
780 4036 921 4112 hoc
958 4037 1205 4138 ipsum
1244 4033 1447 4134 quod
1483 4045 1743 4110 contra
1778 4035 2028 4132 legem
2063 4036 2546 4132 testificatum
2604 4047 2680 4112 et
2715 4036 2818 4133 is,
2859 4037 2984 4136 qui
3025 4062 3194 4112 eum
3234 4059 3395 4137 pro-

640 4161 888 4256 duxit,
948 4160 1209 4240 eodem
1247 4159 1489 4241 mode.

1248 4307 1255 4314 ·
1917 4269 2144 4346 1105.

845 4367 1041 4448 Ἐάν
1096 4365 1269 4471 ἆλιῇ
1322 4404 1431 4462 τις
1488 4367 1644 4449 τῶν
1702 4371 2434 4476 ψευδομαρτυριῶν,
2493 4371 2730 4449 πάλιν
2785 4380 2862 4466 ἐξ
2921 4371 3158 4472 ἀρχῆς
3215 4369 3396 4449 εἶναι

642 4503 808 4596 περὶ
851 4493 1113 4573 αὐτῶν
1150 4496 1282 4586 τὰς
1320 4495 1576 4590 λήξεις.
1971 4501 2266 4596 (Isaeus
2306 4501 2397 4579 de
2437 4494 2682 4600 Hagn.
2725 4501 2876 4578 her.
2917 4497 2986 4604 ξ.
3027 4501 3195 4594 46.)

1908 4648 2135 4722 1105.

857 4751 933 4830 Si
976 4749 1139 4854 quis
1176 4753 1344 4831 falsi
1382 4750 1558 4830 dicti
1598 4757 1998 4832 testimonii
2045 4755 2442 4831 convictus
2499 4753 2759 4849 fuerit,
2807 4753 3098 4856 judices
3138 4753 3277 4832 hac
3315 4753 3404 4832 de

644 4905 867 4957 causa
901 4877 1169 4956 iterum
1211 4877 1301 4956 de
1342 4879 1631 4982 integro
1668 4883 2095 4958 sortiantur.
2297 4883 2308 4894 ⁶

1919 5027 2144 5101 1106.
3287 5115 3292 5118 .

861 5131 953 5204 Oi
1007 5125 1398 5230 ἐλεύθεροι
1470 5123 1936 5232 ἀτιμοῦνταί
1993 5159 2072 5206 τε
2128 5136 2263 5206 καὶ
2310 5128 2646 5231 χρήμασι
2713 5124 3208 5231 ζημιοῦνται,
3269 5131 3398 5212 ἐᾰν

631 5248 738 5354 μὴ
781 5252 1079 5347 τάληθῆ
1120 5255 1401 5331 δοκῶσι
1434 5255 1934 5356 μαρτυρῆσαι.

1845 5367 2293 5472 (Antiphon.
2335 5365 2712 5468 Tetralog.
2755 5371 2810 5467 Ι,
2853 5371 2922 5467 4,
2965 5365 3031 5473 ᾧ.
3075 5371 3194 5465 7.)
