3725 5850
671 385 830 464 416
1483 407 2095 464 consummatus
2130 407 2239 462 An
2278 404 2367 463 11.
2406 405 2495 464 ιι.
2536 403 2624 463 16.

887 599 1172 680 Eadem
1225 603 1488 680 dicunt
1541 600 1939 680 Anecdota
1976 601 2269 680 Graeca
2303 601 2635 681 Bekkeri
2672 601 2732 696 1,
2792 627 2863 702 p.
2905 599 3087 698 256,
3146 612 3223 677 et
3258 597 3445 702 Ety-

670 727 1122 828 mologicum
1159 728 1536 830 Magnum.

883 851 1310 931 Secundum
1349 851 1829 932 Aristotelem
1869 854 2133 947 (Polit.
2170 855 2306 949 III,
2354 855 2421 946 1,
2462 855 2551 947 4)
2609 855 2791 932 civis
2846 852 3280 955 simpliciter
3332 849 3447 926 di-

670 977 951 1057 cendus
986 980 1194 1058 nulla
1225 979 1374 1058 alia
1407 1006 1490 1056 re
1529 979 1883 1056 definitur
1916 980 2157 1078 magis
2179 1039 2196 1074 ‚
2257 1005 2483 1079 quam
2517 977 2717 1080 quod
2754 979 2853 1054 sit
2888 977 3333 1055 iudiciorum
3370 985 3453 1052 et

667 1104 1238 1204 magistratuum
1296 1104 1688 1208 particeps.
1791 1101 1924 1201 Τῷ
1969 1107 2325 1200 μετέχειν
2381 1104 2701 1200 κρίσεως
2755 1104 2895 1177 καὶ
2952 1095 3213 1198 ἀρχῆς.
3290 1097 3451 1178 Sed

667 1229 918 1326 κρίσις
987 1230 1069 1310 in
1140 1230 1499 1308 latissimo
1575 1255 1797 1310 sensu
1851 1230 2245 1310 summitur
2266 1286 2285 1325 ,
2360 1255 2502 1308 nec
2556 1228 2652 1308 ad
2692 1228 2981 1330 judicia
3037 1228 3277 1306 solum
3332 1251 3447 1302 re·

667 1355 1077 1455 stringitur.

821 1501 828 1508 ·
1893 1459 2044 1546 Ad
2095 1463 2222 1544 n.

882 1625 1208 1708 Auctore
1248 1623 1559 1703 Aeliano
1601 1624 1853 1721 (Var.
1893 1626 1986 1702 hi
2011 1636 2118 1704 st.
2156 1623 2289 1720 VI,
2334 1623 2498 1720 10),
2558 1621 2878 1704 Pericles
2898 1683 2917 1721 ‚
2957 1646 3190 1726 quum
3222 1646 3449 1726 prae-

667 1759 786 1827 ter
823 1747 1057 1848 esset,
1116 1748 1700 1829 Atheniensibus
1737 1749 1977 1848 legem
2032 1750 2370 1854 scripsit,
2428 1762 2513 1828 ut
2566 1750 2947 1851 gerendae
2982 1749 3449 1852 reipublicae

668 1901 821 1953 non
861 1887 1114 1954 essent
1149 1876 1552 1979 participes
1575 1933 1594 1972 ,
1652 1875 1794 1953 nisi
1852 1877 1979 1979 qui
2034 1887 2353 1977 utroque
2410 1885 2722 1978 parente
2760 1875 2924 1954 cive
2962 1885 3183 1952 natus
3215 1885 3443 1954 esset„

667 1998 958 2101 Tetigit
1010 2012 1264 2082 autem
1315 2001 1568 2103 ipsum
1613 2001 1806 2101 legis
1841 2001 2053 2080 istius
2092 2001 2349 2082 divina
2380 2002 2586 2082 ultio.
2660 2002 2859 2082 Nam
2896 1999 3045 2080 duo
3082 1999 3215 2078 filii
3234 2059 3253 2097 ‚
3316 1999 3444 2102 qui

668 2137 884 2204 erant
933 2125 1120 2229 ipsi,
1177 2127 1490 2208 Paralus
1528 2137 1604 2204 et
1639 2127 2127 2230 Xanthippus
2146 2185 2167 2224 ,
2222 2128 2599 2206 communi
2650 2127 3121 2231 pestilentiae
3174 2124 3445 2204 morbo

669 2250 1039 2330 obierunt.
1113 2251 1442 2332 Relictus
1499 2264 1750 2334 autem
1811 2265 2191 2356 superstes
2246 2266 2361 2330 est
2396 2253 2721 2332 Pericles
2758 2277 2939 2332 cum·
2967 2251 3217 2330 nothis
3236 2308 3257 2348 ,
3316 2251 3445 2352 qui

669 2375 947 2459 exclusi
987 2391 1198 2458 erant
1232 2379 1330 2457 ab
1370 2377 1963 2460 administranda
2000 2379 2385 2482 republica
2420 2405 2559 2484 per
2594 2380 2845 2480 legem
2880 2389 3295 2484 paternam.

885 2493 1410 2582 Aristotel.
1467 2501 1815 2582 Oecon.
1876 2505 1977 2600 11,
2032 2506 2106 2600 2,
2145 2503 2235 2580 3:
2292 2505 2545 2602 Quum
2598 2505 2797 2608 apud
2852 2504 3261 2608 Byzantios
3314 2503 3449 2580 lex

669 2638 906 2726 esset,
945 2653 1102 2706 non
1139 2627 1564 2710 habendum
1599 2657 1740 2734 pro
1780 2631 1986 2726 cive,
2046 2630 2174 2734 qui
2210 2654 2363 2708 non
2398 2641 2712 2734 utroque
2752 2641 3064 2736 parente
3101 2630 3266 2708 cive
3306 2654 3449 2704 na-

667 2765 788 2832 tus
827 2753 1126 2851 fuisset,
1185 2766 1496 2856 egentes
1552 2754 1872 2858 pecunia
1923 2755 2187 2833 scitum
2240 2755 2617 2833 fecerunt:
2674 2755 2801 2857 qui
2854 2756 3091 2832 altero
3146 2765 3451 2832 tantum

666 2891 981 2983 parente
1015 2879 1182 2959 cive
1221 2892 1438 2959 natus
1476 2893 1712 2979 esset,
1765 2881 1828 2961 si
1869 2879 2350 2985 persolvisset
2405 2879 2714 2981 triginta
2757 2880 3038 2979 minas,
3094 2905 3235 2985 pro
3272 2880 3448 2959 cive

667 3004 1118 3085 habendum.

1880 3110 2031 3197 Ad
2080 3112 2229 3197 12.

881 3272 1130 3355 Schol.
1177 3274 1274 3354 ad
1320 3276 1670 3355 Aeschin.
1708 3275 2085 3357 Timarch.
2125 3278 2270 3355 39:
2312 3270 2607 3375 μηδένα
2658 3272 2819 3355 τῶν
2863 3283 3033 3377 μετ’
3094 3273 3443 3356 Εὐκλεί-

669 3394 809 3489 δην
845 3389 1193 3500 ἄρχοντα
1220 3406 1574 3499 μετέχειν
1607 3400 1740 3492 τῆς
1759 3398 2045 3489 πόλεως
2064 3459 2087 3492 ,
2128 3396 2233 3480 ἂν
2251 3398 2361 3502 μὴ
2388 3395 2631 3502 ἄμφω
2644 3401 2831 3491 τούς
2858 3411 3130 3508 γονέας
3150 3402 3449 3495 ἀστούς

668 3522 1117 3619 ἐπιδείξηται
1139 3583 1162 3619 ,
1220 3524 1406 3615 τούς
1459 3526 1540 3604 δὲ
1577 3524 1722 3628 πρὸ
1763 3523 2203 3606 Εὐκλείδου
2238 3524 2777 3621 ἀνεξετάστους
2814 3527 3213 3626 ἀφεῖσθαι.

879 3655 1165 3746 (Nemo
1219 3668 1390 3758 post
1445 3655 1830 3735 Euclidem
1888 3658 2323 3737 archontem
2376 3660 2751 3763 particeps
2808 3662 2905 3736 sit
2953 3660 3272 3738 civitatis
3291 3718 3310 3755 ,
3374 3662 3449 3737 si

665 3804 822 3855 non
857 3781 1267 3860 ostenderit
1300 3794 1590 3885 patrem
1626 3795 1701 3861 et
1736 3796 2050 3862 matrem
2086 3785 2291 3863 cives
2331 3785 2603 3884 fuisse,
2661 3787 2786 3888 qui
2846 3813 3023 3864 vero
3074 3800 3245 3865 ante
3287 3786 3445 3863 Eu-

671 3902 942 3981 clidem
979 3906 1314 4003 fuerant,
1371 3934 1526 3984 non
1563 3910 1967 3987 examinati
2006 3910 2499 4005 omittantur.)

882 4029 1449 4110 Athenaeus
1505 4033 1713 4132 XIII,
1758 4035 1953 4112 577:
2012 4034 2469 4140 Aristophon
2528 4048 2779 4115 orator
2832 4034 3077 4137 legem
3131 4039 3445 4140 rogavit

666 4155 1024 4233 archonte
1063 4157 1410 4253 Euclide,
1467 4170 1550 4236 ut
1585 4162 1915 4263 quisquis
1948 4187 2102 4239 non
2138 4188 2181 4237 e
2218 4163 2381 4241 cive
2422 4161 2672 4241 Attica
2706 4175 2923 4241 natus
2960 4177 3195 4261 esset,
3254 4192 3443 4269 spu·

667 4280 820 4356 rius
856 4282 1254 4363 haberetur
1293 4271 1420 4378 (ὃς
1459 4274 1560 4358 ἂν
1589 4280 1696 4381 μή
1739 4290 1816 4375 ἐξ
1855 4280 2081 4377 ἆστῆς
2116 4288 2416 4390 γένηται
2442 4342 2463 4377 ,
2522 4284 2781 4363 νόθον
2814 4286 3074 4385 εἶναι).

1871 4499 2223 4586 ΔᾱῙΘ.

880 4658 1106 4764 Apud
1139 4656 1546 4742 Stobaeum
1580 4666 1662 4761 (s
1681 4692 1722 4744 e
1741 4690 1893 4745 rm.
1934 4670 2061 4767 43,
2094 4670 2237 4763 48)
2270 4678 2443 4773 post
2477 4662 2637 4745 τῶν
2672 4659 2789 4745 ἀεὶ
2828 4662 3264 4767 κρινόντων
3301 4668 3438 4751 ad·

667 4780 902 4863 ditur:
957 4783 1375 4889 ἐμφρόνως.

876 4911 1305 5017 Xenophon
1359 4916 1440 4995 in
1495 4914 2101 4999 Memorabilibus
2156 4916 2331 5021 (lv,
2394 4925 2467 5020 4,
2528 4924 2669 5018 16)
2730 4916 3138 5020 πανταχοῦ
3196 4930 3284 5000 ἐν
3332 4918 3435 5021 τῇ

651 5024 974 5111 Ἐλλάδι
1013 5034 1246 5138 νόμος
1283 5044 1534 5116 κεῖται
1570 5038 1754 5129 τούς
1791 5047 2107 5132 πολίτας
2145 5041 2479 5145 ὀμνύναι
2518 5038 3009 5147 ὁμονοήσειν,
3048 5056 3188 5125 καὶ
3226 5078 3437 5127 παν-

677 5161 926 5257 ταχοῦ
987 5158 1368 5261 ὀμνύουσι
1419 5165 1563 5243 τὸν
1619 5164 1867 5271 ὅρκον
1903 5170 2209 5253 τοῦτον.
2284 5174 2631 5279 (Ubique
2666 5180 2745 5255 in
2784 5178 3104 5259 Graecia
3138 5180 3259 5258 lex
3298 5208 3435 5282 po·
