3725 5850
675 458 830 533 396·
1754 481 1880 531 ms
1917 476 2356 535 pawn-uu.

676 698 857 749 vero
896 672 1197 765 nolunt,
1254 668 1380 769 qui
1418 670 1721 765 volunt,
1776 670 1980 747 litem
2039 670 2440 750 intendunt
2493 673 2953 767 nolentibus,
3009 671 3092 747 in
3136 672 3260 773 jus
3303 700 3422 750 vo-

674 810 928 873 cantes
967 797 1061 873 ad
1102 796 1511 872 divisorum
1549 796 2012 875 electionem.
2092 798 2220 895 (Id
2278 807 2393 877 est
2441 798 2807 875 act-ionem
2845 798 3220 875 communi
3255 795 3420 873 divi-
3477 890 3489 900 .

676 921 927 1003 dundo
964 921 1419 1016 instituunt.)

1572 1368 2224 1522 Κεφάλαιον
2295 1367 2540 1481 ΙΑ’.

1240 1572 1657 1715 Περὶ
1847 1559 2874 1717 ἐμπορικῶν.

1790 1926 2113 2071 Caput
2163 1926 2329 2043 XI.

1498 2126 1741 2243 Res
1812 2128 2608 2245 mercatoria.

1952 2382 2180 2459 1543.

892 2527 971 2594 K
966 2519 1292 2614 ατά’τήν
1327 2520 1628 2628 ἀγοράν
1664 2518 2061 2626 ἀψευδεῖν.

2003 2652 2427 2748 (Demosth.
2469 2653 2638 2730 adv.
2679 2652 2975 2754 Leptin.
3017 2653 3234 2743 459)

1944 2815 2170 2891 1543.

887 2961 975 3036 In
1014 2959 1177 3038 foro
1214 2987 1369 3038 non
1408 2961 1584 3038 licet
1620 2959 1938 3038 mentiri.

1948 3103 2179 3180 1544.

902 3239 1104 3330 Τούς
1142 3236 1427 3342 ἄνδρας
1456 3239 1565 3342 μή
1596 3249 2108 3343 μυροπωλεῖν.

1454 3373 1659 3467 (Lex
1694 3371 1994 3451 Solonis
2032 3373 2235 3475 apud
2278 3373 2766 3452 Athenaeum.
2807 3371 2973 3466 XV,
3015 3370 3233 3461 687.)

1950 3533 2182 3611 1544.

888 3679 1005 3754 Ne
1043 3686 1427 3778 unguenta
1462 3676 1798 3755 vendant
1832 3675 1996 3752 viri.

1956 3839 2180 3916 1545.
2317 3883 2322 3887 ·

896 3975 1058 4054 Τοῦ
1098 3984 1321 4054 σίτου
1356 3977 1498 4054 τοῦ
1558 3985 2128 4068 καταπλέοντος
2184 3982 2290 4067 εἰς
2345 3975 2434 4056 τὸ
2483 3973 2871 4055 Ἀττικὸν
2925 3975 3292 4078 ἐμπόριον
3338 3967 3409 4048 τά

674 4100 818 4179 δύο
846 4111 1033 4204 μέρη
1071 4100 1253 4192 τούς
1292 4101 1667 4205 ἐμπόρους
1704 4109 1811 4193 εἰς
1847 4103 1938 4181 τὸ
1979 4098 2176 4182 ὅῖστυ
2213 4108 2592 4205 κομίζειν.

1682 4233 2267 4338 (Harpocratioz
2323 4235 2757 4331 ἐπιμεληταὶ
2793 4232 3231 4330 ἐμπορίου.)

1954 4397 2178 4474 1545.

885 4540 1273 4618 Frumenti
1296 4595 1315 4633 ,
1368 4539 1567 4642 quod
1600 4541 1681 4616 in
1720 4541 2133 4643 emporium
2179 4529 2479 4644 uliquod
2522 4531 2816 4619 Atticae
2865 4539 3186 4618 navibus
3222 4537 3399 4616 adve-

674 4665 912 4762 hitur,
974 4666 1155 4746 duas
1192 4677 1443 4770 partes
1480 4678 1930 4746 mercatores
1965 4670 2048 4744 in
2083 4671 2350 4747 urbem
2389 4679 2712 4771 portent.

1961 4831 2184 4907 1546.

892 4967 1069 5046 Τῶν
1123 4977 1551 5074 γινομένων
1607 4967 1964 5046 διάθεσιν
2017 4967 2200 5069 πρὸς
2257 4977 2520 5063 ξένους
2575 4973 2842 5047 ἐλαίου
2888 4965 3152 5069 μόνον
3199 4963 3390 5048 εἶναι»

676 5088 875 5172 ἄλλα
914 5093 981 5172 δ’
1021 5093 1326 5200 ἐξάγειν
1352 5091 1461 5194 μή
1506 5097 1712 5171 ἔστω.

1132 5221 1139 5228 ’
1414 5224 1615 5319 (Lex
1654 5223 1956 5304 Solonis
1995 5223 2194 5327 apud
2233 5223 2611 5302 Plutarch.
2651 5225 2730 5300 in
2769 5221 3022 5301 Solon.
3059 5225 3227 5319 24.)
