3725 5850
1093 503 1600 556 Almanam-10.
1643 523 1710 534 —
1750 505 1999 558 cou'ru
2011 506 2281 560 MAcm.
2915 487 3066 561 189

1592 693 1772 770 770.

497 812 618 896 ‘H
662 821 914 916 ἔφεσις
967 813 1122 896 ἀπὸ
1177 817 1336 894 τῶν
1391 815 1798 912 διαιτητῶν
1851 823 1927 894 εἰ
1974 823 2081 908 εἰς
2136 819 2634 922 δικαστήριον
2670 827 3011 929 γίγνεται
3038 881 3059 912 ,

291 942 384 1020 τὰ
423 945 862 1050 ἐγκλήματα
899 949 1038 1021 καί
1075 941 1213 1032 τοίς
1252 946 1714 1043 προκλήσεις
1771 949 1907 1019 καὶ
1959 943 2096 1032 τοὶς
2126 952 2595 1047 μαρτυρίας,
2657 951 2767 1025 ἔτι
2807 947 2882 1025 δὲ
2924 955 3059 1024 καὶ

291 1067 480 1158 τούς
517 1070 796 1170 νόμους
833 1075 972 1146 καὶ
1007 1067 1143 1158 τὰς
1180 1063 1421 1156 ἄλλας
1459 1073 1740 1157 πίστεις
1779 1075 2197 1168 ἑκατέρων,
2246 1069 2380 1160 τάς
2414 1104 2495 1150 τε
2533 1073 2673 1149 τοῦ
2715 1073 3059 1180 φεύγον-

290 1226 418 1282 τος
460 1204 590 1272 καί
629 1195 764 1285 τὰς
799 1196 940 1274 τοῦ
984 1194 1405 1284 διώκοντος
1429 1254 1446 1285 ,
1509 1193 1973 1296 ἐμβαλόντες
2022 1201 2131 1285 εἰς
2180 1195 2613 1287 καδίσκους
2651 1207 2787 1276 καί
2826 1223 3057 1298 σημη-θ

291 1319 608 1420 νάμενοι
651 1321 1161 1423 παραδιδοῦσι
1199 1329 1356 1410 τοῖς
1393 1319 1891 1426 εἰσαγωγεῦσι
1932 1321 2087 1399 τῶν
2124 1321 2389 1402 δικῶν.

607 1453 714 1546 (Ε
752 1451 1060 1528 Polluce
1099 1449 1310 1544 VIII,
1357 1449 1512 1524 12⁸7
1550 1459 1624 1526 et
1660 1449 2255 1550 Harpocratione
2294 1479 2362 1528 v,
2397 1447 2839 1550 διαιτητής.)
2942 1427 2954 1447 ’

1584 1611 1761 1687 770.

503 1739 581 1817 Si
618 1741 716 1818 ab
752 1741 1048 1818 arbitris
1089 1741 1172 1816 fit
1208 1738 1615 1842 appellatio
1654 1737 1749 1814 ad
1787 1737 2171 1839 publicum
2209 1740 2565 1837 tribunal,
2604 1739 2895 1819 libellos
2937 1769 3051 1819 ac-

292 1866 735 1962 cusatori08‚
795 1866 1184 1942 citationes
1205 1923 1224 1959 ‚
1265 1864 1726 1958 testimonia,
1767 1866 1973 1962 leges
2012 1877 2089 1940 et
2125 1866 2271 1941 alia
2307 1865 2753 1942 documenta
2792 1869 3055 1944 utrius-

291 1985 436 2090 q‘ue
471 1994 704 2092 partis
742 1991 1104 2092 litigantis
1127 2047 1147 2083 ‚
1204 2000 1356 2065 tam
1396 1989 1842 2067 accusatoris
1882 2015 2108 2091 quam
2146 1992 2292 2084 rei,
2355 1994 2432 2066 in
2490 1993 2869 2094 capsulam
2920 1994 3053 2068 im-

291 2129 612 2214 ponant,
674 2116 1084 2218 obsigilent
1117 2125 1194 2192 et
1233 2116 1380 2193 litis
1420 2116 2059 2194 introductoribus
2097 2118 2417 2194 tradant.

1582 2277 1760 2352 771.

483 2394 788 2492 ’Ἔξεστί
835 2429 1006 2474 τινα
1057 2395 1659 2496 παραιτήσασθαι
1722 2403 2047 2498 ῥηθέντα
2105 2396 2304 2498 παρὰ
2364 2409 2519 2486 τοῖς
2596 2397 3003 2494 διαιτηταῖς
3034 2461 3053 2492 ,

293 2520 488 2616 π’λῆν
522 2525 676 2602 τῶν
713 2523 1122 2629 ἐγγράφων
1156 2531 1290 2600 καί
1332 2527 1877 2624 ἐμβληθέντων
1912 2531 1997 2600 ἐν
2031 2535 2191 2610 τοῖς
2230 2524 2537 2620 ἐχίνοις.

961 2653 1244 2746 (Schol.
1284 2655 1359 2730 in
1401 2653 1746 2732 Aeschin.
1789 2651 1880 2729 de
1922 2655 2113 2730 male
2150 2665 2365 2753 gesta
2398 2653 2626 2754 legat.
2678 2655 2841 2746 10.)

1581 2815 1678 2888 77
1695 2817 1757 2891 1.

501 2942 758 3017 Liceat
811 2941 1230 3043 deprecari,
1291 2967 1481 3041 quae
1521 2940 1685 3040 quis
1724 2966 1977 3017 coram
2015 2940 2291 3017 arbitro
2329 2941 2655 3037 dixerat,
2714 2944 3049 3044 exceptis

290 3056 588 3166 iis'quae
631 3066 908 3168 scripta
945 3078 1120 3143 sunt
1157 3078 1231 3142 et
1267 3068 1344 3141 in
1382 3066 1767 3167 capsulam
1804 3066 2174 3166 imposita.

1481 3346 1866 3438 ΆΙέροςιγ’.

1355 3472 1446 3542 Ἐ
1523 3502 1564 3565 ρ
1658 3472 1694 3555 ἡ
1789 3502 1832 3561 μ
1928 3502 1980 3556 η,
2058 3486 2065 3494 “

1576 3632 1776 3641 .............

1489 3710 1684 3776 Pars
1739 3713 1840 3777 13.

1316 3836 2029 3901 contumacia.

1570 4001 1746 4078 772.

499 4120 704 4209 Τοὐς
737 4114 1280 4220 ἐμπρόθεσμον
1324 4122 1557 4213 δίκην
1595 4124 1960 4217 ἔχοντας,
2020 4118 2181 4196 εἶτα
2231 4116 2339 4220 μή
2400 4117 2896 4210 ἀπαντῶντας
2944 4128 3049 4210 εἰς

285 4246 416 4340 τὴν
453 4252 782 4347 κυρίαν,
841 4244 1121 4347 ἐρήμην
1157 4240 1619 4323 ἁλίσκεσθαι
1647 4272 1662 4291 ·
1718 4246 1808 4322 τὸ
1849 4246 1925 4324 δὲ
1966 4252 2251 4347 τίμημα
2278 4248 2535 4341 χίλιαι
2576 4246 2935 4347 δραχμαί.

1207 4374 1498 4470 (Schol.
1535 4378 1616 4453 in
1651 4378 2037 4454 Demosth.
2078 4376 2404 4454 Midiam.
2450 4376 2627 4471 540,
2666 4376 2834 4469 22.)

1570 4539 1748 4617 772.

491 4648 780 4745 Quibus
836 4646 994 4725 dies
1036 4646 1298 4749 judicii
1355 4648 1742 4725 condictus
1801 4657 1915 4723 est
1972 4657 2045 4725 et
2081 4646 2483 4723 constituto
2520 4654 2853 4748 tempore
2892 4673 3045 4723 non

280 4772 868 4879 comparuerint,
929 4772 978 4849 ii
1018 4776 1530 4853 contumaciae
1589 4770 2037 4852 damnantor
2092 4784 2167 4851 et
2204 4774 2406 4850 mille
2446 4770 2819 4849 drachmis
2856 4773 3042 4847 mul-

279 4912 586 4979 ctantor.

479 5126 584 5209 ‘O
623 5124 826 5225 ἥλιος
865 5134 984 5207 ἐπὶ
1026 5126 1180 5206 τῶν
1219 5122 1420 5231 ὅρων
1463 5122 1502 5221 ἦ
1547 5129 1820 5227 ἐσχάτη
1859 5120 2019 5229 ὅρα
2059 5130 2266 5207 ἔστω.

1986 5240 2417 5336 (Stobaeus.
2457 5266 2671 5318 serm.
2718 5241 2831 5333 1.)
