3725 5850
677 462 729 537 2
1813 480 2312 539 mensumn.

678 702 821 777 que
859 676 1170 779 privatis
1210 676 1532 777 neg-otiis
1553 734 1572 771 ,
1631 674 1808 775 quid
1865 675 1961 751 sit
2018 676 2393 775 agendum
2448 677 3000 776 constituimus,
3068 687 3144 754 et
3180 700 3445 753 seeun-

677 801 856 879 dum
893 799 1091 901 quod
1131 802 1434 877 omnino
1480 812 1738 877 mutuo
1779 800 2140 898 vivimus3
2194 802 2508 879 alterum
2527 860 2545 897 ,
2604 828 2752 903 quo
2792 812 3013 905 paeto
3050 802 3441 902 unusquis-

678 954 822 1031 que
881 938 1214 1005 nostrum
1271 927 1584 1004 affectus
1641 950 1802 1002 esse
1852 924 2123 1001 debeat
2158 952 2341 1027 erga
2372 928 2915 1031 rempublicam
2935 984 2953 1021 ,
3009 928 3073 1005 si
3108 952 3278 1003 eam
3310 926 3443 1003 ad-

677 1052 1092 1131 ministrare
1131 1050 1454 1129 voluerit
1489 1076 1716 1151 seque
1755 1076 2009 1129 euram
2046 1052 2465 1156 suscepisse
2500 1053 2821 1130 civitatis
2858 1054 3316 1155 profiteatur.

2030 1230 2103 1307 3.

894 1368 1163 1471 Νόμου
1202 1368 1588 1471 διαιρέσεις
1629 1365 1778 1445 δύο
1805 1396 1821 1411 ·
1881 1360 1926 1445 ὁ
1958 1370 2109 1467 μὲν
2163 1366 2310 1477 γὰρ
2366 1364 2620 1447 αὐτοῦ
2672 1376 3233 1475 γεγραμμένος,
3280 1362 3325 1449 ὅ
3367 1366 3447 1444 δὲ

679 1492 1046 1603 ἄγραφος.
1119 1485 1184 1597 ᾦ
1212 1499 1363 1595 μὲν
1399 1504 1486 1572 ἐν
1519 1506 1684 1582 ταῖς
1720 1490 1979 1571 πόλεσι
2018 1500 2606 1596 πολιτευόμεθα,
2646 1501 3163 1601 γεγραμμένος
3199 1500 3446 1573 ἐστίν·

677 1634 721 1719 ὃ
763 1640 842 1717 δὲ
879 1636 1086 1715 κατὰ
1126 1641 1271 1732 ἔθη
1309 1637 1720 1744 γενόμενος
1741 1698 1762 1735 ,
1801 1626 2033 1727 οὗτος
2072 1630 2423 1742 ἄγραφος
2458 1644 2825 1715 καλεῖται.

1802 1767 2066 1865 (Plato
2104 1766 2306 1870 apud
2341 1768 2564 1866 Diog.
2602 1768 2845 1845 Laert„
2885 1766 3022 1864 ΠΙ,
3061 1767 3235 1865 86.)

2032 1948 2105 2023 3.

893 2092 1122 2191 Legis
1159 2092 1462 2189 gemina
1497 2102 1616 2168 est
1651 2089 2123 2167 distributio:
2179 2090 2416 2168 altera
2450 2090 2728 2193 scripta
2748 2144 2767 2180 ‚
2804 2090 3041 2169 altera
3076 2118 3259 2168 vero
3293 2116 3451 2176 uon

680 2221 976 2321 scripta.
1053 2219 1224 2313 Qua
1277 2218 1820 2321 rempublicam
1880 2216 2521 2312 administramus,
2578 2242 2669 2293 ea
2712 2226 2831 2291 est
2882 2216 3161 2319 scripta
3178 2270 3201 2309 ‚
3256 2244 3453 2319 quae

682 2370 862 2421 vero
897 2371 946 2420 a
980 2345 1310 2421 moribus
1348 2344 1846 2447 proficiscitur
1866 2398 1885 2436 ,
1938 2366 2093 2420 non
2128 2344 2409 2447 scripta
2442 2352 2772 2421 vocatur.

895 2650 1140 2724 Δυοῖν
1175 2652 1405 2723 ἕνεκα
1445 2644 1717 2734 πάντες
1753 2648 2106 2723 τίθενται
2147 2647 2222 2721 οἶ
2260 2640 2485 2745 νόμοι
2507 2702 2530 2737 ,
2593 2644 2739 2721 τοῦ
2777 2676 2857 2721 τε
2883 2644 3175 2744 μηδένα
3204 2645 3453 2747 μηδὲν

683 2768 730 2850 ὃ
757 2769 864 2873 μὴ
909 2770 1226 2848 δίκαιον
1261 2780 1415 2848 ἐστι
1457 2782 1732 2863 ποιεῖν,
1773 2776 1913 2846 καί
1951 2770 2099 2847 τοῦ
2132 2765 2315 2857 τούς
2352 2774 2981 2871 παραβαίνοντας
3016 2772 3259 2848 ταῦτα
3298 2804 3453 2849 κο-
3522 2834 3529 2848 .

682 2904 1146 2998 λαζομένους
1181 2901 1530 2998 βελτίους
1565 2892 1750 2986 τούς
1791 2889 2072 2985 ἄλλους
2110 2905 2378 2973 ποιεῖν.

1651 3006 2175 3120 (Demosth.'1.
2212 3041 2276 3102 e.
2316 3024 2703 3128 Aristogit.
2742 3027 2920 3104 ¹774.
2958 3022 3027 3130 ξ.
3074 3028 3237 3123 1⁷.)

2035 3188 2107 3264 4.

893 3331 1217 3436 Propter
1250 3331 1434 3409 duas
1471 3357 1592 3409 res
1632 3333 1977 3410 feruntur
2015 3355 2275 3408 omnes
2312 3331 2554 3432 legeS‚
2613 3341 2772 3406 tum
2806 3339 2891 3406 ut
2928 3355 3021 3406 ne
3058 3328 3451 3432 quisquam

681 3459 936 3560 injusti
975 3458 1254 3562 aliquid
1294 3469 1509 3558 agat,
1549 3469 1709 3534 tum
1743 3469 1827 3532 ut
1863 3457 1993 3552 iis,
2035 3457 2160 3559 qui
2199 3457 2341 3532 hoe
2379 3455 2817 3556 transgressi
2856 3465 3069 3552 sunt,
3127 3457 3405 3558 punitis
3431 3517 3451 3552 ,

683 3584 803 3660 alii
840 3585 1185 3661 meliores
1226 3581 1648 3660 reddantur.
1986 3586 1991 3592 ’
