3725 5850
1151 411 1776 468 conumwsnms
1811 411 1919 464 An
1958 407 2122 468 1⁴5³.
2163 411 2323 469 145⁵.
2964 391 3117 468 ⁸21

343 596 672 693 ηκούσης
737 595 1003 690 αὐτοῖς
1065 600 1547 708 λαγχάνουσι
1621 611 1780 689 τοῖς
1874 600 2451 703 διακρατοῦσιν.
2547 601 2737 680 Εἶτα
2828 602 3123 691 ἑλόντες

345 724 826 831 λαγχάνουσι
864 733 1002 804 καὶ
1042 733 1210 830 περὶ
1247 733 1703 830 ἐπικαρπίας
1729 757 1744 771 ·
1805 728 2043 805 τοῦτο
2096 761 2155 804 x
2180 759 2366 829 αρπ
2392 729 2505 807 οὔ
2566 729 2799 822 δίκη
2856 735 3123 836 καλ-εἶ*

340 881 487 933 ται.
564 857 750 952 (Qui
805 857 1104 958 litigant
1159 885 1330 937 cum
1378 861 1630 962 aliquo
1669 859 1760 936 de
1801 885 2029 960 agro,
2090 883 2313 958 quem
2350 859 2447 937 ad
2484 883 2563 936 se
2596 861 2974 961 pertinere
3012 860 3121 936 di-

339 991 556 1074 cunt,
613 983 1176 1084 possessoribus
1211 986 1376 1087 ejus
1413 986 1620 1061 litem
1657 982 2079 1062 intendunt.
2156 985 2453 1062 Deinde
2490 1011 2661 1062 cum
2698 1012 2827 1064 eos
2862 987 3120 1062 convi-

337 1119 641 1204 cerunt,
699 1109 916 1187 aliam
973 1111 1068 1189 de
1125 1138 1264 1188 usu
1320 1113 1563 1189 fructu
1619 1111 1995 1188 actionem
2052 1110 2492 1206 instituunt,
2564 1137 2755 1211 quae
2809 1105 3117 1210 καρποῦ

338 1227 518 1322 δίκη
567 1235 1056 1336 appellatur.)
1496 1339 1648 1424 Μ
1683 1340 1941 1424 ¹4⁵3

551 1503 860 1582 Suidas:
918 1497 1034 1578 οὐ
1059 1506 1280 1590 σίας
1319 1501 1366 1576 δ
1386 1507 1414 1577 ί
1437 1534 1493 1577 κ
1515 1535 1556 1594 η
1579 1535 1602 1576 .·
1665 1497 1957 1590 Οὐσίας
1992 1498 2391 1607 εἰσάγουσι
2432 1500 2663 1596 δίκην
2704 1501 2892 1601 πρὸς
2928 1501 3115 1590 τούς

336 1631 772 1716 ἑαλωκότας
807 1635 894 1706 ἐν
933 1637 1252 1730 προτέρᾳ
1295 1628 1480 1728 δίκῃ
1512 1636 1788 1730 χρέους
1825 1624 1873 1720 ἢ
1902 1628 2219 1729 καρποῦ
2242 1655 2257 1672 ·
2294 1622 2398 1718 οἷς
2434 1628 2611 1707 δέον
2648 1627 3117 1733 ἀπολαμβά-

337 1781 500 1829 νειν
555 1750 846 1842 αὐτούς
903 1763 982 1848 ἐξ
1043 1753 1218 1848 ὅλης
1272 1755 1400 1849 τῆς
1439 1753 1747 1846 οὐσίας,
1807 1749 1860 1830 ἃ
1898 1755 2453 1834 κατεδίκασαν.
2532 1757 2797 1855 (Actio
2853 1759 2961 1837 de
3020 1786 3117 1838 re

333 1883 743 1960 intenditur
798 1885 974 1976 illis,
1038 1887 1166 1987 qui
1224 1887 1606 1987 superiore
1649 1884 1939 1986 judicio
1996 1886 2189 1962 aeris
2263 1886 2486 1962 alieni
2562 1887 2681 1962 vel
2740 1885 3115 1965 fructuum

337 2009 512 2084 victi
551 2008 890 2085 fuerunt:
947 2011 1196 2110 itaque
1235 2011 1556 2086 victores
1595 2035 1688 2087 ex
1725 2009 2073 2087 omnibus
2111 2009 2327 2087 bonis
2367 2011 2737 2112 recipiunt
2774 2036 2885 2108 ea,
2927 2037 3117 2114 quae

335 2135 709 2212 sententia
731 2134 1008 2236 judicis
1045 2137 1228 2238 ipsis
1267 2136 1700 2232 addixerit.)

549 2263 638 2341 In
670 2262 840 2361 lege
871 2270 1126 2338 nostra
1161 2288 1302 2363 pro
1343 2259 1578 2351 ἔξεστι
1619 2269 1780 2347 τοῖς
1819 2257 2081 2336 ἑλοῦσι
2124 2263 2387 2363 legunt
2422 2261 2545 2339 alii
2586 2251 2893 2349 ἁλοῦσι,
2916 2261 3113 2362 quod

335 2387 524 2464 forte
561 2387 848 2464 melius.
1691 2399 1698 2406 '

545 2512 826 2591 Sensus
865 2511 1263 2590 verborum
1303 2511 1922 2614 Harpocrationis
1978 2511 2100 2588 hic
2158 2511 2452 2590 videtur
2507 2537 2690 2589 esse.
2768 2511 2847 2589 Si
2892 2515 3115 2591 alicui

331 2638 603 2716 fundus
641 2637 764 2714 vel
801 2637 1066 2716 domus
1103 2634 1220 2713 die
1256 2635 1657 2712 constituta
1697 2662 1848 2712 non
1888 2636 2413 2731 redderentur,
2473 2639 2709 2740 primo
2748 2639 3115 2716 actionem

331 2767 428 2840 in
485 2763 880 2842 fructus
935 2762 1058 2837 vel
1113 2762 1207 2836 in
1271 2760 1704 2863 pretium
1758 2761 2351 2858 locationis,
2411 2773 2635 2862 prout
2682 2789 2955 2866 nempe
2995 2767 3111 2840 vel

329 2891 424 2970 de
461 2891 696 2970 fundo
734 2888 857 2968 vel
893 2888 987 2967 de
1024 2886 1250 2966 domo
1281 2887 1667 2988 agebatur,
1705 2886 2145 2966 intendebat
2180 2887 2539 2967 adversus
2577 2885 3108 2991 possidentem.

330 3020 500 3098 Hoc
537 3017 760 3096 modo
798 3016 1126 3116 cogebat
1181 3012 1692 3116 possidentem
1745 3012 1840 3090 ad
1884 3013 2379 3117 praestandos
2418 3014 2627 3091 fundi
2668 3016 2951 3093 fructus
2991 3015 3113 3091 vel

329 3144 424 3223 ad
459 3131 903 3222 solvendum
959 3143 1223 3220 domus
1277 3142 1664 3219 locationis
1725 3140 2085 3243 pretium,
2140 3152 2225 3217 ut
2283 3169 2419 3243 per
2474 3142 2619 3219 hoc
2664 3136 3117 3242 agnosceret

329 3280 656 3348 actorem
713 3296 875 3348 esse
914 3270 1296 3345 dominum
1334 3266 1540 3343 fundi
1580 3264 1701 3342 vel
1739 3266 2027 3343 domus.
2104 3265 2184 3343 Si
2223 3277 2617 3345 accusatus
2654 3266 2841 3345 haec
2880 3268 3114 3345 nollet

329 3406 706 3497 praestare
726 3453 744 3489 ,
800 3396 1131 3472 alteram·
1169 3392 1543 3471 actionem
1598 3393 1667 3467 ei
1725 3388 2167 3469 intendebat
2237 3404 2443 3468 actor
2514 3403 2591 3468 et
2646 3393 2943 3493 quidem
3014 3394 3111 3468 in

330 3548 555 3619 rem,
615 3546 840 3621 quam
893 3522 955 3597 si
1009 3520 1090 3594 in
1134 3516 1416 3619 judicio
1475 3517 1810 3610 vicisset,
1869 3543 1962 3594 ex
2012 3517 2358 3594 universa
2415 3516 2889 3594 condemnati
2936 3516 3109 3594 sub-

330 3646 603 3723 stantia
637 3654 933 3747 poterat
981 3670 1192 3720 suum
1249 3642 1766 3719 detrimentum
1825 3642 2119 3718 sarcire.
2196 3644 2450 3721 Potuit
2502 3655 2756 3723 tamen
2813 3644 2974 3720 fieri
3030 3654 3111 3719 ut

329 3768 865 3848 condemnatus
922 3794 1148 3871 porro
1207 3792 1498 3868 quoque
1555 3766 1928 3843 resisteret
1965 3776 2041 3844 et
2076 3768 2155 3842 in
2194 3770 2666 3869 possessione
2715 3794 3105 3873 permane-

328 3908 480 3995 ret;
539 3908 713 3973 tunc
769 3895 996 3997 igitur
1053 3894 1346 3971 tertiam
1404 3890 1764 3969 adversus
1821 3916 1995 3969 eum
2050 3904 2259 3971 actor
2312 3894 2637 3972 intendit
2692 3898 3107 3992 actionem,

327 4048 595 4125 nempe
651 4022 700 4099 d
721 4048 762 4099 e
817 4023 929 4098 vi.
2882 4105 2899 4111 ,

543 4145 658 4226 Of.
699 4146 777 4227 M
799 4150 945 4225 eie
967 4176 1002 4224 r
1038 4158 1114 4225 et
1149 4146 1206 4225 8
1223 4170 1266 4223 c
1287 4144 1337 4223 h
1358 4156 1403 4221 ὃ
1423 4172 1496 4223 m
1515 4172 1563 4223 a
1583 4172 1635 4224 n
1653 4172 1746 4223 n:
1800 4148 1959 4223 Der
1996 4147 2311 4224 attisohe
2347 4146 2663 4225 Process
2702 4172 2773 4250 p.
2818 4149 2994 4225 749.

1479 4354 1631 4442 Ad
1664 4356 1956 4443 14⁸⁸.

543 4526 1216 4629 Harpocratio
1269 4554 1327 4605 s.
1367 4556 1436 4605 v.
1476 4522 1789 4618 ἐξούλης
1812 4556 1834 4599 .·
1893 4526 2027 4604 Est
2063 4550 2333 4605 nomen
2370 4528 2728 4625 actionis,
2786 4554 3009 4631 quam
3048 4530 3096 4605 ii

329 4656 455 4756 qui
494 4650 754 4731 dicunt
790 4678 869 4729 se
910 4678 958 4728 a
993 4653 1143 4727 suis
1180 4652 1398 4731 bonis
1437 4655 1712 4750 arceri,
1772 4652 2171 4730 intendunt
2226 4653 2367 4729 illis
2414 4653 2539 4754 qui
2578 4654 2781 4756 ipsos
2821 4666 3095 4730 arcent.

326 4782 655 4859 Ductum
692 4789 806 4855 est
841 4802 1114 4855 nomen
1151 4804 1197 4853 a
1243 4781 1476 4857 verbo
1533 4780 1901 4869 ἐξίλλειν,
1958 4780 2158 4881 quod
2197 4793 2312 4855 est
2348 4778 2783 4874 excludere,
2842 4779 3095 4881 expel-

325 4908 520 5001 lere,
580 4904 866 5006 ejicere.
925 4946 1029 4957 —-
1089 4905 1508 4982 Dinarchus
1566 4930 1744 4983 vero
1811 4906 1887 4981 in
1945 4904 2561 4983 Croconidarum
2594 4906 3102 4983 controversia

328 5032 800 5135 peculiariter
834 5056 1010 5107 usus
1049 5041 1162 5107 est
1198 5032 1336 5108 hac
1371 5056 1554 5111 voce
1592 5031 1688 5109 de
1727 5030 2052 5131 quadam
2091 5030 2501 5128 sacerdote,
2542 5054 2731 5132 quae
2770 5056 2887 5107 res
2924 5056 3099 5111 suas

326 5182 581 5241 curare
615 5153 939 5237 nolebat.
1015 5156 1246 5236 Porro
1305 5184 1578 5237 nomen
1637 5159 1778 5237 hoc
1832 5159 1913 5235 in
1973 5183 2232 5236 omnes
2290 5157 2555 5237 cadere
2611 5156 2737 5256 qui
2798 5182 2846 5233 e
2876 5154 3099 5239 boni·

2706 5442 2725 5479 Χ
