3725 5850
711 459 865 538 265
1519 487 1530 496 ·
1793 483 1918 535 ms
1953 471 2373 533 wflmcuu.

1962 665 2189 746 1055.

917 801 1040 880 Sic
1075 802 1526 880 mulctentur
1555 811 1644 878 et
1681 800 2161 904 punianturs'
2183 795 2309 897 qui
2365 796 2705 898 accipere
2761 819 3074 876 munera
3126 795 3266 876 visi
3304 793 3463 874 fue-

706 930 892 1024 rint,
931 937 1016 1006 ut
1051 929 1271 1006 etiam
1307 929 1386 1005 in
1423 927 1594 1029 pilis
1631 924 2261 1092 proscribantur.¹
2740 935 2747 943 '

1910 1089 2190 1164 1056.

907 1206 1190 1291 ‘Ono'vs
1226 1239 1336 1299 τις
1374 1212 1637 1288 αἰτίαν
1675 1199 1842 1308 ὲῇοι
1899 1209 2055 1287 τῶν
2108 1193 2720 1306 πολιτευομένων
2758 1204 2963 1308 δῶρα
3003 1208 3314 1306 λαβεῖν,
3370 1203 3467 1280 τὸ

708 1341 1048 1445 ἔγκλημα
1085 1335 1173 1414 τὸ
1215 1346 1386 1414 κατ’
1426 1334 1675 1415 αὐτοῦ
1718 1334 1949 1432 διχῶς
1986 1339 2322 1440 λέγεται,
2380 1331 2815 1434 δωροδοκία
2870 1363 2950 1409 τε
3005 1338 3142 1408 καὶ
3200 1329 3467 1432 δώρων

706 1462 980 1571 γραφή.
1725 1563 1730 1568 ι
1990 1464 2566 1598 (Harpocratioz
2624 1457 2887 1561 δωρων
2922 1454 3243 1563 γραφή.)

1289 1615 1294 1619 ·
1411 1591 1416 1596 ’
1713 1591 1796 1606 ·’
1888 1629 1891 1634 ·
1911 1587 2207 1696 1056.
2284 1594 2343 1604 ”
2622 1615 2629 1622 ·

915 1735 995 1812 Si
1033 1695 1195 1836 quis
1234 1761 1326 1812 ex
1363 1733 1452 1810 iis
1508 1733 1664 1834 qui
1687 1735 1766 1810 111
1813 1707 2456 1820 administratione
2512 1729 2969 1855 reipublicae
3027 1747 3467 1820 versantur,

706 1873 1088 1964 captorum
1143 1885 1532 1936 munerum
1587 1860 2051 1952 insimulatus
2091 1858 2350 1953 fuerit,
2408 1849 2601 1933 actio
2636 1866 2901 1974 contra
2937 1880 3107 1932 eum
3142 1855 3467 1932 institui-

706 1999 860 2084 tur,
919 2011 1109 2127 quae
1147 1982 1425 2086 duplici
1463 1985 1760 2061 nomine
1797 1984 2258 2085 appellatur,
2316 1981 2474 2058 sive
2538 2005 2579 2056 c
2601 2009 2643 2058 o
2670 1967 2827 2056 rru
2848 2006 2896 2083 p
2919 1981 2991 2056 ti
3013 2010 3057 2059 o
3078 1980 3170 2056 ni
3193 2009 3230 2056 s
3288 2007 3342 2083 p
3364 2006 3405 2056 8
3430 2007 3469 2055 1

706 2112 994 2208 dona,
1052 2110 1207 2186 sive
1265 2111 1774 2187 accusatio
1829 2109 2323 2185 donorum.

1960 2274 2201 2354 1057.

931 2395 1694 2514 Ψευδεγγραφή,
1751 2387 2005 2498 ὄνομα
2082 2395 2299 2489 δίκης
2352 2401 2602 2492 εστιν,
2668 2387 2762 2488 ἣν
2816 2397 3145 2472 εἰσίασιν
3198 2395 3272 2471 οἱ
3328 2421 3467 2500 γε·-

707 2529 1126 2629 γραμμὲνοι
1167 2520 1511 2620 ὀφείλειν
1545 2523 1653 2623 τῷ
1695 2521 2079 2624 δημοσίῳ,
2138 2556 2238 2611 ως
2292 2526 2989 2624 καταψευσαμένου
3028 2509 3277 2595 αὐτοῦ
3315 2517 3463 2594 τοῦ

706 2647 1235 2753 ἐγγράψαντος
1290 2655 1376 2726 εν
1429 2649 1524 2746 τῇ
1577 2646 1833 2724 σανίδι
1891 2635 1981 2746 τῇ
2040 2646 2241 2750 παρὰ
2280 2649 2373 2747 τῇ
2414 2648 2576 2748 θεῳ
2614 2652 2971 2746 κειμένῃ,
3028 2676 3131 2732 ως
3168 2640 3467 2730 ἀδίκως

707 2781 1200 2878 ἐγγραφέντες
1237 2769 1582 2871 ὀφείλειν
1617 2773 1724 2873 τῷ
1767 2771 2127 2875 δημοσίῳ.
2647 2774 3242 2878 (Harpocratio.)

1831 2990 1838 2997 .
1966 2895 2202 3015 105⁷.

917 3066 1140 3143 Falsa
1190 3065 1576 3166 inscriptio
1631 3090 1904 3141 nomen
1962 3075 2074 3141 est
2128 3063 2437 3141 actionis
2460 3119 2479 3158 ,
2554 3084 2779 3164 quam
2834 3062 3228 3139 instituunt
3286 3064 3420 3163 qui
3446 3120 3467 3159 ,

707 3217 934 3293 quum
987 3192 1181 3269 inter
1235 3192 1496 3268 aerarii
1552 3190 1927 3271 debitores
1982 3182 2322 3291 inscripti
2350 3189 2529 3265 'sint
2553 3247 2571 3282 ,
2646 3188 3013 3265 mendacii
3071 3189 3471 3291 postulant

708 3344 876 3392 eum
931 3318 1057 3415 qui
1111 3316 1314 3418 ipsos
1367 3316 1447 3393 in
1499 3318 1756 3393 tabula
1809 3317 1905 3394 ad
1951 3302 2533 3418 templum'deae
2574 3315 2899 3415 reposita
2932 3294 3421 3413 inscripserat
3444 3370 3465 3408 ‚

706 3442 902 3543 quod
941 3443 1222 3518 scilicet
1257 3443 1529 3543 injuste
1565 3443 1757 3518 inter
1794 3441 2167 3518 debitores
2209 3441 2473 3518 aerarii
2512 3439 2723 3516 relati
2761 3439 3056 3516 fuerint.

1969 3603 2076 3677 10
2128 3604 2341 3681 8..

925 3728 1018 3801 Oc
1073 3723 1146 3800 δ’
1195 3717 1520 3815 ἁλόντες
1590 3725 1716 3817 τῆς
1691 3608 2415 3830 ψευδεγίραφῆς,
2492 3720 2719 3800 αὐτοι
2793 3719 3469 3827 ἄντεγγρᾷφονται

709 3846 1052 3947 ὀφείλειν
1086 3850 1194 3950 τῷ
1234 3842 1660 3951 δημοσίῳ.
1689 4000 1698 4009 .
1889 3905 2189 4037 1-058
2236 3853 2525 3999 (Lexic.
2566 3851 2981 3953 88811881).
3022 3852 3243 3945 317.)

920 4070 1088 4169 Qui
1119 4094 1304 4146 vero
1355 4064 1612 4146 falsae
1642 4068 2142 4169 inscriptionis
2183 4067 2505 4145 convicti
2544 4007 2860 4161 fuerint,
2916 4068 3117 4167 ipsi
3097 4096 3175 4144 111
3212 4069 3469 4146 10811111

710 4195 1015 4273 aliorum
1050 4188 1582 4271 inscribuntur
1588 4221 1734 4297 qua
1769 4184 2144 4271 debitores
2181 4194 2465 4271 aerarii.

1851 4448 1865 4461 „
1974 4352 2199 4455 1059.
2292 4444 2341 4455 NJ
2410 4420 2421 4427 .

929 4467 1155 4566 Τους
1169 4446 1447 4583 οὖσιαν
1507 4467 2139 4587 απογραψαντας
2147 4474 2305 4557 τῶν
2341 4475 2677 4557 πολιτων
2711 4505 2921 4563 τινας
2958 4507 3059 4562 ως
3096 4474 3203 4579 τῷ
3242 4474 3468 4579 δήμῳ

711 4602 1294 4707 προσήκουσαν,
1341 4637 1418 4709 ει
1459 4605 2147 4721 συκοφαντοῦντες
2158 4592 2487 4727 αλοῖεν,
2532 4606 2824 4700 χιλίαις
2863 4603 3203 4703 ζημιοῦν.

2264 4730 2699 4835 (Suidas
2738 4726 3244 4865 ἀμφιορκία.)

1503 4838 1510 4849 ’
1822 4859 1831 4868 ·
1914 4827 2249 4920 1059.
3286 4860 3291 4865 ’

920 4968 1068 5063 Qui
1119 4968 1388 5046 civium
1443 4969 1646 5046 bona
1699 4980 1781 5046 ut
1834 4967 1931 5046 ad
1969 4962 2329 5071 populum
2365 4966 2817 5071 pertinentia
2852 4964 3254 5069 publicas
3232 4992 3311 5041 m
3350 4977 3465 5043 ta-

709 5094 920 5174 bulas
975 5092 1412 5191 retulerint,
1479 5097 1581 5171 81
1597 5094 2041 5221 calumniae
2064 5094 2380 5237 convicti
2436 5093 2749 5187 fuerint,
2822 5089 3025 5168 1111118
3068 5088 3465 5215 drachmis

709 5224 1173 5301 mulctentur.
1298 5238 1306 5247 “
