3725 5850
1227 1043 2058 1190 Προοίμιον.

1319 1363 1981 1480 Prooemium.

1609 1657 1676 1732 1.

471 1799 564 1876 Οἱ
604 1791 832 1900 νόμοι
871 1795 960 1874 τὸ
1000 1795 1318 1873 δίκαιον
1354 1801 1492 1870 καὶ
1531 1789 1620 1870 τὸ
1652 1781 1905 1871 καλὸν
1941 1799 2079 1870 καὶ
2118 1791 2205 1870 τὸ
2246 1799 2639 1895 συμφέρον
2673 1790 3019 1898 βούλονω

257 1953 378 1998 ται
415 1929 554 2000 καὶ
593 1925 830 2001 τοῦτο
870 1923 1174 2016 ζητοῦσι
1201 1951 1216 1966 ·
1275 1926 1414 1996 καὶ
1471 1917 1783 1996 ἐπειδᾶν
1835 1912 2129 2018 εὑρεθῇ
2148 1978 2168 2010 ,
2229 1919 2511 1997 κοινὸν
2548 1922 2783 1998 τοῦτο
2821 1925 2973 2023 πρό
2984 1970 3021 1980 -

259 2076 558 2154 «nawa
593 2047 1018 2146 ἀπεδείχθη
1043 2105 1066 2138 ,
1105 2047 1341 2126 πᾶσιν
1379 2047 1556 2124 ἴσον
1591 2051 1730 2122 καὶ
1769 2041 2049 2144 ὅμοιον
2072 2074 2087 2088 ·
2128 2051 2267 2121 καὶ
2304 2045 2515 2122 τοῦτ’
2556 2047 2713 2122 ἔστι
2749 2044 2983 2148 νίῃαος
2995 2106 3017 2140 ,

257 2166 317 2251 ὦ
351 2173 642 2264 πάντας
693 2172 1052 2276 προσήκει
1111 2177 1534 2250 πείθεσθαι
1588 2168 1714 2248 διὰ
1773 2169 2067 2262 πολλοὶ,
2127 2177 2269 2247 καὶ
2302 2170 2659 2272 μάλισθ’,
2720 2171 2839 2250 ὅτι
2876 2175 3023 2262 πᾶς

258 2309 408 2378 ἐστὶ
445 2299 679 2402 νόμος
715 2296 1005 2400 εὕρημα
1033 2301 1184 2398 μὲν
1217 2304 1360 2376 καὶ
1396 2297 1648 2399 δῶρον
1687 2298 1923 2389 θεῶν,
1964 2293 2217 2402 δόγμα
2256 2295 2323 2372 δ’
2345 2295 2784 2402 ἀνθρώπων
2816 2329 3017 2400 φρο-

260 2433 542 2528 νίμων,
601 2423 1118 2526 ἐπανόρθωμα
1159 2423 1236 2500 δὲ
1275 2423 1432 2501 τῶν
1487 2429 1868 2505 ἑκουσίων
1922 2429 2062 2499 καὶ
2121 2421 2519 2501 ἀκουσίων
2566 2418 3017 2526 ἁμαρτημά-

259 2583 446 2642 των,
503 2555 784 2639 πόλεως
824 2550 900 2627 δὲ
961 2547 1322 2641 συνθήκη
1359 2546 1584 2640 κοινὴ
1608 2607 1628 2638 ,
1690 2554 1886 2632 καθ’
1924 2542 2020 2639 ἢν
2059 2549 2242 2624 πᾶσι
2282 2541 2641 2650 προσήκει
2683 2551 2825 2650 ζῇν
2862 2565 3019 2640 τοῖς

259 2685 342 2753 ἐν
375 2674 470 2776 τῇ
507 2674 734 2754 πόλει.
1227 2678 1650 2772 (Demosth.
1691 2677 1747 2756 I.
1788 2705 1850 2754 e.
1890 2677 2273 2776 Aristogit.
2314 2679 2491 2752 774.
2531 2673 2597 2782 ξ.
2643 2681 2808 2774 16.)

1611 2839 1677 2914 1.

467 2986 708 3083 Leges
753 2984 1042 3087 justum
1099 2994 1176 3061 et
1212 2984 1634 3062 honestum
1691 2995 1768 3059 et
1801 2981 1981 3059 uffle
2017 2982 2282 3059 volunt
2319 2994 2390 3057 et
2424 2984 2572 3060 hoo
2611 2998 3015 3083 quaerunt3

260 3127 332 3191 et
383 3122 778 3215 postquam
848 3110 1240 3186 inventum
1310 3108 1572 3203 fuerit,
1651 3132 2045 3205 commuue
2119 3106 2265 3182 hoc
2339 3110 2423 3183 fit
2494 3122 2976 3211 praeceptum
2998 3168 3017 3205 ,

259 3237 599 3315 omnibus
652 3262 793 3338 par
847 3245 922 3309 et
977 3231 1380 3335 aequabile.
1457 3232 1552 3308 Et
1605 3230 1790 3309 haee
1847 3242 1958 3307 est
2010 3230 2172 3326 lex,
2232 3232 2349 3305 eui
2408 3258 2664 3309 omnes
2700 3247 3015 3337 propter

257 3362 487 3440 multa
519 3385 783 3463 parere
840 3356 1154 3457 debent,
1214 3370 1290 3434 et
1341 3353 1804 3461 potissimum
1860 3358 2003 3433 hac
2060 3356 2153 3433 de
2212 3383 2471 3454 causa,
2532 3358 2732 3459 quod
2774 3361 3015 3439 omnis

255 3490 376 3566 lex
409 3488 796 3564 inventum
835 3494 945 3560 est
981 3495 1056 3561 et
1092 3483 1374 3560 donum
1430 3482 1777 3578 deorum,
1845 3481 2233 3561 decretum
2287 3484 2669 3561 hominum
2724 3486 3018 3587 sapien-

257 3614 435 3691 tium
455 3670 474 3709 ‚
531 3609 886 3687 eorrectio
927 3607 1364 3685 delictorum
1399 3606 1988 3685 voluntariorum
2026 3620 2103 3683 et
2135 3606 2854 3706 involuntariorum‚
2914 3612 3015 3687 ci-

257 3738 643 3837 vitatisque
682 3758 1074 3811 commune
1115 3745 1417 3835 pactum
1436 3792 1455 3830 ‚
1501 3733 1618 3809 eui
1658 3759 1913 3810 omnes
1952 3731 2233 3811 debent
2271 3734 2527 3813 vivere
2566 3737 3013 3813 convenien-

257 3875 366 3939 ter
401 3862 484 3939 in
521 3861 841 3938 civitate.
1599 3966 1648 4041 2

440 4100 667 4182 ’Ἐστι
704 4102 850 4183 δύο
887 4103 1090 4197 εἴδη,
1149 4108 1314 4204 περὶ
1353 4092 1468 4180 ὦν
1521 4107 1718 4180 εἰσὶν
1755 4106 1828 4181 οἱ
1866 4100 2095 4203 νόμοι
2132 4111 2329 4181 καθ’
2368 4096 2660 4195 ἁπάσας
2698 4102 2831 4196 τὰς
2866 4104 3013 4184 πό-

257 4236 396 4323 λεις
417 4262 436 4279 ·
475 4222 590 4308 οἷν
623 4230 714 4308 τὸ
741 4236 891 4333 μέν
926 4238 1078 4308 ἐστι
1099 4288 1122 4323 ,
1163 4229 1260 4305 δι’
1297 4220 1412 4307 οἷν
1434 4226 1786 4331 χρώμεθ’
1826 4228 2178 4325 ἀλλήλοις
2211 4238 2351 4308 καὶ
2390 4233 3014 4335 συναλλάττομεν

254 4366 389 4435 καί
428 4362 593 4460 περὶ
629 4358 786 4435 τῶν
823 4356 1045 4433 ι’δίων
1081 4350 1134 4431 ἃ
1159 4352 1310 4457 χρὴ
1369 4366 1618 4434 ποιεῖν
1673 4354 2145 4458 διωρίσμεθα
2181 4364 2323 4433 καὶ
2382 4359 2635 4461 ζῶμεν
2690 4357 2881 4449 ὅλως
2918 4360 3011 4436 τὰ

253 4482 432 4586 πρὸς
467 4478 660 4585 ἦμᾶς
697 4480 982 4573 αὐτοῦς
1005 4512 1020 4527 ·
1079 4477 1168 4559 τὸ
1207 4480 1302 4575 δ’,
1343 4478 1440 4558 ὅν
1492 4479 1780 4583 τρόπον
1835 4481 1952 4558 δεῖ
1983 4484 2097 4583 τῷ
2129 4484 2384 4585 κοινοῖ
2418 4486 2542 4579 τῆς
2582 4484 2863 4574 πόλεως
2901 4494 3007 4564 ἕν’

252 4618 582 4689 ἕκαστον
615 4604 835 4710 ἡμῶν
858 4608 1203 4709 χρῆσθαι
1227 4666 1248 4700 ,
1305 4606 1444 4685 ἐὰν
1500 4608 2044 4687 πολιτεύεσθαι
2098 4609 2474 4710 βούληται
2531 4618 2667 4687 καί
2717 4614 2831 4711 φῇ
2865 4618 3011 4708 κή-

255 4734 523 4814 δεσθαι
559 4737 688 4830 τῆς
724 4736 1030 4825 πόλεως.
1224 4738 1648 4831 (Demosth.
1688 4739 1766 4817 in
1804 4738 2209 4817 Timocrat.
2250 4742 2427 4817 760.
2467 4735 2535 4842 ξ.
2579 4742 2796 4835 192.)

1596 4900 1668 4975 2.

459 5040 625 5122 Duo
680 5054 856 5121 sunt
907 5068 1188 5143 genera.
1241 5068 1527 5140 rerum,
1585 5044 1676 5120 de
1735 5044 2003 5142 quibus
2057 5046 2137 5120 in
2195 5046 2539 5122 omnibus
2586 5046 3009 5123 civitatibus

255 5164 454 5267 leges
489 5168 854 5249 existunt:
911 5168 1261 5266 alterum,
1319 5195 1465 5270 quo
1518 5168 1837 5245 invicem
1894 5168 2167 5247 utimur
2222 5181 2299 5246 et
2349 5170 2789 5273 paciscimur
2810 5227 2829 5266 ‚
2884 5169 3007 5247 de-

2548 5292 2579 5355 1
