3725 5850
1139 478 1477 555 PYTRIA,
1526 478 1831 556 namA,
1881 452 2238 539 mrum&
2911 456 3082 557 323,-

980 868 987 875 ι
1505 772 1731 867 Μέρος
1774 776 1870 863 β’.

944 897 1359 983 Πύθια,
1439 898 1892 1001 Νέμεια,
1951 896 2424 997 ’Ἰσθμια

1512 1134 1729 1201 Pars
1790 1140 1851 1203 2.

1080 1259 1443 1349 Pythia,
1491 1260 1847 1349 Nemea,
1893 1264 2281 1333 Isthmia.

1564 1428 1789 1505 1269.

515 1572 863 1667 Πέμπειν
900 1566 1007 1668 τῷ
1060 1563 1486 1644 Ἀπόλλωνι
1528 1574 1609 1646 ἰν
1644 1570 1752 1670 τῷ
1792 1566 2036 1674 ἀγῶνι
2075 1572 2230 1648 τῶν
2269 1578 2614 1649 Πυθίων
2649 1572 2832 1663 τούς
2858 1583 3057 1653 θεω-

289 1688 491 1791 ρούς
528 1696 663 1769 καὶ
701 1690 883 1782 τούς
924 1698 1443 1793 θεσμοθέτας,
1500 1700 1631 1771 ἵνα
1678 1702 1952 1795 μεῖζον
2005 1690 2057 1795 ᾗ
2111 1695 2197 1774 τὸ
2258 1696 2557 1798 ἀξίωμα
2593 1700 2719 1792 τῆς
2760 1708 3056 1791 θυσίας.

997 1821 1285 1917 (Schol.
1324 1823 1401 1900 in
1434 1825 1818 1903 Demosth.
1863 1825 1954 1902 de
1992 1826 2151 1905 fals.
2193 1829 2414 1929 legat.
2455 1827 2633 1924 380,
2680 1830 2840 1922 15.)

1566 1986 1793 2062 1269.

511 2108 897 2186 Mittantur
950 2108 1285 2212 Apollini
1339 2113 1415 2188 in
1478 2113 1673 2189 ludis
1709 2115 2155 2215 Pythiorum
2209 2116 2448 2193 theori
2486 2126 2560 2194 et
2596 2118 3050 2197 thesmothe-

282 2244 413 2310 tae
437 2292 455 2329 ‚
512 2247 593 2311 ut
627 2237 868 2339 major
902 2237 997 2313 sit
1033 2238 1371 2315 sacrificii
1409 2238 1757 2339 dignitas.

1569 2398 1793 2476 1270.

511 2518 867 2597 Πυθιάδι
906 2514 1119 2597 ἆθλα
1155 2518 1350 2597 εἶναι
1392 2520 1918 2622 κιθαρῳδίας,
1977 2528 2110 2597 καὶ
2151 2522 2476 2621 δολίχου
2531 2530 2668 2601 καὶ
2727 2523 3051 2604 διαῦλου

285 2652 507 2721 παισὶ
546 2643 871 2746 δρόμον·
925 2652 1063 2721 καὶ
1101 2651 1354 2723 ἵππων
1390 2642 1723 2747 δ’ρόμον·
1778 2653 1918 2723 καὶ
1975 2646 2436 2749 κιθαριστὰς
2491 2647 2674 2740 τούς
2725 2657 2862 2755 ἐπὶ,
2892 2652 3052 2729 τῶν

282 2768 755 2871 κρουμάτων
807 2771 965 2849 τῶν
1018 2769 1389 2867 ἀφώνων·
1465 2780 1601 2849 καὶ
1660 2768 1983 2865 ὁπλίτην
2042 2773 2351 2873 δρόμον.
2422 2781 2575 2850 Καὶ
2631 2775 3050 2876 συνωρίδος

284 2895 491 2974 εἶναι
550 2894 855 2997 δρόμον.
916 2894 1431 3004 Παγκράτιον
1486 2896 1563 2976 δὲ
1621 2907 1705 2976 ἐν
1761 2904 1972 2975 παισὶ
2027 2906 2162 2974 καὶ
2221 2897 2602 2998 συνωρίδα
2655 2932 2736 2976 τε
2777 2899 3050 2979 πώλων

284 3029 588 3117 κέλητα.
1909 3028 2278 3122 (Pausan.
2309 3028 2402 3121 X,
2445 3027 2515 3123 7,
2557 3029 2828 3122 4-8.)

1566 3135 1790 3210 1270.

502 3259 791 3362 Pythiis
828 3261 979 3338 sint
1012 3262 1419 3337 certamina
1474 3272 1734 3338 cantus
1774 3261 1870 3338 ad
1907 3262 2304 3354 citharam,
2370 3272 2444 3338 et
2479 3286 2876 3363 puerorum
2914 3264 3041 3342 do-

281 3387 459 3463 lichi
500 3385 867 3487 diaulique
904 3411 1201 3482 eumue,
1241 3387 1417 3462 item
1456 3413 1712 3463 cursus
1751 3412 2150 3486 equorum;
2205 3399 2477 3464 canant
2512 3387 2696 3464 assis
2735 3387 3042 3483 fidibus;

282 3512 381 3587 sit
432 3537 659 3613 porro
714 3521 1165 3588 armatorum
1219 3521 1293 3587 et
1329 3511 1671 3610 bigarum
1705 3536 2004 3608 cursum
2061 3511 2380 3611 denique
2419 3513 2889 3613 pancratium
2925 3515 3038 3591 in-

282 3647 395 3716 ter
430 3661 747 3739 pueros,
804 3647 883 3712 et
916 3637 1094 3734 biga
1129 3638 1506 3739 pullorum
1543 3648 1617 3714 et
1653 3638 1900 3738 pullus
1945 3635 2404 3714 desultorius.

1544 3799 1768 3875 1271.

489 3899 635 3996 Ἐν
690 3923 1036 4007 Πυθίοις
1091 3917 1230 3996 τὸν
1286 3914 1800 4020 ὑστερήσαντα
1873 3921 1996 4012 τῆς
2071 3917 2525 4027 ἀπογραφῆς
2583 3918 3034 4027 ἀγωνιστήν,

283 4047 422 4124 τοῦ
467 4040 766 4152 ἀγῶνος
802 4043 1059 4145 εἷρξαι.

1092 4157 1505 4250 (Plutarch.
1542 4159 1949 4259 quaestion.
1989 4158 2350 4234 convival.
2390 4158 2558 4254 VII,
2601 4161 2670 4253 5,
2715 4158 2823 4252 1.)

1550 4320 1777 4406 1271.

497 4446 823 4547 pythiis,
880 4445 941 4522 si
998 4456 1318 4522 certator
1374 4445 1469 4522 ad
1521 4471 1793 4548 nomen
1856 4446 2188 4524 dandum
2246 4457 2545 4548 praesto
2581 4449 2661 4525 in
2696 4460 3030 4554 tempore

284 4599 431 4648 non
472 4571 798 4667 venerit,
857 4572 1254 4660 certamine
1294 4582 1649 4648 arceatur.

1536 4733 1762 4808 1272.

494 4854 809 4934 Δίδοται
844 4870 1002 4948 τοῖς
1038 4859 1193 4939 τῶν
1232 4855 1577 4962 Νεμέίων
1614 4856 2067 4965 ἀγωνισταῖς
2104 4857 2382 4940 ἀσυλία
2435 4867 2574 4938 καὶ
2629 4858 3022 4960 ἀσφάλεια.

1548 5099 1746 5174 ¹272
1854 4991 2271 5084 (Plutarch.
2311 4989 2605 5071 AratuS.
2647 4993 2816 5086 28.)

490 5224 943 5304 Nemeorum
978 5224 1467 5308 certatoribus
1504 5225 1932 5308 conceditur
1966 5224 2495 5305 inviolabilitas
2537 5237 2616 5302 et
2648 5227 3024 5306 securitas.

762 5339 769 5348 ’
2471 5348 2602 5415 21*
