3725 5850
630 384 778 465 122
1707 421 1832 476 ms
1871 421 2291 475 Punnrcum.

1908 611 2081 686 504.

835 737 1232 815 Actoribus
1291 739 1834 839 tragoediarum
1891 749 2199 841 propter
2260 749 2497 814 artem
2567 759 3007 837 quocunque
3065 733 3367 836 impune

622 863 726 939 ire
782 840 972 940 licet.

1907 971 2081 1046 505.

833 1113 1157 1198 Χαλκᾶς
1213 1110 1520 1198 εἰκόνας
1581 1108 1999 1187 ἀναθεῖναι
2056 1110 2212 1186 τῶν
2268 1110 2643 1200 ποιητῶν,
2700 1105 3147 1203 Αἰσχύλου,
3196 1111 3364 1180 Σο-

625 1243 1045 1332 φοκλέους,
1105 1233 1574 1336 Εὐριπίδου,
1631 1241 1768 1312 καὶ
1807 1234 1941 1323 τοὶς
1976 1234 2400 1340 τραγῳδίας
2456 1232 2718 1310 αὐτῶν
2770 1239 2855 1308 ἐν
2889 1231 3140 1330 κοινῷ
3176 1257 3365 1335 γρα-

624 1368 1017 1462 ψαμὲνους
1054 1361 1506 1458 φυλάττειν,
1567 1366 1706 1437 καὶ
1761 1358 1904 1437 τὸν
1956 1360 2084 1451 τῆς
2140 1360 2419 1445 πόλεως
2468 1365 2908 1465 γραμματέα
2946 1385 3370 1460 παραναγι-

623 1485 948 1563 νώσκειν
1002 1498 1162 1574 τοῖς
1218 1476 1903 1589 ὑποκρινομένοις·
1978 1483 2135 1562 οὐκ
2191 1493 2465 1578 ἐξεῖναι
2533 1483 2679 1590 γὰρ
2736 1477 2978 1568 ἄλλως
3036 1474 3371 1580 ὑποκρι-

619 1618 916 1689 νεσθαι.
1565 1617 1978 1710 (Plutarch.
2019 1617 2113 1692 X.
2150 1627 2420 1692 orator.
2458 1617 2587 1690 vit.
2627 1617 2950 1715 Lycurg.
2994 1611 3156 1704 11.)

1916 1782 2091 1855 505.

830 1917 1114 1998 Aereae
1152 1921 1519 2020 imagines
1557 1933 1931 2024 ponantur
1968 1925 2205 2024 poetis
2242 1922 2658 2022 Aeschylo,
2716 1921 3106 2023 Sophocli,
3158 1918 3375 1996 Euri-

619 2045 772 2145 pidi
794 2103 812 2140 ,
852 2069 1252 2146 eorumque
1291 2048 1716 2144 tragoediae
1755 2049 2172 2150 exscriptae
2209 2046 2506 2150 publice
2546 2057 3057 2143 asserventur,
3098 2070 3377 2145 easque

620 2169 868 2246 scriba
925 2171 1242 2246 civitatis
1299 2171 1541 2268 legat,
1599 2173 1778 2248 dum
1815 2186 2173 2273 agantur,
2234 2173 2471 2249 verba
2504 2173 2946 2249 histrionum
2980 2171 3060 2247 in
3094 2171 3379 2273 scripto

619 2319 976 2396 sequens;
1013 2295 1226 2372 aliter
1263 2321 1386 2373 eas
1437 2298 1559 2395 agi
1599 2299 1811 2375 nefas
1852 2311 2031 2375 esto.

1913 2458 2087 2533 506.

829 2578 1281 2672 Πάνδια,
1343 2579 1557 2682 ἑορτή
1625 2578 1819 2680 μετὰ
1901 2578 1993 2655 τὰ
2070 2579 2444 2658 Διονύσια
2516 2579 2887 2685 ἀγομένη·
2955 2572 3215 2684 ἄγεται
3291 2575 3375 2656 δὲ

619 2705 726 2804 τῷ
785 2709 930 2781 Διΐ.
1908 2819 2060 2894 506
2738 2711 3154 2807 (Photius.)

833 2942 1158 3038 Pandia,
1196 2946 1468 3021 festum
1502 2957 1673 3047 post
1708 2945 2070 3046 Dionysia
2104 2945 2582 3023 celebratum.
2647 2945 3087 3023 Celebratur
3122 2954 3381 3021 autem

621 3068 700 3143 in
739 3066 1099 3144 honorem
1135 3070 1192 3145 J
1193 3071 1372 3144 ovis.

1907 3180 2080 3255 507.

831 3302 1294 3398 Προχαρι
1319 3328 1421 3375 στ
1450 3300 1666 3401 ἡριά
1727 3304 1935 3376 &brev
1991 3294 2222 3400 ἡμέρα
2260 3308 2344 3376 ἐν
2380 3290 2428 3399 ᾗ
2467 3303 2538 3375 οἱ
2576 3308 2663 3377 ἐν
2699 3298 2786 3395 τῇ
2828 3296 3027 3400 ἀρχῇ
3067 3296 3377 3390 πάντες,

623 3416 1074 3519 ἀρχομένων
1111 3424 1429 3527 καρπῶν
1466 3424 1832 3522 φύεσθαι,
1875 3424 2239 3531 λήγοντος
2278 3418 2415 3517 ἤδη
2451 3423 2592 3501 τοῦ
2623 3423 3035 3524 χειμῶνος,
3081 3422 3375 3499 θύουσι

623 3545 710 3643 τῇ
752 3544 984 3645 Κόρη·
2791 3552 3155 3647 (suidas.)

1907 3662 2081 3737 507.

833 3781 1450 3881 Procharisteria,
1509 3788 1666 3863 dies
1706 3814 1852 3888 qua
1904 3789 2377 3885 magistratus
2436 3814 2731 3883 omnes,
2788 3789 3131 3887 frugibus
3165 3790 3382 3863 nasci

622 3906 1190 4010 incipientibus,
1230 3913 1368 3988 sub
1408 3912 1668 3990 hiemis
1707 3915 1975 4009 finem,
2018 3914 2513 4018 Proserpinae
2551 3914 2989 3993 sacrificant.

1791 4196 2201 4297 Τμῆμαι’.

1223 4335 1719 4445 “Εορταὶ
1809 4342 2753 4439 Μουνυχιῶνος.

1781 4597 2025 4675 Sectio
2084 4600 2204 4675 10.

1467 4741 1768 4817 Festa
1836 4740 2519 4842 Munychione.

1912 4921 2087 4997 508.

818 5037 1065 5139 ’Ἐκτῃ
1094 5039 1335 5140 μηνὸς
1371 5046 1782 5142 ἱσταμένου
1802 5042 2379 5141 Μουνυχιῶνος
2416 5042 2548 5131 τὰς
2575 5035 2809 5149 κόρας
2846 5050 3163 5143 πέμπειν
3197 5048 3379 5121 ἶλα-

625 5173 942 5268 σομένας
979 5172 1086 5257 εἰς
1121 5172 1562 5265 Δελφίνιον.
2272 5172 2686 5266 (Plutarch.
2726 5171 2949 5249 Thes.
2992 5174 3154 5267 18.)
