3725 5850
735 431 886 514 154
1831 467 1957 520 ωε
1994 465 2411 520 Pussmcmr.

931 793 1074 874 Ἐν
1147 809 1308 886 ταῖς
1383 805 1638 876 σανίσι
1717 811 1880 889 ταῖς
1953 793 2110 876 ὖπὸ
2189 797 2344 874 τῶν
2405 797 2911 897 θεσμοθετῶν
2966 804 3506 898 ἐκτιθεμέναις

727 917 1170 1027 ἀναγκαίόν
1229 931 1476 1014 ἐστιν,
1537 919 2022 1024 ἀμφοτέρους
2078 931 2400 1013 ἐνεῖναι,
2460 921 2643 1012 τούς
2703 954 2781 999 τε
2834 919 2978 1015 τὴν
3035 921 3265 1002 πόλιν
3318 919 3505 1000 ἀδι-

725 1047 1063 1138 κοῦντας
1102 1055 1240 1126 καί
1278 1046 1459 1140 τούς
1497 1051 2206 1148 σηκοφαντοῦντας.

2182 1182 2526 1275 (Isocrat.
2568 1179 2661 1256 de
2700 1190 3014 1282 permut.
3057 1177 3278 1272 237.)

2020 1344 2196 1418 624.

938 1467 1093 1545 Illis
1156 1468 1466 1562 tabulis,
1527 1494 1720 1569 quae
1777 1494 1824 1543 a
1882 1468 2398 1546 thesmothetis
2456 1477 2970 1570 exponuntur,
3029 1490 3330 1544 necesse
3380 1476 3507 1542 est

723 1601 1071 1692 utrosque
1109 1593 1505 1682 contineri,
1545 1605 1620 1668 et
1655 1594 2125 1672 insidiatores
2162 1593 2615 1694 reipublicae
2655 1601 2728 1667 et
2764 1592 3268 1693 sycophantas
3306 1591 3507 1685 (hoc

727 1725 878 1808 est,
937 1742 1064 1792 eos
1101 1717 1230 1818 qui
1264 1719 1744 1816 magistratus
1783 1719 2193 1814 ambiunt).

2020 1880 2197 1954 625.

938 2017 1032 2092 Ol
1089 2015 1368 2092 ἕνδεκα
1423 2018 1954 2120 τοιχωρύχους
2010 2021 2150 2092 καί
2207 2023 2533 2106 κλέπτας
2588 2023 2725 2094 καί
2780 2015 2962 2104 τούς
3003 2022 3123 2093 ἐπὶ
3168 2016 3509 2116 θανάτῳ

720 2139 1134 2246 εἰσάγουσι.
2062 2146 2489 2240 (Demosth.
2532 2148 2697 2224 adV.
2742 2147 3013 2224 Lacrit.
3055 2147 3275 2238 940.)

2018 2310 2195 2385 625.

939 2427 1450 2510 Undecimviri
1506 2447 1968 2533 grassatores
2028 2445 2103 2511 et
2142 2437 2342 2512 fures
2382 2445 2457 2513 et
2493 2435 2677 2512 alios
2716 2435 3181 2512 facinorosos
3223 2433 3505 2536 capitis

719 2581 883 2632 reos
921 2556 1417 2636 introducunt.

937 2803 1352 2911 Εἰσάγουσι
1396 2805 1472 2882 δὲ
1513 2814 1652 2884 καί
1693 2806 1784 2884 τά
1826 2804 2438 2916 ἀπογραφόμενοι
2476 2813 2775 2908 χωρία,
2838 2811 3140 2897 οἰκίας,
3201 2808 3335 2880 καὶ
3398 2803 3511 2880 τὰ

721 2924 1040 3027 δημόσια
1079 2930 1277 3010 εἶναι
1317 2931 1651 3027 δόξαντα
1692 2934 2198 3036 παραδιδοῦσι
2234 2947 2393 3022 τοῖς
2433 2942 2823 3028 πωληταῖς.

2088 3066 2557 3167 (Etymolog.
2599 3064 2849 3163 Magn.
2890 3062 3068 3158 338,
3110 3062 3277 3153 35.)

2011 3228 2191 3303 626.

929 3348 1418 3425 Introducunt
1457 3351 1683 3427 etiam
1721 3352 2059 3429 actiones
2098 3378 2139 3427 e
2180 3350 2733 3452 conscriptione
2774 3348 3199 3440 fundorum,
3240 3354 3315 3421 et
3352 3344 3501 3421 do·-

715 3496 1009 3548 morum
1044 3485 1279 3565 ortem,
1317 3475 1497 3551 item
1533 3476 1700 3551 lites
1738 3475 1828 3552 de
1869 3476 2109 3570 bonis,
2148 3500 2335 3576 quae
2375 3475 2677 3576 publica
2714 3473 3061 3550 videntur
3098 3496 3285 3565 esse,
3328 3480 3499 3545 tra-

719 3594 907 3671 dunt
949 3598 1246 3674 Poletis.

2017 3708 2195 3785 627.

921 3840 1116 3921 Εάν
1150 3878 1260 3935 τις
1298 3855 1376 3939 ἐξ
1433 3844 1736 3946 ἀμφοῖν
1790 3855 2045 3940 ξένοιν
2100 3847 2433 3953 γεγονώς
2478 3851 2855 3949 φρατίζῃ,
2915 3842 3230 3922 διώκειν
3285 3842 3511 3921 εἶναι

719 3967 826 4066 τῷ
862 3970 1322 4072 βουλομένῳ
1368 3970 1865 4066 Ἀθηναίων,
1924 3971 2041 4061 οἷς
2088 3978 2373 4067 ἐξεςιν,
2430 3981 2517 4050 ἐν
2555 3983 2715 4061 τοῖς
2752 3966 3273 4059 ναυτοδίκαις.

2110 4102 2686 4205 (Harpocratioz
2743 4094 3274 4194 ναυτοδίκαι.)

2008 4264 2187 4341 627.

931 4384 1010 4461 si
1047 4388 1211 4487 quis
1249 4414 1340 4463 ex
1381 4399 1695 4488 utroque
1735 4402 2045 4490 parente
2086 4390 2527 4491 peregrinus
2564 4416 2645 4467 se
2682 4416 2820 4491 pro
2858 4390 3213 4491 phratore
3248 4402 3515 4485 gerat,

718 4534 883 4584 eum
921 4511 1234 4611 quilibet
1269 4514 1881 4608 Atheniensium,
1941 4516 2209 4616 quibus
2255 4516 2382 4617 Jus
2430 4525 2582 4609 est,
2644 4514 2843 4616 apud
2903 4512 3335 4589 nautodicas
3365 4514 3515 4613 ju-

719 4635 914 4713 dicio
951 4639 1298 4741 persequi
1336 4647 1604 4739 potest.

918 4858 1115 4944 ῗΕάν
1150 4898 1260 4957 τις
1296 4873 1480 4966 λίπῃ
1517 4866 1660 4961 τὴν
1693 4866 1921 4960 τάξιν
1976 4875 2081 4959 εἰς
2136 4868 2478 4946 τούπίσω
2539 4868 2819 4957 δειλίας
2866 4875 3095 4944 ἕνεκα
3126 4878 3515 4968 μαχομέ-

717 5022 876 5068 νων
913 4997 1070 5068 τῶν
1107 4987 1411 5083 ἄλλων,
1473 5001 1635 5093 περὶ
1675 4992 1963 5069 τούτου
2002 4992 2183 5084 τούς
2240 4993 2696 5093 στρατιώτας
2735 5000 2825 5091 θ)
2882 4992 3247 5089 δικάζειν.
3328 5004 3513 5073 Καὶ

805 5207 876 5287 ⁴²)
927 5206 1159 5275 Melius
1205 5210 1632 5300 στρατηγούς.
