3725 5850
715 420 871 501 512
1388 444 2006 497 coMueu‘rAnms
2043 443 2153 495 An
2189 440 2314 497 ⁷38.
2353 440 2478 498 ⁷42.
2519 438 2642 496 ¹7⁴3.
2685 440 2806 497 m.

717 665 896 717 vero
949 664 1175 739 quam
1238 646 1671 741 comparata
1727 646 1925 713 esset
1985 636 2280 715 crimini
2335 634 2712 735 defensio,
2771 634 3082 739 impium
3137 635 3358 739 plane
3407 646 3476 712 et

715 764 1116 867 profanum
1152 763 1311 842 fore
1342 762 1706 865 judicium
1744 761 2083 839 arbitrati
2119 773 2315 839 sunt.

1889 972 2043 1055 Ad
2086 973 2314 1056 ⁷38.

935 1142 1193 1219 Voluit
1226 1143 1649 1243 legislator,
1705 1152 1789 1218 ut
1834 1141 2130 1243 judices
2167 1140 2258 1218 de
2298 1141 2647 1217 omnibus
2683 1140 2994 1218 reddere
3031 1148 3344 1242 possent
3366 1138 3480 1238 ju·

719 1266 1033 1364 dicium,
1093 1277 1169 1342 et
1221 1292 1319 1343 ne
1376 1295 1525 1369 qua
1576 1268 1933 1344 memoria
1991 1264 2498 1364 elaberentur,
2558 1291 2748 1343 neve
2799 1266 2948 1343 illis
2985 1265 3486 1365 imponeretur

720 1394 842 1469 vel
879 1393 976 1469 ab
1017 1404 1270 1470 actore
1308 1395 1431 1469 vel
1468 1419 1515 1469 a
1550 1419 1679 1469 reo
1703 1450 1721 1487 ‚
1762 1402 1837 1468 et
1875 1417 2077 1470 nova
2114 1393 2424 1471 crimina
2448 1449 2467 1488 ,
2507 1416 2824 1492 quorum
2861 1417 3012 1468 non
3053 1402 3250 1465 esset
3285 1413 3486 1463 men-

720 1519 827 1594 tio
864 1518 943 1593 in
980 1517 1237 1594 libello
1276 1517 1779 1613 accusatori0‚
1820 1527 1952 1593 aut
1989 1515 2529 1616 affingerentur
2567 1526 2695 1595 aut
2732 1526 3286 1592 excusarentur.
3343 1514 3485 1588 De-

718 1641 1004 1718 bebunt
1040 1644 1236 1718 enim
1271 1642 1377 1719 illi
1403 1619 1775 1744 jud‘ioium
1810 1642 2125 1720 reddere
2164 1643 2256 1720 de
2293 1644 2384 1720 iis
2425 1652 2738 1741 tantum,
2772 1667 3086 1742 quorum
3120 1640 3200 1717 in
3238 1637 3488 1715 libeuo

722 1769 1218 1846 accusabatur
1254 1793 1446 1846 reus.

1898 1872 2052 1955 Ad
2091 1874 2324 1957 742.

868 2036 871 2041 ’
938 2038 1210 2116 Pollux
1248 2038 1457 2135 VIII,
1500 2036 1697 2113 123:
1766 2031 2080 2130 Ψήφους
2118 2030 2339 2131 εἶχον
2364 2032 2676 2130 χαλκᾶς
2717 2029 2903 2123 δύο,
2941 2036 3494 2132 τετρυπημένην

726 2165 871 2237 καὶ
905 2157 1343 2262 ἀτρύπητον
1371 2189 1386 2204 ·
1446 2168 1586 2236 καὶ
1642 2158 1943 2261 κάδον,
2002 2150 2066 2259 ᾧ
2122 2157 2366 2260 κημὸς
2422 2166 2804 2249 ἐπέκειτο,
2864 2156 2962 2233 δι’
3002 2149 3102 2234 οῦ
3163 2160 3492 2232 καθίετο

726 2282 769 2380 ἦ
812 2287 1113 2388 ψῆφος·
1170 2279 1408 2375 αὖθις
1445 2286 1524 2362 δὲ
1566 2284 1710 2363 δύο
1754 2283 2169 2387 ἀμφορεῖς·
2227 2278 2270 2363 ὃ
2303 2291 2456 2387 μὲν
2479 2282 2883 2382 χαλκοῦς,
2943 2275 2988 2361 o‘
3033 2281 3112 2361 δὲ
3149 2281 3492 2376 ξύλινος·

728 2405 771 2489 ὅ
804 2416 953 2513 μὲν
986 2409 1298 2513 κύριος,
1358 2404 1402 2489 ὅ
1464 2411 1543 2489 δὲ
1601 2407 1936 2514 ἄκυρος·
1991 2412 2102 2512 τῷ
2163 2410 2240 2489 δὲ
2292 2412 2583 2513 χαλκῷ
2642 2410 2836 2504 ἐπῆν
2881 2414 3271 2510 ἐπίθημα,
3321 2408 3500 2509 μιᾶς

730 2537 1005 2643 ψήφου
1046 2534 1321 2638 χώραν
1375 2540 1585 2635 ἓζγον.
1665 2542 2058 2636 (Calculos
2112 2540 2302 2619 duos
2358 2542 2742 2619 habebant
2797 2566 3070 2618 aeneos
3093 2599 3110 2632 ‚
3168 2540 3498 2641 perfora·

727 2678 886 2744 tum
925 2677 999 2743 et
1032 2691 1187 2744 non
1225 2666 1728 2767 perforatum3
1785 2678 1861 2743 et
1899 2692 2165 2743 urnam
2186 2724 2204 2761 ‚
2244 2665 2363 2742 cui
2401 2691 2656 2742 camus
2695 2666 3082 2768 impositus
3122 2675 3330 2759 erat,
3374 2688 3500 2765 per

730 2816 953 2891 quem
988 2790 1314 2868 calculus
1350 2792 1910 2869 immittebatur.
1947 2790 2239 2869 Deinde
2279 2802 2354 2867 et
2391 2791 2576 2868 duas
2615 2789 2997 2869 habebant
3032 2816 3282 2885 urnas,
3328 2814 3498 2888 qua-

729 2944 895 2994 rum
931 2916 1118 2994 haec
1156 2916 1455 3018 quidem
1492 2943 1729 2997 aenea
1757 2977 1775 3014 ‚
1831 2916 2069 2996 altera
2107 2944 2286 2995 vero
2323 2918 2575 3017 lig-nea
2611 2929 2811 3016 erat3
2868 2931 2942 2994 et
2977 2915 3165 2994 haec
3203 2915 3502 3017 quidem

730 3043 1234 3120 condemnans
1257 3102 1274 3137 ,
1332 3044 1461 3122 illa
1496 3069 1675 3121 vero
1714 3045 2198 3122 absolutoria.
2274 3045 2577 3123 Aeneae
2619 3054 2868 3121 autem
2906 3043 3349 3146 operculum
3387 3069 3496 3118 su-

730 3169 1201 3272 per-jacebat,
1262 3170 1483 3247 unius
1522 3171 1791 3248 calculi
1829 3170 2168 3249 foramen
2206 3169 2559 3262 habens.)

944 3293 1162 3370 Prius
1198 3319 1433 3371 unum
1468 3305 1757 3372 tantum
1792 3321 1926 3372 vas
1975 3306 2170 3392 erat,
2229 3306 2313 3372 ut
2367 3305 2684 3398 apparet
2740 3321 2779 3371 e
2831 3293 3150 3374 Scholiis
3206 3295 3308 3372 ad
3347 3293 3502 3374 Ari-

733 3417 1120 3522 stophanis
1158 3419 1469 3519 Equites
1506 3446 1577 3497 v,
1622 3420 1852 3496 1150.

1908 3560 2062 3643 Ad
2101 3561 2334 3646 743.

947 3725 1217 3804 Pollux
1256 3725 1465 3823 VIH,
1509 3726 1860 3804 16—1'7:
1921 3723 2155 3800 πάλαι
2197 3727 2594 3827 χοιρίναις
2653 3722 2828 3802 άντὶ
2887 3724 3176 3829 ψήφων
3211 3724 3508 3826 ἐχρῶν-

732 3881 868 3941 το,
926 3853 1145 3948 αἵπερ
1183 3841 1381 3942 ἦσαν
1414 3847 1707 3956 κόγχαι
1752 3849 2205 3927 θαλάττιαι·
2263 3845 2501 3939 αὖθις
2557 3851 2634 3928 δὲ
2691 3858 2831 3927 καὶ
2874 3853 3188 3949 χαλκᾶς
3247 3853 3510 3944 ἐποιή-

736 4003 973 4054 σαντο
1011 3972 1220 4052 κατοῖ
1256 3980 1625 4077 μίμησιν,
1682 3983 1823 4053 καὶ
1881 3976 2301 4054 σπὸνδυλοι
2363 3975 2440 4054 δὲ
2502 3959 2938 4056 ἐκαλοῦντο
2996 3983 3074 4056 αἱ
3130 3978 3396 4082 ψῆφοι
3434 3979 3510 4052 αἱ

738 4100 1181 4178 δικαστικαὶ
1204 4159 1226 4193 ,
1253 4103 1573 4201 χαλκοῦ
1618 4110 2135 4203 πεποιημέναι.
2211 4107 2456 4202 (Olim
2495 4109 2866 4187 choerinis
2889 4169 2907 4206 ,
2948 4135 3136 4209 quae
3177 4106 3510 4188 conchae

736 4234 1065 4311 marinae
1125 4249 1373 4334 erant,
1443 4267 1580 4340 pro
1639 4240 1941 4316 calculis
1997 4240 2426 4315 utebantur.
2519 4237 2812 4316 Deinde
2869 4266 3183 4335 aeneos,
3242 4263 3510 4314 secun·

736 4359 915 4435 dum
951 4358 1214 4438 harum
1255 4361 1635 4465 exemplar
1671 4363 2032 4443 fecerunt.
2072 4362 2272 4439 Tum
2311 4373 2386 4439 et
2421 4361 2551 4440 tali
2591 4364 3056 4444 vocabantur
3095 4363 3366 4442 calculi
3406 4364 3511 4440 fo·

734 4509 990 4562 renses
1011 4543 1029 4580 ‚
1088 4497 1163 4565 et
1200 4513 1295 4566 ex
1332 4513 1503 4567 aere
1541 4490 1946 4584 fabricati.)

1911 4664 2065 4747 Ad
2107 4666 2338 4748 744.

948 4809 1031 4888 si
1083 4811 1337 4914 plures
1402 4815 1702 4892 fuerant
1753 4824 2008 4916 partes
2065 4812 2542 4892 adversariae
2597 4839 2638 4890 e
2681 4812 2992 4892 diversis
3033 4813 3230 4915 juris
3281 4812 3512 4890 titulis

733 4933 1153 5037 litigantes,
1214 4949 1327 5014 tot
1360 4964 1673 5017 numero
1710 4939 1998 5018 sitellae
2037 4939 2562 5042 ponebantur,
2623 4949 2806 5038 quot
2843 4949 3056 5016 erant
3094 4951 3348 5041 partes
3387 4939 3512 5014 ad·

735 5062 1147 5158 vei-uariae,
1204 5076 1285 5140 ut
1342 5076 1661 5168 apparet
1714 5091 1755 5142 e
1811 5065 2316 5144 Demosthene
2375 5065 2544 5143 adv.
2599 5063 3090 5142 Macartatum
3145 5092 3217 5167 p.
3263 5063 3510 5140 1053:

735 5181 1144 5262 καδίσκων
1180 5185 1561 5289 τεττάρων
1594 5193 1984 5267 τεθέντων
2015 5185 2223 5266 κατὰ
2259 5185 2403 5265 τὸν
2439 5188 2712 5290 νόμον.
