3725 5850
612 379 770 461 292
1716 408 1841 461 ms
1878 404 2296 461 rnamenta.

1810 700 2037 795 Μέρος
2086 700 2170 787 η’.

1618 832 1882 927 Περὶ
1958 825 2372 925 ὕβρεως.

1842 1070 2034 1136 Pars
2082 1068 2148 1135 8.

1552 1195 1686 1264 De
1760 1194 2435 1263 contumelia.

1889 1358 2118 1437 1157.

828 1498 1067 1582 Πᾶσα
1104 1494 1325 1603 ὕβρις
1362 1498 1729 1600 δημόσιόν
1766 1510 1976 1581 ἐστιν
2010 1498 2382 1602 ἀδίκημα.

1220 1628 1641 1735 (Anonymi
1680 1631 1990 1733 Argum.
2027 1632 2108 1714 in
2143 1634 2537 1713 Demosth.
2577 1634 2902 1713 Midiam.
2947 1633 3174 1727 513.)

1933 1795 1969 1869 1
2089 1852 2107 1873 .

824 1915 1089 1995 Omnis
1124 1918 1575 1999 continnelia
1608 1932 1725 1999 est
1756 1793 2482 2025 crimeffpublicum:

1879 2083 2106 2159 1158.

816 2214 1013 2298 Ἐάν
1048 2248 1157 2308 τις
1195 2214 1479 2323 ὑβρίσῃ
1514 2222 1625 2312 εἴς
1660 2254 1878 2316 τινα,
1947 2219 1994 2319 ἢ
2029 2223 2270 2302 παῖδα
2325 2222 2374 2319 ἢ
2410 2236 2758 2332 γυναῖκα
2795 2220 2843 2319 ἢ
2879 2218 3176 2325 ἄνδρα,
3232 2220 3407 2299 τῶν

612 2350 1039 2446 ἐλευθέρων
1078 2341 1125 2438 ἢ
1159 2346 1319 2424 τῶν
1352 2344 1700 2441 δούλων,
1763 2345 1810 2440 ἢ
1846 2348 2301 2451 παράνομόν
2353 2383 2426 2431 τι
2465 2349 2739 2449 ποιήσῃ
2787 2356 2895 2440 εἰς
2933 2348 3232 2429 τούτων
3271 2378 3400 2425 τι-

614 2467 713 2550 νοὶ
735 2527 759 2561 ,
817 2477 1231 2575 γραφέσθω
1268 2470 1455 2571 πρὸς
1492 2470 1675 2563 τούς
1734 2480 2216 2574 θεσμοθέτας
2273 2470 2318 2555 ὁ
2375 2474 2855 2579 βουλόμενος
2899 2473 3393 2568 Ἀθηναίων,

614 2592 729 2687 οἷς
764 2599 1099 2693 ἔξεστιν,
1154 2594 1348 2673 οἶδὲ
1391 2603 1870 2707 θεσμοθέται
1926 2594 2398 2705 εἰσαγόντων
2455 2605 2562 2689 εἰς
2615 2597 2759 2693 τήν
2815 2593 3130 2693 ἡλιαίαν
3168 2596 3393 2700 τριά-

612 2728 853 2801 κονθ’
893 2714 1193 2826 ἦμερῶν
1229 2719 1368 2819 ἀφ’
1408 2712 1490 2817 ἧς
1524 2718 1633 2801 ἂν
1666 2716 1706 2819 ἦ
1747 2723 2033 2830 γραφή,
2091 2724 2234 2804 ἐάν
2277 2724 2384 2825 μή
2426 2758 2498 2803 τι
2537 2724 2907 2827 δημόσιον
2942 2723 3255 2825 κωλύῃ,
3314 2730 3394 2805 εἰ

615 2843 693 2926 δὲ
721 2843 832 2947 μή
856 2903 879 2939 ,
920 2842 1114 2928 ὅταν
1147 2840 1198 2949 ᾗ
1232 2848 1538 2949 πρῶτον
1574 2847 1749 2928 οἶόν
1786 2874 1899 2930 τε·
1955 2844 2143 2928 ὅτου
2181 2849 2253 2929 δ’
2292 2845 2399 2930 ἄν
2433 2853 2995 2959 καταγνωσθῇ,
3036 2846 3076 2948 ἦ
3120 2844 3383 2948 ἡλιαία

614 2970 897 3074 τιμάτω
936 2979 1101 3077 περὶ
1140 2971 1389 3052 αὐτοῦ
1430 2977 1932 3079 παραχρῆμα,
1989 2969 2180 3054 ὅτου
2225 2973 2329 3056 ἂν
2365 2977 2562 3077 δοκῇ
2602 2971 2816 3072 ἄξιος
2852 2975 3054 3060 εἶναι
3092 2985 3382 3056 παθεῖν

615 3095 666 3192 ἢ
702 3095 1105 3177 ἀποτῖσαι(
1160 3095 1330 3177 ὅσοι
1369 3099 1439 3176 δ’
1477 3096 1582 3178 ἄν
1617 3100 2070 3206 γράφωνται
2105 3101 2409 3209 γραφὰς
2448 3102 2649 3192 ἰδίας
2684 3100 2888 3180 κατὰ
2927 3101 3070 3182 τὸν
3106 3102 3374 3204 νόμον,

615 3223 759 3304 ἐάν
810 3256 923 3313 τις
967 3222 1078 3326 μὴ
1136 3221 1505 3326 ἐπὶξέλθῃ
1562 3223 1613 3320 ἢ
1664 3225 1986 3322 ἐπεξιών
2033 3227 2143 3330 μὴ
2192 3228 2598 3332 μεταλάβῃ
2649 3221 2754 3306 τὸ
2781 3236 3124 3330 πέμπτον
3149 3235 3376 3330 μέρος

616 3350 773 3434 τῶν
809 3348 1119 3454 ψήφων,
1179 3349 1615 3428 ἀποτισάτω
1647 3357 1916 3450 χιλίας
1953 3351 2300 3456 δραχμὰς
2347 3354 2456 3456 τῷ
2495 3353 2875 3457 δημοσίῳ·
2933 3351 3073 3433 ἐὰν
3127 3353 3200 3430 δ’
3237 3351 3376 3454 ἀρ-

616 3480 895 3582 γυρίου
932 3477 1219 3577 τιμηθῇ
1256 3475 1384 3572 τῆς
1422 3472 1713 3580 ὕβρεως
1732 3535 1755 3570 ,
1814 3478 2152 3562 δεδέσθω
2173 3539 2196 3573 ,
2253 3479 2394 3560 ἐὰν
2427 3485 2841 3583 ἐλέυθερον
2877 3474 3204 3584 ὑβρίσῃ,
3236 3488 3374 3582 με’-

606 3631 783 3706 χρις
829 3597 937 3686 ἄν
970 3605 1255 3704 ἐκτίσῃ.
2660 3645 2670 3653 ·

1256 3714 1417 3794 Lex
1454 3713 1755 3794 Solonis
1792 3716 1995 3821 apud
2029 3716 2417 3798 Demosth.
2455 3718 2532 3796 in
2572 3715 2900 3798 Midiam.
2941 3718 3166 3814 529.)

1881 3875 2112 3956 1158.

836 4021 917 4098 Si
954 4024 1119 4123 quis
1173 4021 1497 4122 aliquem
1551 4022 2004 4100 contumelia
2047 4023 2418 4118 affecerit,
2477 4021 2632 4100 sive
2668 4047 2985 4125 puerum
3021 4022 3181 4100 sive
3219 4047 3370 4099 mu-

621 4149 882 4228 lierem
918 4147 1075 4226 sive
1114 4149 1394 4244 virum,
1434 4147 1803 4248 ingenuos
1837 4159 1966 4226 aut
2001 4175 2294 4246 servos,
2351 4160 2480 4226 aut
2514 4145 2790 4250 aliquid
2824 4148 3116 4249 legibus
3151 4148 3370 4224 inter-

624 4273 904 4351 dictum
953 4272 1032 4348 in
1084 4273 1351 4350 horum
1408 4273 1733 4374 aliquem
1768 4271 2184 4371 admiserit,
2242 4299 2412 4352 eum
2447 4273 2868 4376 quicunque
2909 4274 3115 4351 volet
3152 4271 3371 4353 Athe-

624 4395 1033 4495 niensium,
1108 4397 1227 4474 cui
1284 4395 1499 4492 licet,
1574 4397 1863 4475 deferat
1919 4399 2118 4501 apud
2176 4398 2727 4476 thesmothetas.
2803 4398 3372 4477 Thesmothetae

628 4536 877 4604 autem
928 4523 1301 4601 actionem
1354 4523 1557 4627 apud
1615 4524 2008 4604 Heliaeam
2061 4525 2240 4605 dent
2291 4524 2489 4600 intra
2541 4523 2702 4600 dies
2749 4524 3096 4624 triginta,
3155 4525 3251 4603 ab
3288 4552 3372 4602 eo

630 4651 751 4730 die
788 4674 935 4752 quo
981 4650 1355 4752 accusatio
1410 4649 1638 4730 allata
1690 4650 1952 4745 fuerit,
2009 4651 2152 4728 nisi
2205 4650 2594 4753 publicum
2649 4650 2927 4752 aliquid
2981 4649 3370 4753 impediat,

628 4787 789 4855 tum
824 4799 1002 4854 vero
1038 4783 1121 4852 ut
1155 4774 1475 4877 primum
1511 4776 1667 4852 fieri
1702 4776 1998 4877 poterit.
2073 4776 2220 4872 Qui
2277 4800 2455 4854 vero
2509 4774 2905 4853 damnatus
2941 4769 3216 4880 {fueritq
3271 4776 3372 4854 illi

632 4902 945 4982 Heliaea
978 4898 1230 4978 statim
1264 4899 1545 4979 crimen
1582 4900 1923 4979 aestimet
1943 4959 1961 4996 ,
2011 4901 2190 5002 quid
2228 4902 2433 4979 luere
2471 4911 2598 4977 aut
2632 4901 2921 4979 solvere
2959 4900 3232 4978 debere
3269 4902 3368 4978 vi-

636 5029 916 5108 deatur.
990 5025 1137 5120 Qui
1190 5050 1369 5104 vero
1424 5025 1735 5103 crimina
1788 5037 1872 5103 ut
1925 5025 2066 5103 sibi
2121 5027 2330 5105 illata
2363 5052 2406 5102 e
2442 5028 2611 5126 lege
2666 5035 3058 5123 accusant,
3115 5027 3179 5103 si
3215 5027 3368 5128 quis

632 5180 787 5234 non
822 5163 1255 5260 persecutus
1312 5151 1535 5234 fuerit
1590 5153 1997 5252 actionem,
2056 5163 2186 5231 aut
2220 5165 2690 5257 persecutus,
2747 5153 3077 5256 quintam
3113 5153 3364 5232 suffra-
