3725 5850
1323 505 1903 562 summm-num
2830 489 2981 568 175

269 700 330 778 δὲ
360 703 506 800 περὶ
542 695 826 776 τούτου
865 693 1082 787 δίκης
1103 751 1124 786 ,
1186 691 1278 770 τὸ
1334 690 1539 795 παρά
1591 695 1740 772 τοῦ
1794 701 2207 796 κρίνοντος
2244 700 2476 804 ἔργον
2494 755 2519 790 ,
2574 695 2981 801 dampnata

269 833 588 904 καλεῖται.
881 821 886 826 ’
2004 827 2315 921 (Pollux
2352 829 2559 922 VIII,
2604 831 2769 924 56.)

1512 931 1690 1011 710.

437 1086 852 1162 Detestatio
908 1094 1160 1162 autem
1215 1085 1299 1160 fit
1353 1078 1450 1157 ab
1505 1079 1688 1174 illis,
1768 1079 1894 1178 qui
1956 1079 2474 1158 contradicunt
2529 1083 2595 1185 ej
2604 1082 2982 1159 erantibus

263 1211 380 1286 sub
409 1211 852 1288 infirmitatis
888 1222 1016 1288 aut
1052 1208 1435 1286 absentiae
1474 1215 1911 1308 praetextu:
1968 1208 2257 1284 oriente
2297 1219 2547 1285 autem
2584 1208 2757 1284 hinc
2780 1237 2813 1310 J
2824 1207 2979 1284 udi·

262 1337 386 1432 cin,
426 1335 826 1436 judicantia
861 1361 1048 1438 opus
1084 1332 1478 1411 detestatio
1517 1331 1965 1408 nominatur.

1519 1487 1698 1568 711.

429 1627 872 1736 Ἵ“πωμοσιά
913 1635 998 1712 δέ
1028 1643 1276 1725 ἐστιν,
1337 1629 1530 1710 ὅταν
1567 1661 1676 1720 τις
1717 1628 1764 1724 ἢ
1801 1631 2165 1733 ψήφισμα
2204 1629 2253 1726 ἢ
2294 1633 2549 1734 νόμον
2580 1633 2984 1740 γράφοντα

262 1757 646 1864 γράψηται,
708 1755 812 1850 ὦς
867 1757 1428 1853 ἀνεπιτήδειον·
1486 1763 1624 1833 καὶ
1684 1751 1844 1834 οὔκ
1902 1765 2053 1832 ἐστι
2102 1756 2299 1858 μετὰ
2347 1758 2485 1852 τὴν
2522 1751 2985 1861 ὖμωμοσίαν

260 1883 334 1962 τὸ
367 1891 692 1989 γραφὲν,
753 1893 933 1988 πρὶν
969 1885 1388 1989 κριθῆναι,
1447 1881 1747 1984 κύριον.
2006 1888 2313 1980 (Pollux
2356 1887 2563 1987 VIII,
2608 1892 2771 1982 56.)

1518 2051 1695 2127 711.

435 2197 710 2273 Dilatio
768 2207 920 2290 est,
977 2222 1145 2272 eum
1203 2196 1367 2295 quis
1423 2195 1749 2294 aliquem
1805 2205 2103 2270 accusat
2126 2253 2143 2288 ,
2201 2195 2399 2295 quod
2446 2193 2821 2272 decretum
2860 2205 2985 2273 aut

259 2322 466 2421 legem
501 2323 840 2399 inutilem
881 2323 1374 2423 proposuerit.
1453 2322 1548 2396 Et
1603 2321 2128 2420 suggillatione
2168 2319 2371 2396 facta
2408 2319 2785 2397 decretum
2824 2323 2980 2397 irri-

257 2459 384 2521 tum
419 2457 560 2541 est,
618 2448 852 2523 donec
879 2445 1290 2546 judicatum
1330 2443 1570 2522 fuerit.

1517 2609 1693 2686 712.

425 2741 871 2849 ςΥπωμοσία
911 2758 1063 2824 ἐστι
1102 2756 1239 2824 καὶ
1279 2747 1642 2838 ἀπόδοσις
1699 2753 1953 2836 αἰτίας
1978 2808 1997 2840 ,
2059 2749 2155 2824 δι’
2198 2744 2291 2842 ἣν
2330 2747 2485 2846 οὐχ
2522 2744 2831 2826 ὖπαντᾶ
2872 2779 2981 2836 τις

256 2869 410 2970 πρὸς
443 2871 582 2965 τήν
622 2871 871 2967 δίκην.
1337 2877 1629 2971 (Schol.
1670 2877 1747 2953 in
1788 2875 2264 2981 Aristophan.
2306 2879 2499 2956 Plut.
2542 2881 2763 2970 725.)

1516 3039 1689 3112 712.

434 3184 712 3259 Dilatio
755 3195 864 3259 est
902 3183 1126 3260 etiam
1163 3183 1478 3261 redditio
1517 3209 1820 3279 causae,
1880 3184 1977 3259 ob
2026 3208 2245 3283 quam
2286 3182 2551 3283 aliquis
2576 3182 2861 3284 judicio
2900 3209 2977 3258 se

251 3332 376 3381 non
409 3310 614 3385 sistit.

1515 3418 1696 3495 713.

423 3549 908 3655 ςΥπωμοσιά,
983 3553 1072 3631 τὸ
1144 3550 1707 3655 ὑπερτίθεσθαι
1783 3556 2012 3650 δίκην
2035 3616 2055 3647 ,
2132 3557 2506 3660 προφάσει
2568 3556 2979 3658 χρώμενον

251 3676 606 3781 ἀποδημίᾳ
647 3680 696 3777 ἢ
732 3682 940 3785 νόσῳ
980 3678 1028 3777 ἤ
1063 3714 1212 3767 τινι
1249 3683 1405 3762 τῶν
1443 3688 2034 3785 παραπλησίων,
2081 3690 2271 3783 μεθ’
2310 3680 2577 3785 ὅρκου.

2163 3814 2765 3915 (Harpocratio.)

1511 3923 1688 4000 713.
2947 4003 2955 4012 .

431 4065 708 4157 Dilatio
743 4076 859 4143 eat
894 4092 1122 4166 quum
1159 4065 1497 4148 differtur
1521 4066 1926 4168 judicium,
1974 4067 2039 4143 si
2076 4066 2241 4169 quie
2276 4074 2405 4144 aut
2440 4067 2993 4165 peregrinatio--

244 4214 394 4267 nem
428 4203 555 4269 aut
591 4194 934 4269 morbum
971 4204 1098 4269 aut
1134 4193 1412 4294 aliquid
1465 4193 1886 4295 hujusmodi
1922 4202 2269 4269 causatur
2304 4192 2744 4293 interposito
2771 4193 2973 4292 jure-

235 4316 550 4413 jurando,

1509 4426 1687 4502 714.

423 4560 523 4641 ’A
543 4600 589 4647 ν
611 4572 671 4641 θ
691 4592 742 4641 v
763 4594 815 4640 π
837 4596 970 4667 ωμ
990 4596 1033 4641 ο
1056 4568 1220 4642 σία
1276 4570 1429 4642 ἐστι
1469 4562 1558 4642 τὸ
1597 4562 1991 4643 ἀντειπεῖν
2027 4562 2119 4663 τῇ
2158 4556 2587 4666 ὖπωμοσίᾳ.

2386 4694 2760 4789 (SuidaS.)

1507 4803 1700 4879 714..

431 4944 972 5027 Contradilatio
1029 4961 1141 5025 est
1197 4949 1762 5056 jusjurandum,
1841 4974 1987 5049 quo
2043 4958 2251 5037 actor
2310 4948 2677 5051 judicium
2747 4956 2976 5042 negat

246 5098 381 5151 esse
415 5072 927 5153 differendum.
