3725 5850
705 379 858 453 554
1505 402 2120 455 counawrnuus
2157 399 2267 453 An
2308 394 2470 454 10⁷0.
2512 396 2669 453 10⁷1.

1844 622 1997 706 Ad
2049 623 2338 704 1070.

911 792 1159 871 Lexic.
1236 792 1544 894 Seguer.
1623 792 1776 865 217
1809 819 1825 865 :
1922 780 1971 859 α’
1995 816 2043 863 ν
2064 814 2111 860 α
2134 812 2253 883 υμ
2280 814 2327 859 α
2338 815 2403 882 χ
2426 790 2453 861 ί
2476 817 2517 862 ο
2542 816 2588 862 υ
2632 816 2643 829 ·
2724 784 2921 875 εἶδος
2998 786 3473 893 ἐγκλήματος

701 920 839 988 καὶ
879 918 1181 1013 ζημίας·
1237 910 1479 1015 ὥσπερ
1535 912 1683 1019 γὰρ
1739 910 1880 989 τοῦ
1934 910 2045 1011 μή
2090 909 2639 1012 στρατεύεσθαι
2680 896 2817 988 abac*
2855 914 3001 989 τοῦ
3043 919 3294 991 λιπεῖν
3330 913 3475 1007 τὴν

696 1036 920 1131 τάξιν
955 1046 1092 1115 καὶ
1130 1040 1272 1116 τοῦ
1313 1038 1407 1115 τοὶ
1448 1036 1649 1115 ὅπλα
1687 1036 2114 1138 ἀποβαλεῖν
2174 1043 2430 1136 ζημίαι
2493 1032 2685 1129 ἦσαν
2734 1032 3147 1137 ὦρισμὲναι
3184 1048 3277 1116 ἐκ
3317 1042 3473 1116 τῶν

696 1162 1002 1261 νόμων,
1079 1161 1286 1242 οὕτω
1345 1170 1481 1240 καὶ
1537 1164 1684 1240 τοῦ
1729 1163 1836 1262 μὴ
1908 1161 2443 1262 ναυμαχῆσαι·
2517 1170 2656 1239 καὶ
2712 1162 2948 1241 τοῦτο
3003 1162 3095 1241 τὸ
3157 1161 3471 1264 ὄφλημα

695 1286 1194 1390 ἀναυμαχίου
1259 1297 1629 1372 ἐκαλεῖτο.
1730 1288 2323 1389 (Ἀναυμαχίου
2380 1304 2490 1368 est
2546 1319 2784 1392 genus
2842 1295 3341 1371 accusationis
3401 1306 3473 1371 et

692 1446 1004 1521 poenae.
1083 1421 1726 1515 Quemadmodum
1763 1420 1963 1497 enim
2000 1418 2097 1495 ob
2136 1420 2559 1519 neglectam
2597 1420 2937 1495 militiam
2974 1430 3049 1495 et
3086 1421 3468 1497 desertum

691 1546 1027 1623 ordinem
1067 1558 1142 1623 et
1179 1548 1473 1647 abjecta
1518 1572 1724 1623 arma
1762 1568 2054 1648 poenae
2095 1556 2308 1621 erant
2343 1543 2631 1642 legibus
2670 1544 3061 1640 definitae3
3100 1547 3206 1622 ita
3243 1548 3469 1625 etiam

693 1670 791 1745 ob
831 1673 1256 1771 neglectam
1292 1697 1628 1774 pugnam
1663 1672 2049 1765 navalem3
2107 1680 2181 1746 et
2218 1670 2403 1746 haec
2440 1671 2720 1746 mulcta
2756 1673 3174 1749 vocabatur
3212 1664 3465 1745 ἄναυ-

685 1797 1055 1889 μαχίου.)

903 1936 1124 2041 Apud
1161 1937 1802 2016 Lacedaemonios
1838 1964 2135 2039 quoque
2174 1965 2219 2014 a
2258 1962 2515 2039 pugna
2548 1940 2944 2015 Leuctrica
2990 1939 3111 2017 lex
3138 1940 3466 2038 jubebat

684 2065 1094 2163 ignominia
1151 2089 1409 2141 omnes
1467 2063 1707 2159 affici,
1766 2063 1891 2161 qui
1928 2062 2441 2163 trepidassent.
2514 2061 2793 2166 Ephori
2832 2072 3080 2140 autem
3117 2064 3462 2141 videntes

687 2192 944 2267 urbem
1000 2192 1331 2267 virorum
1389 2213 1707 2267 vacuam
1739 2246 1756 2281 ,
1832 2188 2319 2287 ignominiam
2371 2189 2589 2264 istam
2646 2189 2948 2266 abolere
3004 2202 3457 2281 statuerunt,

687 2313 1185 2417 Agesilaoque
1222 2316 1412 2413 legis
1451 2314 1884 2390 condendae
1941 2314 2457 2390 auctoritatem
2514 2312 2991 2390 detulerunt.
3034 2314 3181 2391 Hic
3236 2316 3461 2414 igitur

689 2464 1127 2541 progressus
1162 2441 1241 2516 in
1279 2440 1702 2542 publicum:
1759 2438 2010 2514 Jubeo
2034 2495 2051 2529 ,
2088 2438 2329 2537 inquit
2350 2496 2367 2531 ,
2407 2438 2613 2536 leges
2651 2463 2698 2514 a
2733 2440 3061 2516 crastina
3096 2438 3217 2516 die
3258 2452 3456 2516 ratas

692 2590 872 2641 esse.
952 2565 1512 2660 (Plutarch.
1571 2590 1724 2663 reg.
1787 2573 1859 2640 et
1912 2564 2088 2664 imp.
2146 2564 2675 2665 apophthegm.
2732 2590 2805 2666 p.
2870 2566 3043 2639 191.
3100 2590 3158 2641 s.
3218 2563 3452 2665 Age-

687 2692 831 2768 sil.
896 2692 1058 2784 10.)

897 2832 1121 2936 Apud
1180 2835 1475 2912 eosdem
1533 2834 1945 2935 ignominia
2008 2834 2502 2928 notabantur,
2580 2835 2704 2936 qui
2763 2836 3112 2937 clypeum
3170 2836 3449 2914 amisis-

683 2971 888 3054 sent,
942 2986 1098 3036 non
1131 2960 1308 3038 item
1343 2962 1467 3060 qui
1505 2961 1799 3061 galeam
1835 2970 1964 3036 aut
2000 2946 2419 3055 thoracem3
2476 2961 2685 3062 quia,
2742 2970 2826 3037 ut
2861 2962 3308 3040 Demaratus
3345 2963 3447 3038 di-

683 3087 830 3178 xit,
869 3085 1054 3162 haec
1090 3085 1204 3162 sui
1239 3087 1575 3188 ipsorum
1611 3111 1836 3164 causa
1870 3089 2191 3187 gestant,
2233 3088 2585 3188 clypeum
2622 3097 2871 3164 autem
2910 3098 3220 3190 propter
3252 3114 3443 3166 com-

685 3236 983 3290 munem
1037 3211 1394 3290 ordinem.
1489 3213 1657 3307 (Pl
1681 3224 1963 3290 utarc
1988 3213 2057 3288 h.
2126 3211 2655 3314 apophthegm.
2724 3212 2963 3290 lacon.
3024 3241 3097 3315 p.
3159 3215 3335 3290 220.
3391 3241 3443 3290 s.

685 3339 756 3413 D
779 3362 818 3414 e
838 3361 914 3414 m
933 3363 980 3414 a
997 3365 1036 3415 r
1054 3364 1101 3415 a
1117 3348 1168 3413 t.
1220 3338 1334 3430 2.)

897 3479 1338 3558 Charondas
1373 3483 1568 3560 hanc
1601 3481 1844 3584 legem
1884 3483 2053 3560 tulit
2092 3493 2353 3561 contra
2407 3485 2793 3583 signorum
2848 3483 3332 3586 ordinumque
3370 3486 3443 3560 in

683 3605 900 3682 bellis
937 3604 1373 3703 desertores,
1411 3621 1540 3685 aut
1575 3635 1784 3686 arma
1819 3636 1958 3712 pro
1997 3610 2277 3713 patriae
2316 3609 2551 3685 tutela
2590 3609 2887 3685 omnino
2927 3609 3441 3703 detrectantes,

682 3741 764 3806 ut
795 3729 1134 3806 muliebri
1192 3733 1464 3808 vestitu
1518 3734 1767 3812 amicti
1818 3735 2149 3812 triduum
2182 3736 2263 3810 in
2298 3735 2463 3812 foro
2503 3734 2943 3811 desiderent.
3018 3735 3231 3830 Quae
3270 3759 3435 3812 con-

682 3855 963 3932 stitutio
999 3882 1232 3957 quum
1267 3857 1476 3958 leges
1514 3861 1692 3937 alibi
1729 3862 2051 3940 sancitas
2090 3861 2547 3938 humanitate
2604 3869 2971 3962 praestat,
3030 3870 3191 3936 tum
3229 3859 3436 3937 dissi-

683 3981 1051 4058 mulanter
1086 3984 1346 4082 probri
1381 3985 1897 4084 magnitudine
1954 3985 2319 4086 ejusmodi
2376 3985 2683 4086 ingenio
2720 3984 3095 4088 praeditos
3132 3987 3229 4062 ab
3270 3987 3439 4062 effe-

683 4105 960 4212 minata
1011 4107 1321 4185 mollitie
1377 4109 1722 4188 deterret.
1796 4110 1965 4188 Hoc
2019 4119 2409 4212 praeterea
2461 4111 2769 4187 consilio
2818 4134 2985 4188 reos
3032 4111 3253 4189 morti
3292 4137 3441 4188 non

681 4230 1000 4326 addixit,
1063 4242 1143 4308 ut
1179 4234 1274 4309 ad
1312 4235 1596 4312 futuras
1634 4235 1999 4314 bellorum
2054 4237 2536 4314 necessitates
2589 4235 2752 4312 illos
2791 4237 3073 4314 civitati
3109 4261 3439 4314 reserva·

683 4367 838 4450 ret,
891 4357 1160 4434 rectius
1217 4359 1412 4438 haud
1469 4361 1694 4438 dubie
1731 4373 1909 4464 post
1943 4363 2349 4462 irrogatam
2385 4361 2845 4460 ignominiae
2883 4361 3242 4440 mulctam
3280 4389 3439 4440 sese

679 4492 1061 4581 gesturos,
1137 4493 1211 4560 et
1267 4509 1648 4588 aspersam
1702 4487 2088 4566 dedecoris
2145 4489 2509 4566 maculam
2567 4488 2766 4566 omni
2826 4487 3119 4565 virtutis
3174 4499 3441 4566 conatu

681 4605 1026 4686 eluturos.
1084 4610 1516 4704 (Diodor.
1561 4612 1734 4710 XII,
1787 4611 1953 4706 16.)

1829 4841 1984 4928 Ad
2021 4847 2287 4928 1071.

891 5004 1160 5085 Suidas
1187 5004 1681 5082 λειποναῦται
1704 5031 1720 5048 ·
1759 5003 1943 5096 τούς
1982 5004 2187 5082 κατὰ
2223 5004 2362 5099 τὴν
2387 4999 2727 5086 ςΕλλάδα
2765 5007 3269 5099 nummatas
3306 5039 3431 5116 ys·-

677 5125 998 5232 γονότας
1037 5124 1492 5224 ἀναζητῆσαι
1513 5189 1535 5223 ,
1593 5130 1901 5222 καὶτὰς
1927 5143 2191 5235 χεῖρας
2242 5128 2648 5236 ἀποκόψαι
2706 5133 3037 5214 πάντων.
3116 5143 3424 5239 (Deser-
