3725 5850
953 482 1571 537 COMMENTARIUS
1616 484 1720 533 An
1761 478 1887 535 460.
1925 478 2053 535 464.
2092 476 2217 534 465.
2258 478 2384 535 466.
2621 462 2626 467 ’
2865 459 3019 535 477

250 670 795 751 Eleusiniorum
850 674 1373 779 mysteriorum
1432 686 1718 753 tessera
1773 674 2013 750 haec:
2061 672 2577 774 jejunavi3
2634 672 3021 750 cinnum

250 798 561 897 ebibi;
618 803 876 903 accepi
938 828 977 877 e
1036 803 1261 898 cista3
1334 811 1806 903 operatus
1863 798 2267 901 reposui
2325 798 2419 873 in
2477 798 3021 897 calathum3

250 936 340 999 et
397 950 438 999 e
496 926 895 1004 calatho
950 929 1043 1002 in
1100 928 1513 1020 cistam.)

1422 1136 1577 1221 Ad
1608 1137 1846 1219 400.

461 1300 658 1378 Ludi
694 1278 916 1401 igitur
952 1302 1249 1379 nonnisi
1288 1302 1547 1402 quinto
1584 1324 1877 1402 quoque
1939 1324 2140 1375 anno
2191 1295 2761 1376 celebrabantur
2793 1358 2809 1395 ,
2866 1324 3018 1375 non

248 1436 496 1502 autem
532 1428 925 1530 mysteria,
979 1454 1168 1528 quae
1210 1426 1606 1527 quotannis
1643 1426 2243 1502 instituebantur.

1422 1636 1574 1720 Ad
1606 1636 1844 1718 404.

459 1801 687 1878 Festa
742 1802 1173 1879 Herculana
1229 1802 1306 1879 in
1362 1800 1801 1905 Cynosarge
1869 1827 2122 1877 mense
2180 1799 2714 1876 Boedromione
2789 1800 3016 1876 fuisse

244 1922 665 2020 celebrata,
725 1926 1027 2028 conjicit
1079 1928 1140 2002 B
1164 1956 1207 2002 o
1230 1955 1269 2003 e
1293 1927 1548 2002 ttich
1572 1954 1610 2003 e
1634 1954 1671 2002 r
1720 1924 1913 2019 (Der
1950 1922 2204 1999 antike
2240 1924 2799 2001 Festkalender.
2841 1923 3015 2000 Phi-

248 2047 545 2149 lologus
582 2052 829 2129 XXII.
865 2078 939 2154 p.
982 2052 1204 2145 421).

1416 2172 1571 2257 Ad
1608 2174 1847 2256 405.

458 2337 727 2417 Suidas
764 2366 821 2417 s.
859 2366 929 2414 v.
968 2332 1417 2434 Εἰρεσιώνηε
1475 2338 1708 2417 Oleae
1748 2363 2038 2433 ramus,
2096 2333 2271 2414 lana
2307 2336 2746 2432 obvolutus,
2789 2362 2828 2411 e
2867 2364 3016 2437 quo

240 2487 457 2539 omne
496 2489 737 2560 genus
777 2464 1059 2540 fructus
1099 2476 1333 2540 terrae
1372 2462 1825 2563 suspendere
1867 2459 2229 2540 solebant.
2288 2462 2510 2539 Hunc
2545 2471 2792 2537 autem
2836 2463 3014 2541 effe-

240 2587 455 2664 rebat
492 2615 677 2689 puer
715 2590 1074 2690 patrimus
1112 2600 1187 2665 et
1226 2589 1605 2665 matrimus
1648 2591 1863 2681 (παῖς
1902 2580 2392 2684 ἀμφιθαλὴς)
2415 2644 2436 2681 ,
2494 2596 2568 2662 et
2605 2598 2776 2663 ante
2813 2588 3014 2664 fores

236 2712 499 2814 templi
557 2713 919 2815 Apollinis
974 2716 1050 2789 in
1109 2715 1553 2815 Pyanepsiis
1610 2714 1958 2813 ponebat.
2030 2714 2317 2789 Ferunt
2365 2712 2564 2787 enim
2615 2712 3011 2806 Theseum,

238 2864 389 2938 quo
426 2850 765 2941 tempore
801 2840 879 2915 in
916 2839 1143 2917 Creta
1177 2840 1624 2941 navigabat,
1682 2864 1813 2940 per
1871 2849 2392 2940 tempestatem
2441 2837 2538 2914 ad
2575 2834 2845 2914 Delum
2881 2864 3011 2938 ap-

238 2962 539 3062 pulsum
576 2963 905 3066 Apollini
944 2966 1281 3060 vovisse,
1339 2990 1419 3040 se
1478 2965 1686 3040 oleae
1746 2989 1991 3038 ramos
2047 2963 2556 3038 dedicaturum
2579 3021 2598 3058 ,
2659 2962 2722 3038 si
2759 2959 3009 3038 salvus

238 3087 600 3164 evasisset
651 3089 1046 3167 interfecto
1091 3089 1557 3182 Minotauro,
1618 3100 1692 3164 et
1747 3113 1959 3165 sacra
2013 3089 2425 3180 facturum3
2478 3113 2794 3186 cumque
2833 3114 3007 3188 sup-

238 3209 509 3311 plicem
543 3237 833 3288 ramum
870 3212 1357 3314 deposuisset,
1395 3214 1473 3288 in
1506 3214 1673 3291 ollis
1710 3237 1878 3289 eum
1911 3212 2198 3290 coxisse
2237 3213 2608 3312 ptisanam
2646 3212 3013 3288 triticeam

238 3349 316 3412 et
368 3337 696 3438 pultem,
772 3349 849 3412 et
902 3363 1110 3414 aram
1168 3339 1509 3415 erexisse.
1605 3338 1868 3438 Itaque
1926 3337 2274 3413 videntur
2329 3338 2758 3434 Πυανέψια
2815 3337 3012 3414 dicta

239 3465 452 3562 quasi
510 3466 927 3560 Κυαμέψια
952 3515 971 3549 ,
1030 3488 1206 3539 nam
1261 3465 1475 3541 fabas
1534 3465 1713 3538 olim
1758 3458 2102 3548 πυάνους
2161 3473 2548 3540 vocarunt.
2622 3461 3006 3539 Interdum

236 3585 381 3662 hoc
435 3586 857 3666 institutum
904 3589 999 3665 ad
1049 3587 1535 3666 avertendam
1588 3588 2089 3688 pestilentiam
2148 3584 2646 3664 celebrabant.
2721 3586 2846 3664 Sic
2881 3614 3007 3664 au-

236 3723 391 3786 tem
428 3713 640 3814 pueri
668 3715 1087 3790 canebant:
1148 3714 1523 3810 „Iresione
1581 3715 1766 3788 ficus
1820 3713 1966 3789 fert
2012 3724 2088 3788 et
2121 3712 2440 3816 pingues
2477 3739 2712 3814 panes
2747 3723 2824 3790 et
2859 3713 3009 3789 mel

236 3837 315 3911 in
350 3836 599 3939 cotyla
636 3850 712 3914 et
749 3839 997 3914 oleum
1036 3838 1131 3914 ad
1170 3837 1751 3937 abstergendum
1792 3849 1868 3914 et
1903 3837 2209 3914 calicem
2265 3863 2470 3916 mero
2523 3839 2882 3940 plenum,
2925 3848 3008 3916 ut

234 3961 607 4040 inebriata
643 3963 1043 4042 dormias.“
1101 4007 1205 4019 -—-
1264 3965 1579 4040 Peracto
1635 3964 1823 4039 festo
1883 3973 2095 4040 extra
2149 3988 2373 4062 agros
2428 3964 2522 4040 ad
2577 3967 2774 4066 ipsas
2812 3965 3006 4041 fores

232 4089 646 4188 ponebant.
707 4133 807 4146 --
864 4087 1127 4167 Grates
1184 4114 1364 4166 vero
1410 4087 1874 4168 Atheniensis
1926 4089 2006 4164 in
2061 4088 2254 4164 libro
2303 4088 2396 4164 de
2435 4087 3004 4168 Atheniensium

234 4214 617 4290 sacrificiis
656 4215 799 4309 ait,
857 4216 1032 4292 olim
1072 4240 1237 4291 cum
1277 4241 1620 4292 annonae
1660 4215 1977 4320 penuria
2032 4223 2340 4293 vexaret
2377 4212 2710 4293 Athenas
2734 4274 2752 4309 ,
2809 4216 3002 4292 cives

236 4335 449 4414 oleae
488 4365 772 4416 ramum
812 4340 988 4417 lana
1024 4339 1462 4417 obvolutum
1503 4337 1829 4442 Apollini
1869 4337 2374 4440 supplicantes
2413 4337 2814 4417 dedicasse.
2871 4339 3000 4437 „Si

232 4465 437 4540 enim
472 4466 710 4565 ipsam
747 4465 867 4542 vel
907 4493 1060 4544 una
1094 4465 1420 4544 scintilla
1456 4465 1918 4568 corripuerit,
1955 4467 2166 4566 quasi
2205 4464 2578 4567 putridam
2601 4465 3001 4543 Iresionem

233 4589 695 4667 comburet.“

450 4716 565 4793 Of.
604 4716 1278 4818 Harpocrationem
1314 4744 1387 4792 s.·
1411 4745 1479 4791 v.
1522 4709 1978 4810 Πυανὸψια.

1405 4926 1557 5010 Ad
1590 4929 1825 5011 400.

451 5091 779 5172 Aliorum
837 5091 1061 5168 etiam
1117 5091 1485 5168 mensium
1543 5103 1807 5168 octavo
1863 5116 2158 5192 quoque
2217 5089 2334 5168 die
2394 5091 2741 5168 colebant
2797 5091 2993 5169 The-

227 5244 485 5318 seum3
539 5219 662 5296 vel
716 5217 915 5320 quod
963 5217 1284 5323 primum
1321 5245 1360 5295 e
1400 5215 1781 5297 Troezene
1831 5230 2094 5296 octavo
2133 5215 2805 5295 Hecatombaeonis
2864 5245 2992 5320 ap-
