3725 5850
666 389 820 463 378
1749 415 1875 464 sus
1910 411 2350 464 PstlvATUM.

1946 601 2171 680 1467.

875 746 1389 841 Fugitivorum
1445 771 1828 821 servorum
1889 746 2112 821 fronti
2170 747 2445 846 stigma
2500 746 2985 848 imprimitur,
3043 746 3119 820 id
3168 759 3283 822 est
3319 749 3425 821 in-

663 870 1045 947 scribitur:
1108 870 1422 968 „oohibe
1461 898 1618 966 me,
1677 871 1954 969 fugi0.“

1926 1033 2155 1112 1468.

873 1167 1010 1264 Μὴ
1051 1172 1652 1248 τεκνοποιῶνται
1697 1175 1769 1248 οἱ
1810 1179 2105 1249 οἰκέται
2146 1168 2336 1250 ἄνευ
2375 1175 2503 1265 τῆς
2542 1176 2699 1254 τῶν
2756 1181 3052 1273 κυρίων
3106 1170 3429 1278 γνώμης.

1956 1305 2443 1407 (Xenophon.
2484 1305 2891 1380 Oeconom.
2932 1307 3064 1399 IX,
3108 1305 3213 1396 5.)

1942 1469 2165 1544 1468.

875 1607 986 1682 Ne
1027 1608 1282 1683 famuli
1321 1611 1600 1709 absque
1642 1637 2012 1687 consensu
2053 1611 2331 1686 domini
2371 1611 2617 1712 proles
2656 1621 2979 1685 creantO.

1929 1772 2152 1847 1469.

861 1904 1096 1985 'Ano
1119 1938 1306 2008 φορ
1329 1907 1420 2000 ἁ,
1483 1902 1522 2003 ἦ
1566 1917 1974 2010 τελουμένη
2013 1909 2217 2011 παρὰ
2256 1911 2411 1986 τῶν
2447 1909 2753 1985 δούλων
2792 1921 2951 1997 τοῖς
3008 1907 3407 1998 δεσπόταις

2607 2039 3211 2140 (HarpocratiO.)

1936 2141 2162 2223 1469.

871 2273 1141 2349 Pensio
1181 2285 1292 2348 est
1330 2273 1724 2368 tributum,
1784 2274 1984 2372 quod
2024 2274 2217 2350 servi
2258 2274 2575 2350 dominis
2612 2274 2933 2350 solvunt.

1925 2437 2149 2514 1470.

857 2566 1141 2652 ‘Ouda-
1181 2608 1288 2664 τις
1329 2573 1508 2682 ἄγοι
1547 2609 1718 2655 τινα
1757 2573 1857 2666 ὦς
1900 2578 2236 2670 δοῦλον,
2298 2576 2551 2654 ἔπειτά
2586 2608 2695 2666 τις
2754 2573 3004 2652 αὐτὸν
3058 2569 3157 2664 ὦς
3212 2574 3433 2654 ἐλεύ-

661 2706 898 2797 θερον
933 2707 1333 2800 ἐξαιροῖτο,
1377 2707 1610 2796 ἔξεστι
1651 2707 1757 2806 τῷ
1797 2703 2415 2806 ἀντιποιουμένῳ
2453 2705 2595 2780 τοῦ
2637 2700 3069 2799 ἀνθρώπου
3104 2695 3203 2788 ὦς
3236 2701 3430 2778 δού-

655 2834 799 2902 λου
836 2825 1256 2931 λαγχάνειν
1309 2836 1344 2904 ἐ
1365 2841 1406 2922 ξ
1428 2859 1474 2904 α
1499 2861 1520 2904 ι
1546 2861 1586 2931 ρ
1609 2838 1640 2906 έ
1659 2857 1754 2908 σε
1779 2864 1834 2906 ω
1858 2865 1892 2920 ς
1949 2832 2180 2921 δίκην
2216 2831 2327 2931 τῷ
2364 2834 2469 2918 εἰς
2505 2826 2646 2921 τὴν
2682 2834 3139 2928 ἐλευθερίαν
3176 2825 3435 2904 αὐτὸν

657 2960 1186 3055 ἑξαιρουμένῳ.
1888 2961 2461 3063 (Harpocratiot
2502 2962 2926 3055 ἐξαιρέσεως
2966 2955 3211 3052 δίκη.)

1922 3142 1958 3215 1
1973 3141 2148 3217 470.

870 3280 1117 3371 Quum
1171 3282 1335 3381 quis
1390 3282 1712 3385 aliquem
1767 3297 1848 3360 ut
1907 3310 2207 3365 servum
2262 3284 2606 3378 abducit,
2666 3282 2937 3359 deinde
2994 3284 3181 3359 alter
3216 3283 3431 3358 illum

653 3402 976 3479 libertati
1017 3410 1318 3500 asserit,
1360 3408 1581 3484 liceat
1617 3412 1722 3503 ei,
1763 3412 1887 3509 qui
1928 3410 2307 3487 hominem
2344 3423 2701 3509 tanquam
2740 3433 3038 3484 servum
3077 3408 3217 3483 sibi
3258 3408 3429 3481 vin-

653 3526 878 3620 dieat,
918 3532 1286 3607 actionem
1321 3533 1840 3610 vindicationis
1874 3534 2262 3610 intendere
2310 3534 2459 3629 illi,
2501 3534 2627 3634 qui
2667 3559 2968 3609 servum
3004 3534 3082 3608 in
3123 3534 3425 3609 liberta-

653 3664 802 3729 tem
840 3658 1171 3732 asseruit.

1930 3767 2158 3843 1471.

877 3901 984 3978 Τὸ
1025 3900 1252 4003 ἥμισυ
1287 3906 1430 3983 τοῦ
1470 3906 1886 4007 τιμήματος
1936 3903 2280 4004 ὀφείλειν
2334 3907 2443 4007 τῷ
2493 3907 2879 4007 δημοσίῳ,
2938 3899 3019 3995 ὃς
3075 3900 3180 3982 ἂν
3238 3903 3429 4003 δόξῃ

644 4024 752 4125 μὴ
795 4025 1110 4119 δικαίως
1148 4036 1254 4120 εἰς
1289 4031 1431 4125 τὴν
1468 4038 1920 4135 ἐλευθερίαν
1956 4030 2397 4129 ἀφελέσθαι.

1933 4164 2353 4258 (Demosth.
2396 4190 2457 4240 o.
2497 4164 2891 4241 Theocrin.
2938 4162 3205 4255 1328.)

1932 4328 2157 4403 1471.

869 4467 1270 4547 Semissem
1327 4470 1862 4548 aestimationis
1920 4471 2189 4547 debeat
2248 4472 2529 4547 aerario
2588 4469 2889 4573 publico
2944 4470 3048 4563 is,
3106 4472 3229 4571 qui
3286 4496 3431 4575 per

653 4592 1002 4695 injuriam
1041 4622 1342 4672 servum
1382 4622 1710 4673 asserere
1750 4598 1829 4671 in
1867 4596 2293 4671 libertatem
2330 4596 2688 4671 videatur.

861 4894 962 4975 ’A
981 4930 1032 4973 π
1055 4930 1096 4974 ο
1119 4926 1164 4974 σ
1182 4932 1223 4974 τ
1247 4930 1294 4973 α
1316 4926 1361 4975 o·
1382 4905 1410 4976 ί
1433 4930 1475 4976 o
1503 4931 1546 4975 υ
1605 4902 1650 4975 δ
1671 4906 1698 4977 ί
1721 4934 1778 4975 κ
1801 4934 1839 4993 η
1896 4907 2009 4991 τίς
2062 4908 2219 4979 ἐστὶ
2274 4899 2481 4979 κατὰ
2537 4899 2691 4977 τῶν
2740 4896 3430 4999 ἀπελευθερωθέν-

656 5051 808 5097 των
850 5022 1210 5122 δεδομένη
1249 5037 1404 5111 τοῖς
1445 5023 2198 5127 ἀπελευθερώσασιν,
2256 5025 2397 5104 ἐὰν
2434 5024 2911 5123 ἀφιστῶνταί
2968 5056 3039 5100 τι
3098 5023 3228 5101 ἀπ’
3268 5023 3427 5102 αὐ-

654 5148 809 5224 τῶν
851 5145 896 5243 ἢ
932 5158 1186 5251 ἕτερον
1223 5150 1787 5258 ἐπιγράφωνται
1834 5150 2287 5255 προστᾴτην,
2327 5159 2463 5229 καὶ
2504 5146 2556 5229 ἃ
2591 5151 3049 5229 κελεύουσιν
3086 5154 3159 5227 οἱ
3195 5148 3423 5253 νόμοι
