3725 5850
1066 459 1166 513 nn
1205 459 1560 516 nmmos
1597 459 2163 516 assummum.
2847 437 3001 516 365

1513 653 1740 732 1420.

443 793 676 874 Filiae
733 797 1228 874 hereditariae
1288 798 1781 900 permittitur,
1841 800 1904 874 si
1960 801 2267 877 maritus
2326 801 2516 901 ejuS,
2580 801 2703 900 qui
2761 803 2827 876 ei
2886 827 2998 877 se·

271 922 548 1000 cundum
605 923 856 1022 legem
911 922 1218 1021 obtigit,
1277 925 1472 1000 coire
1535 951 1684 1000 non
1742 939 2036 1027 posset,
2094 955 2251 1002 rem
2288 953 2455 1002 cum
2495 927 2655 1025 ejus
2694 927 2998 1027 propin-

269 1050 406 1148 guis
437 1046 727 1125 habere.
805 1049 984 1127 Ideo
1041 1060 1292 1125 autem
1345 1077 1502 1126 non
1559 1075 1730 1126 cum
1787 1053 2088 1150 quovis,
2148 1052 2281 1127 sed
2338 1077 2509 1128 cum
2548 1051 2792 1126 mariti
2831 1077 2999 1150 pro-

269 1177 550 1276 pinguo,
612 1199 830 1273 quem
868 1175 1034 1275 ipsa
1071 1175 1474 1273 delegerit,
1533 1177 2019 1272 concumbat,
2081 1189 2163 1252 ut
2216 1177 2426 1252 liberi
2489 1177 2593 1252 ita
2630 1177 2786 1251 nati
2826 1201 3003 1250 con-

268 1299 618 1398 sanguinei
691 1311 938 1376 tamen
993 1300 1161 1375 sint.
1246 1299 1590 1400 Denique
1664 1302 1983 1376 maritus
2053 1311 2166 1377 ter
2238 1302 2622 1378 minimum
2693 1298 3003 1398 singulis

268 1425 608 1500 mensibus
646 1449 818 1501 cum
854 1424 1009 1501 filia
1045 1424 1495 1502 hereditaria
1532 1426 2079 1524 congrediatur.

1511 1589 1740 1666 1421.

451 1727 624 1804 Τῶν
679 1727 1110 1828 ἐπικλήρων
1167 1725 1340 1806 ὅσαι
1407 1726 1742 1821 θητικόν
1803 1727 2206 1818 τελοῦσιν,
2276 1726 2416 1806 ἐὰν
2462 1727 2568 1829 μὴ
2626 1728 2999 1830 βούληται

270 1855 443 1949 ἔχειν
477 1847 519 1930 ὃ
559 1854 942 1960 ἐγγύτατα
979 1862 1247 1960 γένους
1271 1912 1290 1944 ,
1350 1851 1718 1930 ἐκδιδότω
1775 1851 2087 1942 ἐπιδούς
2136 1847 2179 1930 ὁ
2211 1859 2361 1951 μὲν
2398 1864 3001 1954 πεντακοσιομέ-

269 1979 496 2076 διμνος
553 1985 1062 2068 πεντακοσίας
1121 1978 1508 2080 δραχμάς,
1570 1973 1611 2056 ό
1657 1979 1728 2054 δ’
1765 1977 2035 2067 ἱππεύς
2072 1986 2560 2078 τριακοσίας,
2622 1974 2664 2058 ὁ
2708 1981 2785 2057 δέ
2830 1991 3002 2074 ζευ-

266 2111 439 2208 γίτης
475 2103 764 2182 ἑκατόν
801 2104 1278 2197 πεντήκοντα
1304 2165 1322 2195 ,
1381 2106 1567 2204 πρὸς
1606 2101 1719 2193 οἷς
1757 2102 2015 2197 αὐτῆς.
2082 2101 2283 2180 Ἐἀν
2335 2105 2413 2180 δὲ
2470 2111 2777 2195 πλείους
2814 2101 3009 2182 ὦσιν

268 2225 581 2330 (ἄνδρες)
640 2239 724 2312 ἐν
773 2232 882 2332 τῷ
939 2228 1156 2330 αὐτῷ
1191 2237 1456 2338 γένει,
1514 2231 1604 2328 τῇ
1665 2229 2049 2330 ἐπικλήρῳ
2100 2227 2284 2328 πρὸς
2313 2237 2543 2330 μέρος
2578 2230 3001 2309 ἐπιδιδόναι

266 2363 565 2434 ἕκαστον
588 2387 602 2401 ·
662 2355 802 2434 ἐὰν
842 2355 918 2434 δὲ
957 2367 1318 2462 γυναῖκες
1356 2349 1660 2444 πλέιόυς
1699 2350 1836 2432 ὦσι
1861 2413 1882 2446 ,
1916 2355 2027 2454 μή
2067 2355 2495 2460 ἐπάναγκες
2532 2354 2733 2432 εἶναι
2772 2364 3005 2434 πλέον

265 2477 501 2581 ἢμίαν
537 2481 912 2560 ἐκδοῦναι
949 2481 1059 2584 τῷ
1109 2489 1181 2586 γ’
1223 2486 1378 2558 ἑνί·
1435 2478 1632 2557 ἀλλά
1691 2478 1835 2557 τόν
1892 2479 2269 2586 ἐγγύτατα
2335 2480 2451 2558 δεῖ
2498 2481 2898 2560 ’ἐκδιδόναι
2958 2478 3006 2575 ἢ

267 2604 481 2683 αὐτὸν
516 2611 764 2705 ἔχειν·
824 2606 965 2685 ἐὰν
1023 2606 1098 2682 δὲ
1148 2606 1258 2705 μὴ
1319 2609 1457 2705 ἐζγῃ
1517 2601 1558 2683 ὁ
1620 2606 2009 2714 ἐγγυτάτω
2068 2617 2341 2712 γένους
2400 2604 2446 2700 ἢ
2492 2607 2603 2708 μὴ
2646 2609 2895 2710 ἐκδῷ,
2954 2603 2997 2686 ό

267 2727 498 2834 ἅρχων
533 2739 1123 2840 ἐπαναγκαζέτω
1165 2729 1212 2826 ἢ
1249 2729 1498 2809 αὐτὸν
1538 2735 1747 2830 ἔχειν
1785 2730 1832 2824 ἢ
1869 2731 2265 2809 ἐκδοῦναι.
2318 2731 2516 2810 Ἐὰν
2556 2734 2633 2812 δὲ
2662 2733 2771 2834 μὴ
2813 2744 3002 2811 ἐπα-

267 2861 584 2966 ναγκάσῃ
627 2851 670 2939 ό
712 2855 998 2960 ἅρχων,
1039 2855 1400 2955 ὀφειλέτω
1430 2863 1697 2957 χιλίας
1736 2855 2080 2963 δραχμὰς
2120 2856 2321 2959 ἱεράς
2358 2859 2448 2958 τῇ
2491 2851 2701 2961 ”.ΙῙρᾳ
2728 2885 2743 2902 ·
2803 2857 3002 2937 ἀπο-

266 2995 576 3088 γραφέτω
635 2986 710 3063 δὲ
770 2985 911 3063 τόν
953 2982 1065 3085 μὴ
1125 2984 1505 3061 ποιοῦντα
1566 2984 1810 3060 ταῦτα
1861 2978 1904 3061 ὁ
1946 2984 2422 3085 βουλόμενος
2460 2982 2643 3084 πρὸς
2681 2984 2821 3062 τὸν
2854 2982 3002 3087 (ἴρ-

259 3140 499 3206 χοντα.
1177 3116 1598 3210 (Demosth.
1641 3114 1808 3193 adv.
1848 3116 2153 3191 Macart.
2200 3116 2788 3210 1067—-1068.)

1497 3278 1723 3355 1421.

444 3422 803 3501 Filiarum
839 3422 1494 3517 hereditariarum,
1553 3446 1744 3523 quae
1797 3422 2035 3498 infimi
2092 3421 2368 3499 ordinis
2407 3435 2615 3520 sunt,
2680 3424 2739 3500 si
2780 3452 3002 3526 quam

267 3548 496 3627 ducere
537 3550 860 3627 noluerit
895 3574 1172 3649 genere
1222 3550 1644 3649 proximus,
1705 3549 1879 3625 dote
1918 3550 2091 3626 data
2126 3548 2527 3645 collocatO,
2588 3561 2662 3625 et
2700 3552 2997 3651 quidem

266 3675 1084 3773 pentacosiomedimnus
1141 3675 1568 3774 quingentis
1624 3675 2033 3768 drachmiS,
2093 3700 2317 3775 eques
2355 3676 2703 3751 trecentis
2728 3734 2745 3767 ,
2808 3679 2997 3753 Zeu-

267 3803 426 3900 gites
458 3813 758 3879 centum
797 3803 1376 3902 quinquaginta,
1438 3815 1735 3903 praeter
1791 3830 1880 3877 ea
1934 3827 2122 3902 quae
2178 3800 2342 3901 ipsa
2396 3800 2641 3877 habet.
2718 3802 2799 3877 Si
2835 3802 2999 3901 plu-

267 3952 362 4001 res
397 3930 666 4005 fuerint
705 3929 888 4021 (viri
925 3953 1203 4025 genere
1244 3930 1650 4028 proximi),
1713 3930 1907 4005 filiae
1949 3927 2437 4003 hereditariae
2478 3954 2614 4028 pro
2654 3930 2995 4028 portione

269 4053 537 4154 quisque
579 4052 953 4145 conferat3
1010 4052 1070 4127 si
1109 4064 1355 4127 autem
1391 4054 1734 4129 mulieres
1773 4055 2026 4153 plures
2064 4052 2379 4145 fuerint,
2428 4078 2523 4127 ne
2562 4076 2865 4126 necesse
2905 4052 3000 4127 sit

268 4178 370 4253 uni
406 4180 640 4273 (viro)
697 4178 866 4280 plus
921 4204 1076 4253 una
1129 4178 1464 4278 (puella)
1519 4176 1921 4273 collocare,
1982 4177 2113 4253 sed
2170 4177 2554 4279 proximus
2604 4196 2733 4253 aut
2766 4178 2995 4253 collo-

269 4314 406 4397 cato
439 4318 564 4381 aut
600 4304 870 4380 ducito,
949 4304 1110 4379 Nisi
1149 4314 1394 4380 autem
1431 4330 1708 4402 genere
1756 4305 2142 4406 proximus
2182 4328 2349 4379 eam
2388 4303 2510 4378 vel
2548 4302 2840 4381 duxerit
2876 4306 2999 4380 vel

270 4432 648 4528 collocarit,
690 4431 963 4508 archon
1005 4456 1170 4507 eum
1213 4444 1432 4529 cogat
1467 4444 1595 4508 aut
1633 4432 1901 4509 ducere
1940 4442 2069 4508 aut
2105 4430 2511 4527 collocare3
2566 4430 2707 4505 nisi
2746 4442 2998 4505 autem

271 4556 514 4634 archon
573 4560 937 4658 coegerit,
995 4558 1263 4634 debeat
1323 4560 1524 4634 mille
1575 4558 1963 4636 drachmas
2019 4558 2074 4633 J
2080 4560 2305 4633 unoni
2362 4584 2631 4633 sacras,
2710 4558 2997 4633 Indicet

270 4694 480 4760 autem
516 4710 726 4781 eum,
767 4684 908 4760 nisi
947 4685 1238 4779 fecerit,
1286 4686 1528 4784 quivis
1568 4685 1927 4761 archonti.
