3725 5850
1189 444 1575 502 socc-essm
1614 445 1658 495 Β
1694 444 2223 500 τΕεΤΑΜΒΝΤο.
2942 406 3119 500 3515

325 633 530 726 ὅπως
567 633 670 713 ἂν
704 644 966 735 ἐθέλῃ,
1025 632 1128 713 ἂν
1154 631 1264 736 μὴ
1305 634 1562 722 παῖδες
1601 627 1737 709 ὦσι
1773 633 2076 739 γνήσιοι
2115 629 2454 737 ἄρρενες,
2514 630 2617 711 ἂν
2644 634 2752 735 μὴ
2785 637 3099 737 μανιῶν

325 759 378 855 ἢ
415 761 652 868 γήρως
691 759 736 854 ἢ
773 763 1208 864 φαρμάκων
1249 757 1295 853 ἢ
1331 758 1570 838 νόσου
1607 768 1897 852 ἕνεκεν,
1957 757 2003 853 ἢ
2039 769 2355 867 γυναικί
2394 761 2878 860 πειθόμενος,
2916 756 3085 839 ὑπὸ

325 887 628 965 τούτων
683 917 826 965 του
882 888 1392 987 παρανομῶν,
1455 881 1501 980 ἢ
1554 879 1688 963 ὑπ’
1748 884 2131 992 ἀνάγκης,
2190 885 2235 981 ἢ
2288 880 2444 965 ὑπὸ
2503 887 2787 988 δεσμοῦ
2844 909 3121 967 κατα-τ

323 1019 669 1112 ληφθείς.
927 1017 1351 1116 (Demosth.
1389 1018 1468 1094 in
1510 1015 1868 1120 Stephan.
1909 1021 2005 1114 ΙΙ,
2052 1019 2275 1097 1133.
2316 1019 2481 1144 Lex·
2516 1018 2878 1112 Solonis.)

1595 1179 1821 1256 1399.

543 1321 986 1426 Quicunque
1044 1349 1197 1399 non
1256 1321 1587 1426 adoptati
1645 1323 1979 1419 fuerant,
2036 1323 2125 1399 iis
2165 1349 2335 1421 sua,
2392 1324 2499 1400 ita
2552 1337 2635 1399 ut
2680 1351 2821 1401 nee
2865 1327 3094 1428 impe-

327 1449 481 1525 dita
533 1450 682 1525 sint
735 1476 875 1526 nec
917 1449 1210 1552 judicio
1257 1451 1337 1525 in
1377 1477 1466 1526 ea
1504 1462 1807 1547 agatur,
1870 1476 2099 1553 quum
2136 1450 2369 1527 Solon
2407 1451 2923 1548 magistratum
2958 1454 3094 1528 ini-

327 1586 480 1666 ret,
538 1574 788 1674 legare
847 1603 981 1653 suo
1033 1576 1402 1652 arbitratu
1457 1575 1717 1671 liceat,
1781 1576 1925 1650 nisi
1961 1575 2231 1652 liberos
2276 1577 2645 1674 genuinos
2682 1601 2924 1653 mares
2965 1578 3090 1677 ha7

329 1704 592 1798 beant,
648 1702 789 1778 nisi
829 1702 993 1802 quis
1031 1699 1406 1778 furoribus
1457 1712 1585 1777 aut
1639 1703 1847 1780 senio
1907 1713 2034 1778 aut
2090 1703 2454 1778 veneficio
2510 1711 2637 1778 aut
2673 1704 2934 1779 morbo
2971 1718 3100 1781 aut

328 1828 656 1904 mulieris
711 1827 1232 1929 persvasione,
1288 1828 1546 1904 harum
1602 1829 1850 1928 aliqua
1912 1853 2132 1904 causa
2189 1827 2548 1920 delirans,
2608 1839 2735 1904 aut
2772 1833 3089 1909 necessi-

327 1963 475 2030 tate
515 1963 643 2030 aut
682 1951 1000 2028 vinculis
1039 1952 1586 2030 circumventus
1627 1955 1740 2030 sit.

1607 2115 1838 2192 1400.

523 2249 632 2330 “O
665 2285 736 2332 τι
779 2249 881 2333 ἂν
916 2260 1252 2361 γνησίων
1291 2249 1546 2334 ὄντων
1581 2254 1774 2331 υἱῶν
1829 2247 1875 2333 o‘
1932 2253 2179 2356 πατήρ
2234 2254 2642 2348 διαθῆται,
2700 2253 2841 2334 ἐὰν
2897 2255 3097 2333 ἀπο-

335 2379 677 2458 θάνωσιν
715 2385 788 2458 οἱ
827 2386 1010 2472 υἱεῖς
1047 2389 1230 2484 πρὶν
1265 2389 1387 2460 ἐπὶ
1428 2380 1661 2469 δίετες
1699 2374 1942 2482 ἦβᾶν,
1998 2378 2141 2472 τὴν
2174 2380 2324 2456 τοῦ
2376 2378 2655 2482 πατρὸς
2712 2381 3099 2476 διαθήκην

329 2511 611 2609 κυρίαν
649 2507 867 2589 εἶναι.
1480 2512 1909 2605 (Demosth.
1948 2513 2026 2587 in
2066 2510 2423 2614 Stephan.
2466 2513 2561 2605 ΙΙ,
2609 2511 2879 2605 1136.)

1605 2674 1639 2747 1
1655 2672 1830 2750 400.

540 2817 919 2920 Quidquid
977 2829 1192 2921 pater
1248 2820 1627 2917 germanis
1687 2820 1856 2895 filiis
1896 2819 2422 2920 superstitibus
2461 2828 2905 2894 testamento
2933 2821 3094 2918 jus-

330 2946 539 3037 serit,
599 2945 660 3019 si
697 2946 1020 3022 obierint
1057 2948 1227 3043 filii,
1287 2947 1726 3047 priusquam
1779 2972 1915 3050 per
1968 2946 2359 3022 biennium
2414 2942 2733 3045 puberes
2780 2944 3119 3041 fuerint,·

330 3081 853 3148 testamentum
890 3074 1123 3175 patris
1161 3083 1398 3150 ratum
1437 3085 1615 3148 esto·

545 3350 750 3434 Οὔτε
791 3356 1208 3434 διαθέσθαι
1248 3350 1428 3435 οὕτε
1468 3356 1748 3434 δοῦναι
1790 3351 2057 3435 οὐδενὶ
2118 3352 2351 3432 οὐδὲν
2408 3358 2643 3447 ἔξεστι
2698 3354 2855 3430 τῶν
2911 3358 3117 3458 {av—0

331 3482 468 3561 τοῦ
524 3476 714 3560 ’ἄνευ
769 3484 925 3559 τῶν
983 3490 1472 3589 θυγατέρων,
1531 3480 1667 3561 ἐάν
1722 3514 1831 3570 τις
1887 3478 2338 3558 καταλιπών
2393 3484 2703 3585 γνησίας
2759 3480 3119 3583 τελευτᾷ(

1639 3616 1940 3709 (Isaeus
1979 3613 2071 3690 de
2110 3614 2371 3715 Pyrrh.
2412 3614 2563 3689 her.
2604 3609 2670 3715 ξ.
2712 3613 2878 3704 42.)

1602 3778 1827 3852 1401.

538 3918 824 4013 Quibus
866 3921 1061 3996 filiae
1099 3932 1274 3995 sunt
1311 3920 1723 4018 legitimae,
1783 3945 2043 3996 eorum
2082 3921 2266 3996 nulli
2305 3920 2479 3997 licet
2514 3920 2886 3999 bonorum
2922 3880 3113 4025 pai‘·⁸

331 4056 479 4121 tem
518 4042 734 4121 alicui
776 4045 954 4123 dare
996 4045 1118 4122 vel
1154 4045 1406 4146 legare
1445 4045 1586 4122 nisi
1626 4073 1793 4122 cum
1834 4046 2150 4123 filiabus,

1599 4214 1827 4290 1402.

548 4352 705 4430 Τὸν
740 4344 1202 4431 ὑπεύθυνον
1229 4351 1336 4453 μή
1379 4351 1794 4430 διαθέσθαι
1829 4352 1925 4429 τὰ
1963 4352 2266 4429 ἑαυτοῦ.

1679 4482 2073 4579 (Aeschin.
2110 4483 2189 4558 in
2227 4480 2557 4582 Ctesiph.
2597 4476 2665 4583 ξ.
2705 4482 2881 4572 21.)

1605 4643 1824 4722 1402.

539 4774 666 4867 Ei,
705 4773 832 4871 qui
867 4772 1196 4849 rationes
1235 4771 1496 4868 debet,
1537 4797 1632 4847 ne
1670 4771 1893 4849 liceat
1925 4782 2451 4848 testamentum
2487 4770 2747 4848 faeere.

1599 4932 1823 5009 1403.

547 5077 669 5176 Τῷ
718 5072 830 5173 μὴ
889 5073 1204 5161 δικαίως
1264 5078 1525 5171 ἔχοντι
1581 5070 1760 5151 οὐδὲ
1801 5074 2299 5151 διατίθεσθαι
2338 5082 2501 5175 περὶ
2541 5072 2805 5153 αὐτῶν
2844 5102 3077 5174 προσ-

339 5196 513 5291 ''11⁸⁸-
559 5284 568 5293 .
1188 5278 1198 5287 .
1419 5252 1426 5257 ·
1641 5207 1936 5301 (Isaeus
1976 5204 2065 5283 de
2104 5204 2411 5285 Aristar.
2452 5206 2605 5283 her.
2648 5201 2715 5306 ξ.
2748 5194 2885 5299 8.)
