<?xml version="1.0" encoding="UTF-8"?>
<!DOCTYPE html PUBLIC "-//W3C//DTD XHTML 1.0 Transitional//EN"
    "http://www.w3.org/TR/xhtml1/DTD/xhtml1-transitional.dtd">
<html xmlns="http://www.w3.org/1999/xhtml" xml:lang="en" lang="en">
 <head>
  <title>
</title>
<meta http-equiv="Content-Type" content="text/html;charset=utf-8" />
  <meta name='ocr-system' content='tesseract 3.04.00' />
  <meta name='ocr-capabilities' content='ocr_page ocr_carea ocr_par ocr_line ocrx_word'/>
</head>
<body>
  <div class='ocr_page' id='page_1' title='image "./synaggtnattiknn01tlgoog_0415.png"; bbox 0 0 3725 5850; ppageno 0'>
   <div class='ocr_carea' id='block_1_1' title="bbox 92 2142 94 2690">
    <p class='ocr_par' dir='ltr' id='par_1_1' title="bbox 92 2142 94 2690">
     <span class='ocr_line' id='line_1_1' title="bbox 92 2142 94 2690; baseline 0 0"><span class='ocrx_word' id='word_1_1' title='bbox 92 2142 94 2690; x_wconf 95' lang='lat' dir='ltr'> </span> 
     </span>
    </p>
   </div>
   <div class='ocr_carea' id='block_1_2' title="bbox 1043 444 3007 526">
    <p class='ocr_par' dir='ltr' id='par_1_2' title="bbox 1043 444 3007 526">
     <span class='ocr_line' id='line_1_2' title="bbox 1043 444 3007 526; baseline -0.001 -4"><span class='ocrx_word' id='word_1_2' title='bbox 1043 471 1144 522; x_wconf 71' lang='grc' dir='ltr'>ΒΕ</span> <span class='ocrx_word' id='word_1_3' title='bbox 1183 471 1485 522; x_wconf 67' lang='lat' dir='ltr'>murno.</span> <span class='ocrx_word' id='word_1_4' title='bbox 1527 487 1596 502; x_wconf 87' lang='lat'>-</span> <span class='ocrx_word' id='word_1_5' title='bbox 1633 469 1734 522; x_wconf 72' lang='lat' dir='ltr'>nn</span> <span class='ocrx_word' id='word_1_6' title='bbox 1772 473 2200 526; x_wconf 67' lang='lat' dir='ltr'><strong>SPONSIONE.</strong></span> <span class='ocrx_word' id='word_1_7' title='bbox 2854 444 3007 520; x_wconf 78' lang='lat'>389</span> 
     </span>
    </p>
   </div>
   <div class='ocr_carea' id='block_1_3' title="bbox 1512 660 1865 739">
    <p class='ocr_par' dir='ltr' id='par_1_3' title="bbox 1512 660 1865 739">
     <span class='ocr_line' id='line_1_3' title="bbox 1512 660 1865 739; baseline 0.014 -3"><span class='ocrx_word' id='word_1_8' title='bbox 1512 660 1740 739; x_wconf 81' lang='lat'><strong>1515.</strong></span> <span class='ocrx_word' id='word_1_9' title='bbox 1853 709 1865 714; x_wconf 95' lang='lat'>-</span> 
     </span>
    </p>
   </div>
   <div class='ocr_carea' id='block_1_4' title="bbox 257 805 3009 1164">
    <p class='ocr_par' dir='ltr' id='par_1_4' title="bbox 257 805 3009 1164">
     <span class='ocr_line' id='line_1_4' title="bbox 445 805 3009 910; baseline -0.001 -25"><span class='ocrx_word' id='word_1_10' title='bbox 445 808 734 902; x_wconf 83' lang='lat' dir='ltr'><strong>Quibus</strong></span> <span class='ocrx_word' id='word_1_11' title='bbox 772 807 864 883; x_wconf 89' lang='lat' dir='ltr'>de</span> <span class='ocrx_word' id='word_1_12' title='bbox 905 807 1414 885; x_wconf 85' lang='lat' dir='ltr'>contractibus</span> <span class='ocrx_word' id='word_1_13' title='bbox 1453 805 1880 907; x_wconf 83' lang='lat' dir='ltr'>ambigitur,</span> <span class='ocrx_word' id='word_1_14' title='bbox 1910 808 1959 883; x_wconf 91' lang='lat' dir='ltr'>ii</span> <span class='ocrx_word' id='word_1_15' title='bbox 1990 807 2355 908; x_wconf 88' lang='lat' dir='ltr'>judicium</span> <span class='ocrx_word' id='word_1_16' title='bbox 2376 808 2781 910; x_wconf 79' lang='lat' dir='ltr'>postulant,</span> <span class='ocrx_word' id='word_1_17' title='bbox 2824 833 3009 908; x_wconf 89' lang='lat' dir='ltr'>quos</span> 
     </span>
     <span class='ocr_line' id='line_1_5' title="bbox 263 931 3006 1037; baseline -0.001 -27"><span class='ocrx_word' id='word_1_18' title='bbox 263 961 418 1012; x_wconf 87' lang='lat' dir='ltr'>vero</span> <span class='ocrx_word' id='word_1_19' title='bbox 467 934 759 1034; x_wconf 89' lang='lat' dir='ltr'>utrique</span> <span class='ocrx_word' id='word_1_20' title='bbox 816 935 1409 1012; x_wconf 84' lang='lat' dir='ltr'><strong>contrahentium</strong></span> <span class='ocrx_word' id='word_1_21' title='bbox 1465 936 1915 1012; x_wconf 85' lang='lat' dir='ltr'>confitentur</span> <span class='ocrx_word' id='word_1_22' title='bbox 1953 945 2027 1011; x_wconf 90' lang='lat' dir='ltr'>et</span> <span class='ocrx_word' id='word_1_23' title='bbox 2064 934 2156 1012; x_wconf 90' lang='lat' dir='ltr'>de</span> <span class='ocrx_word' id='word_1_24' title='bbox 2207 937 2476 1035; x_wconf 84' lang='lat' dir='ltr'>quibus</span> <span class='ocrx_word' id='word_1_25' title='bbox 2532 931 3006 1037; x_wconf 78' lang='lat' dir='ltr'>syngraphae</span> 
     </span>
     <span class='ocr_line' id='line_1_6' title="bbox 257 1059 2633 1164; baseline -0.002 -22"><span class='ocrx_word' id='word_1_26' title='bbox 257 1059 574 1142; x_wconf 79' lang='lat' dir='ltr'>nauticae</span> <span class='ocrx_word' id='word_1_27' title='bbox 615 1069 914 1138; x_wconf 82' lang='lat' dir='ltr'>exstant</span> <span class='ocrx_word' id='word_1_28' title='bbox 935 1119 953 1156; x_wconf 91' lang='lat'>‚</span> <span class='ocrx_word' id='word_1_29' title='bbox 1012 1060 1427 1162; x_wconf 84' lang='lat' dir='ltr'>perscripta</span> <span class='ocrx_word' id='word_1_30' title='bbox 1461 1059 1540 1138; x_wconf 91' lang='lat' dir='ltr'>in</span> <span class='ocrx_word' id='word_1_31' title='bbox 1577 1059 1851 1138; x_wconf 82' lang='lat' dir='ltr'>tabulis</span> <span class='ocrx_word' id='word_1_32' title='bbox 1888 1071 2277 1164; x_wconf 84' lang='lat' dir='ltr'>praestare</span> <span class='ocrx_word' id='word_1_33' title='bbox 2320 1070 2633 1164; x_wconf 81' lang='lat' dir='ltr'><strong>oportet.</strong></span> 
     </span>
    </p>
   </div>
   <div class='ocr_carea' id='block_1_5' title="bbox 438 1220 2366 1465">
    <p class='ocr_par' dir='ltr' id='par_1_5' title="bbox 438 1220 2366 1465">
     <span class='ocr_line' id='line_1_7' title="bbox 1505 1220 1734 1298; baseline 0.009 -2"><span class='ocrx_word' id='word_1_34' title='bbox 1505 1220 1734 1298; x_wconf 84' lang='grc'>1516.</span> 
     </span>
     <span class='ocr_line' id='line_1_8' title="bbox 438 1356 2366 1465; baseline -0.002 -23"><span class='ocrx_word' id='word_1_35' title='bbox 438 1359 919 1463; x_wconf 75' lang='grc' dir='ltr'><em>Χειρόδοτον</em></span> <span class='ocrx_word' id='word_1_36' title='bbox 945 1421 961 1452; x_wconf 84' lang='grc'><em>,</em></span> <span class='ocrx_word' id='word_1_37' title='bbox 1022 1361 1435 1465; x_wconf 78' lang='grc' dir='ltr'><em>δάνεισμα,</em></span> <span class='ocrx_word' id='word_1_38' title='bbox 1491 1358 1582 1463; x_wconf 58' lang='grc' dir='ltr'>τὸ</span> <span class='ocrx_word' id='word_1_39' title='bbox 1623 1356 1816 1444; x_wconf 76' lang='grc' dir='ltr'><em>ἄνευ</em></span> <span class='ocrx_word' id='word_1_40' title='bbox 1854 1366 2366 1464; x_wconf 82' lang='grc' dir='ltr'><em>συμβολαίου.</em></span> 
     </span>
    </p>
   </div>
   <div class='ocr_carea' id='block_1_6' title="bbox 1508 1493 2791 1678">
    <p class='ocr_par' dir='ltr' id='par_1_6' title="bbox 1508 1493 2791 1678">
     <span class='ocr_line' id='line_1_9' title="bbox 2052 1493 2791 1590; baseline -0.004 -18"><span class='ocrx_word' id='word_1_41' title='bbox 2052 1493 2391 1590; x_wconf 70' lang='lat' dir='ltr'>(Pollux.</span> <span class='ocrx_word' id='word_1_42' title='bbox 2432 1495 2529 1590; x_wconf 88' lang='lat'>11,</span> <span class='ocrx_word' id='word_1_43' title='bbox 2576 1493 2791 1590; x_wconf 83' lang='lat'><strong>152.)</strong></span> 
     </span>
     <span class='ocr_line' id='line_1_10' title="bbox 1508 1600 1734 1678; baseline 0.013 -3"><span class='ocrx_word' id='word_1_44' title='bbox 1508 1600 1734 1678; x_wconf 84' lang='lat'><strong>1516.</strong></span> 
     </span>
    </p>
   </div>
   <div class='ocr_carea' id='block_1_7' title="bbox 439 1742 2415 1986">
    <p class='ocr_par' dir='ltr' id='par_1_7' title="bbox 439 1742 2415 1986">
     <span class='ocr_line' id='line_1_11' title="bbox 439 1742 2415 1849; baseline 0.002 -27"><span class='ocrx_word' id='word_1_45' title='bbox 439 1742 926 1825; x_wconf 86' lang='lat' dir='ltr'>Chirodotum</span> <span class='ocrx_word' id='word_1_46' title='bbox 965 1757 1078 1824; x_wconf 88' lang='lat' dir='ltr'>est</span> <span class='ocrx_word' id='word_1_47' title='bbox 1114 1745 1436 1848; x_wconf 88' lang='lat' dir='ltr'>pecunia</span> <span class='ocrx_word' id='word_1_48' title='bbox 1471 1745 1755 1824; x_wconf 87' lang='lat' dir='ltr'>credita</span> <span class='ocrx_word' id='word_1_49' title='bbox 1791 1748 2077 1849; x_wconf 85' lang='lat' dir='ltr'>absque</span> <span class='ocrx_word' id='word_1_50' title='bbox 2116 1746 2415 1827; x_wconf 86' lang='lat' dir='ltr'>tabulis.</span> 
     </span>
     <span class='ocr_line' id='line_1_12' title="bbox 1494 1906 1722 1986; baseline 0.009 -3"><span class='ocrx_word' id='word_1_51' title='bbox 1494 1906 1722 1986; x_wconf 82' lang='grc'>1517.</span> 
     </span>
    </p>
   </div>
   <div class='ocr_carea' id='block_1_8' title="bbox 251 2036 2999 2404">
    <p class='ocr_par' dir='ltr' id='par_1_8' title="bbox 251 2036 2999 2404">
     <span class='ocr_line' id='line_1_13' title="bbox 420 2036 2999 2150; baseline -0.001 -30"><span class='ocrx_word' id='word_1_52' title='bbox 420 2036 707 2120; x_wconf 76' lang='grc' dir='ltr'><strong><em>Ὁπότε</em></strong></span> <span class='ocrx_word' id='word_1_53' title='bbox 761 2075 874 2131; x_wconf 84' lang='grc' dir='ltr'>τις</span> <span class='ocrx_word' id='word_1_54' title='bbox 931 2041 1298 2135; x_wconf 84' lang='grc' dir='ltr'><em>α’παιτοίη</em></span> <span class='ocrx_word' id='word_1_55' title='bbox 1355 2042 1736 2150; x_wconf 80' lang='grc' dir='ltr'><em>ἀργύριον</em></span> <span class='ocrx_word' id='word_1_56' title='bbox 1787 2039 1889 2134; x_wconf 78' lang='grc' dir='ltr'>ὦς</span> <span class='ocrx_word' id='word_1_57' title='bbox 1947 2046 2351 2147; x_wconf 78' lang='grc' dir='ltr'><em>προσῆκον</em></span> <span class='ocrx_word' id='word_1_58' title='bbox 2410 2038 2630 2147; x_wconf 73' lang='grc' dir='ltr'>αὖτιῇ</span> <span class='ocrx_word' id='word_1_59' title='bbox 2684 2049 2819 2123; x_wconf 81' lang='grc' dir='ltr'>καὶ</span> <span class='ocrx_word' id='word_1_60' title='bbox 2889 2044 2999 2144; x_wconf 74' lang='grc' dir='ltr'>μὴ</span> 
     </span>
     <span class='ocr_line' id='line_1_14' title="bbox 251 2163 2447 2277; baseline 0 -30"><span class='ocrx_word' id='word_1_61' title='bbox 251 2163 686 2270; x_wconf 70' lang='grc' dir='ltr'><em>λαμβάνοιν,</em></span> <span class='ocrx_word' id='word_1_62' title='bbox 745 2169 978 2263; x_wconf 79' lang='grc' dir='ltr'><em>δίκην</em></span> <span class='ocrx_word' id='word_1_63' title='bbox 1013 2168 1384 2275; x_wconf 80' lang='grc' dir='ltr'><em>λαγχάνει</em></span> <span class='ocrx_word' id='word_1_64' title='bbox 1444 2169 1491 2245; x_wconf 82' lang='grc' dir='ltr'>ἀ</span> <span class='ocrx_word' id='word_1_65' title='bbox 1516 2202 1627 2277; x_wconf 80' lang='grc' dir='ltr'>ργ</span> <span class='ocrx_word' id='word_1_66' title='bbox 1657 2202 1704 2248; x_wconf 93' lang='grc' dir='ltr'><em>υ</em></span> <span class='ocrx_word' id='word_1_67' title='bbox 1727 2203 1768 2274; x_wconf 92' lang='grc' dir='ltr'><em>ρ</em></span> <span class='ocrx_word' id='word_1_68' title='bbox 1791 2177 1820 2247; x_wconf 92' lang='grc' dir='ltr'><em>ί</em></span> <span class='ocrx_word' id='word_1_69' title='bbox 1844 2203 1887 2248; x_wconf 99' lang='grc' dir='ltr'><em>ο</em></span> <span class='ocrx_word' id='word_1_70' title='bbox 1910 2202 1957 2248; x_wconf 93' lang='grc' dir='ltr'><em>υ</em></span> <span class='ocrx_word' id='word_1_71' title='bbox 2011 2172 2121 2274; x_wconf 71' lang='grc' dir='ltr'>τῷ</span> <span class='ocrx_word' id='word_1_72' title='bbox 2164 2175 2447 2270; x_wconf 77' lang='grc' dir='ltr'><em>ἔχοντι.</em></span> 
     </span>
     <span class='ocr_line' id='line_1_15' title="bbox 820 2295 2788 2404; baseline -0.001 -27"><span class='ocrx_word' id='word_1_73' title='bbox 820 2299 1173 2396; x_wconf 84' lang='lat' dir='ltr'>(Bekker</span> <span class='ocrx_word' id='word_1_74' title='bbox 1209 2297 1494 2378; x_wconf 86' lang='lat' dir='ltr'>Anecd.</span> <span class='ocrx_word' id='word_1_75' title='bbox 1531 2328 1639 2401; x_wconf 84' lang='lat' dir='ltr'>gr.</span> <span class='ocrx_word' id='word_1_76' title='bbox 1685 2304 1742 2380; x_wconf 96' lang='lat' dir='ltr'>I.</span> <span class='ocrx_word' id='word_1_77' title='bbox 1784 2330 1857 2404; x_wconf 91' lang='lat' dir='ltr'>p.</span> <span class='ocrx_word' id='word_1_78' title='bbox 1899 2301 2076 2378; x_wconf 82' lang='grc'>201.</span> <span class='ocrx_word' id='word_1_79' title='bbox 2118 2295 2495 2404; x_wconf 81' lang='grc' dir='ltr'><em>ἀργυρίου</em></span> <span class='ocrx_word' id='word_1_80' title='bbox 2536 2297 2788 2399; x_wconf 82' lang='grc' dir='ltr'>δίκη.)</span> 
     </span>
    </p>
   </div>
   <div class='ocr_carea' id='block_1_9' title="bbox 1505 2461 1732 2540">
    <p class='ocr_par' dir='ltr' id='par_1_9' title="bbox 1505 2461 1732 2540">
     <span class='ocr_line' id='line_1_16' title="bbox 1505 2461 1732 2540; baseline 0.013 -3"><span class='ocrx_word' id='word_1_81' title='bbox 1505 2461 1732 2540; x_wconf 86' lang='grc'>1517.</span> 
     </span>
    </p>
   </div>
   <div class='ocr_carea' id='block_1_10' title="bbox 247 2606 2997 2836">
    <p class='ocr_par' dir='ltr' id='par_1_10' title="bbox 247 2606 2997 2836">
     <span class='ocr_line' id='line_1_17' title="bbox 435 2606 2997 2712; baseline 0 -28"><span class='ocrx_word' id='word_1_82' title='bbox 435 2609 683 2701; x_wconf 81' lang='lat' dir='ltr'>Quum</span> <span class='ocrx_word' id='word_1_83' title='bbox 721 2608 881 2709; x_wconf 87' lang='lat' dir='ltr'>quis</span> <span class='ocrx_word' id='word_1_84' title='bbox 920 2606 1190 2708; x_wconf 90' lang='lat' dir='ltr'>repetit</span> <span class='ocrx_word' id='word_1_85' title='bbox 1225 2606 1621 2708; x_wconf 86' lang='lat' dir='ltr'>pecuniam</span> <span class='ocrx_word' id='word_1_86' title='bbox 1658 2618 1742 2710; x_wconf 74' lang='lat' dir='ltr'>ut</span> <span class='ocrx_word' id='word_1_87' title='bbox 1795 2608 1938 2684; x_wconf 85' lang='lat' dir='ltr'>sibi</span> <span class='ocrx_word' id='word_1_88' title='bbox 1988 2619 2533 2712; x_wconf 78' lang='lat' dir='ltr'>competentem</span> <span class='ocrx_word' id='word_1_89' title='bbox 2574 2619 2649 2684; x_wconf 93' lang='lat' dir='ltr'>et</span> <span class='ocrx_word' id='word_1_90' title='bbox 2686 2633 2837 2686; x_wconf 92' lang='lat' dir='ltr'>non</span> <span class='ocrx_word' id='word_1_91' title='bbox 2875 2634 2997 2685; x_wconf 88' lang='lat' dir='ltr'>ac-</span> 
     </span>
     <span class='ocr_line' id='line_1_18' title="bbox 247 2733 1955 2836; baseline 0.001 -28"><span class='ocrx_word' id='word_1_92' title='bbox 247 2734 439 2834; x_wconf 86' lang='lat' dir='ltr'>cipit,</span> <span class='ocrx_word' id='word_1_93' title='bbox 494 2734 701 2811; x_wconf 88' lang='lat' dir='ltr'>litem</span> <span class='ocrx_word' id='word_1_94' title='bbox 734 2735 1236 2836; x_wconf 85' lang='lat' dir='ltr'>pecuniariam</span> <span class='ocrx_word' id='word_1_95' title='bbox 1273 2733 1592 2810; x_wconf 88' lang='lat' dir='ltr'>intendit</span> <span class='ocrx_word' id='word_1_96' title='bbox 1628 2733 1955 2811; x_wconf 86' lang='lat' dir='ltr'>habenti.</span> 
     </span>
    </p>
   </div>
   <div class='ocr_carea' id='block_1_11' title="bbox 247 3034 2997 3389">
    <p class='ocr_par' dir='ltr' id='par_1_11' title="bbox 247 3034 2997 3389">
     <span class='ocr_line' id='line_1_19' title="bbox 419 3034 2997 3138; baseline -0.002 -23"><span class='ocrx_word' id='word_1_97' title='bbox 419 3034 618 3115; x_wconf 75' lang='lat' dir='ltr'>‘&#39;Oo‘a</span> <span class='ocrx_word' id='word_1_98' title='bbox 658 3069 770 3125; x_wconf 87' lang='grc' dir='ltr'>τις</span> <span class='ocrx_word' id='word_1_99' title='bbox 808 3034 1257 3138; x_wconf 79' lang='grc' dir='ltr'><em>ἆπετίμησε,</em></span> <span class='ocrx_word' id='word_1_100' title='bbox 1307 3035 1416 3137; x_wconf 77' lang='grc' dir='ltr'>μή</span> <span class='ocrx_word' id='word_1_101' title='bbox 1458 3036 1656 3115; x_wconf 80' lang='grc' dir='ltr'><em>εἶναι</em></span> <span class='ocrx_word' id='word_1_102' title='bbox 1717 3036 1987 3129; x_wconf 78' lang='grc' dir='ltr'><em>δίκας,</em></span> <span class='ocrx_word' id='word_1_103' title='bbox 2035 3037 2215 3138; x_wconf 83' lang='grc' dir='ltr'><strong><em>μήτ’</em></strong></span> <span class='ocrx_word' id='word_1_104' title='bbox 2274 3034 2541 3124; x_wconf 81' lang='grc' dir='ltr'><em>αὐτοῖς</em></span> <span class='ocrx_word' id='word_1_105' title='bbox 2590 3036 2781 3137; x_wconf 80' lang='grc' dir='ltr'><strong><em>μήτε</em></strong></span> <span class='ocrx_word' id='word_1_106' title='bbox 2840 3048 2997 3123; x_wconf 82' lang='grc' dir='ltr'><em>τοῖς</em></span> 
     </span>
     <span class='ocr_line' id='line_1_20' title="bbox 247 3160 2996 3263; baseline -0 -27"><span class='ocrx_word' id='word_1_107' title='bbox 247 3160 728 3263; x_wconf 79' lang='grc' dir='ltr'><em>κληρονόμοις</em></span> <span class='ocrx_word' id='word_1_108' title='bbox 752 3188 769 3204; x_wconf 89' lang='grc'><strong><em>·</em></strong></span> <span class='ocrx_word' id='word_1_109' title='bbox 824 3164 1036 3239; x_wconf 74' lang='grc' dir='ltr'><em>τοῦτ’</em></span> <span class='ocrx_word' id='word_1_110' title='bbox 1076 3166 1288 3240; x_wconf 76' lang='grc' dir='ltr'><em>ἐστίν</em></span> <span class='ocrx_word' id='word_1_111' title='bbox 1307 3221 1329 3253; x_wconf 87' lang='grc'>,</span> <span class='ocrx_word' id='word_1_112' title='bbox 1389 3161 1548 3240; x_wconf 76' lang='grc' dir='ltr'>οὐκ</span> <span class='ocrx_word' id='word_1_113' title='bbox 1585 3162 1802 3242; x_wconf 76' lang='grc' dir='ltr'><em>ἐᾶται</em></span> <span class='ocrx_word' id='word_1_114' title='bbox 1841 3162 2001 3239; x_wconf 83' lang='grc' dir='ltr'>τῶν</span> <span class='ocrx_word' id='word_1_115' title='bbox 2037 3160 2685 3261; x_wconf 76' lang='grc' dir='ltr'><em>ἇκοτιμηθέντων</em></span> <span class='ocrx_word' id='word_1_116' title='bbox 2723 3166 2832 3241; x_wconf 73' lang='grc' dir='ltr'>ἔτι</span> <span class='ocrx_word' id='word_1_117' title='bbox 2874 3160 2996 3236; x_wconf 84' lang='grc' dir='ltr'><em>δι’-</em></span> 
     </span>
     <span class='ocr_line' id='line_1_21' title="bbox 247 3286 1434 3389; baseline 0.006 -26"><span class='ocrx_word' id='word_1_118' title='bbox 247 3321 376 3381; x_wconf 81' lang='grc' dir='ltr'>κην</span> <span class='ocrx_word' id='word_1_119' title='bbox 411 3288 603 3366; x_wconf 70' lang='grc' dir='ltr'><em>εἶναι</em></span> <span class='ocrx_word' id='word_1_120' title='bbox 641 3287 826 3389; x_wconf 82' lang='grc' dir='ltr'><em>πρὸς</em></span> <span class='ocrx_word' id='word_1_121' title='bbox 866 3286 1048 3377; x_wconf 78' lang='grc' dir='ltr'>τούς</span> <span class='ocrx_word' id='word_1_122' title='bbox 1087 3292 1434 3385; x_wconf 73' lang='grc' dir='ltr'>ἔχοντας.</span> 
     </span>
    </p>
   </div>
   <div class='ocr_carea' id='block_1_12' title="bbox 1031 3417 2781 3521">
    <p class='ocr_par' dir='ltr' id='par_1_12' title="bbox 1031 3417 2781 3521">
     <span class='ocr_line' id='line_1_22' title="bbox 1031 3417 2781 3521; baseline -0.001 -26"><span class='ocrx_word' id='word_1_123' title='bbox 1031 3419 1457 3513; x_wconf 84' lang='lat' dir='ltr'>(Demosth.</span> <span class='ocrx_word' id='word_1_124' title='bbox 1499 3446 1562 3497; x_wconf 91' lang='lat' dir='ltr'>c.</span> <span class='ocrx_word' id='word_1_125' title='bbox 1603 3418 1963 3521; x_wconf 85' lang='lat' dir='ltr'>Spudiam</span> <span class='ocrx_word' id='word_1_126' title='bbox 2020 3417 2240 3514; x_wconf 85' lang='grc'>1030,</span> <span class='ocrx_word' id='word_1_127' title='bbox 2285 3423 2355 3495; x_wconf 87' lang='grc'>5.</span> <span class='ocrx_word' id='word_1_128' title='bbox 2401 3418 2627 3515; x_wconf 90' lang='grc'>1031,</span> <span class='ocrx_word' id='word_1_129' title='bbox 2672 3418 2781 3511; x_wconf 89' lang='grc'>1.)</span> 
     </span>
    </p>
   </div>
   <div class='ocr_carea' id='block_1_13' title="bbox 1498 3580 1728 3657">
    <p class='ocr_par' dir='ltr' id='par_1_13' title="bbox 1498 3580 1728 3657">
     <span class='ocr_line' id='line_1_23' title="bbox 1498 3580 1728 3657; baseline 0.013 -3"><span class='ocrx_word' id='word_1_130' title='bbox 1498 3580 1728 3657; x_wconf 87' lang='grc'>1518.</span> 
     </span>
    </p>
   </div>
   <div class='ocr_carea' id='block_1_14' title="bbox 247 3722 2991 4078">
    <p class='ocr_par' dir='ltr' id='par_1_14' title="bbox 247 3722 2991 4078">
     <span class='ocr_line' id='line_1_24' title="bbox 435 3722 2991 3825; baseline -0.002 -24"><span class='ocrx_word' id='word_1_131' title='bbox 435 3724 641 3818; x_wconf 86' lang='lat' dir='ltr'>Quae</span> <span class='ocrx_word' id='word_1_132' title='bbox 696 3724 862 3825; x_wconf 84' lang='lat' dir='ltr'>quis</span> <span class='ocrx_word' id='word_1_133' title='bbox 917 3724 1503 3823; x_wconf 83' lang='lat' dir='ltr'>oppigneravit,</span> <span class='ocrx_word' id='word_1_134' title='bbox 1581 3750 1838 3799; x_wconf 88' lang='lat' dir='ltr'>eorum</span> <span class='ocrx_word' id='word_1_135' title='bbox 1910 3724 2076 3799; x_wconf 83' lang='lat' dir='ltr'>lites</span> <span class='ocrx_word' id='word_1_136' title='bbox 2133 3748 2229 3798; x_wconf 90' lang='lat' dir='ltr'>ne</span> <span class='ocrx_word' id='word_1_137' title='bbox 2285 3723 2515 3799; x_wconf 87' lang='lat' dir='ltr'>liceat</span> <span class='ocrx_word' id='word_1_138' title='bbox 2571 3722 2693 3820; x_wconf 81' lang='lat' dir='ltr'>agi</span> <span class='ocrx_word' id='word_1_139' title='bbox 2749 3745 2991 3823; x_wconf 89' lang='lat' dir='ltr'>neque</span> 
     </span>
     <span class='ocr_line' id='line_1_25' title="bbox 247 3848 2991 3951; baseline 0.001 -30"><span class='ocrx_word' id='word_1_140' title='bbox 247 3849 406 3949; x_wconf 87' lang='lat' dir='ltr'>ipsis</span> <span class='ocrx_word' id='word_1_141' title='bbox 455 3850 1124 3951; x_wconf 85' lang='lat' dir='ltr'>oppignerantibus</span> <span class='ocrx_word' id='word_1_142' title='bbox 1182 3875 1424 3949; x_wconf 89' lang='lat' dir='ltr'>neque</span> <span class='ocrx_word' id='word_1_143' title='bbox 1481 3874 1739 3925; x_wconf 84' lang='lat' dir='ltr'>eorum</span> <span class='ocrx_word' id='word_1_144' title='bbox 1792 3848 2215 3926; x_wconf 83' lang='lat' dir='ltr'>heredibus.</span> <span class='ocrx_word' id='word_1_145' title='bbox 2295 3849 2383 3926; x_wconf 92' lang='lat' dir='ltr'>Id</span> <span class='ocrx_word' id='word_1_146' title='bbox 2425 3858 2575 3940; x_wconf 77' lang='lat' dir='ltr'>est,</span> <span class='ocrx_word' id='word_1_147' title='bbox 2632 3872 2786 3925; x_wconf 87' lang='lat' dir='ltr'>non</span> <span class='ocrx_word' id='word_1_148' title='bbox 2825 3872 2991 3948; x_wconf 85' lang='lat' dir='ltr'>per-</span> 
     </span>
     <span class='ocr_line' id='line_1_26' title="bbox 248 3974 2416 4078; baseline -0 -29"><span class='ocrx_word' id='word_1_149' title='bbox 248 3974 526 4052; x_wconf 87' lang='lat' dir='ltr'>mittitur</span> <span class='ocrx_word' id='word_1_150' title='bbox 564 4001 814 4052; x_wconf 89' lang='lat' dir='ltr'>rerum</span> <span class='ocrx_word' id='word_1_151' title='bbox 852 3974 1520 4078; x_wconf 81' lang='lat' dir='ltr'>oppigneratarum</span> <span class='ocrx_word' id='word_1_152' title='bbox 1557 4000 1778 4075; x_wconf 78' lang='lat' dir='ltr'>agere</span> <span class='ocrx_word' id='word_1_153' title='bbox 1816 3976 1891 4053; x_wconf 88' lang='lat' dir='ltr'>in</span> <span class='ocrx_word' id='word_1_154' title='bbox 1934 4000 2416 4077; x_wconf 63' lang='lat' dir='ltr'>possessores</span> 
     </span>
    </p>
   </div>
   <div class='ocr_carea' id='block_1_15' title="bbox 1166 4312 2035 4563">
    <p class='ocr_par' dir='ltr' id='par_1_15' title="bbox 1166 4312 2035 4563">
     <span class='ocr_line' id='line_1_27' title="bbox 1386 4312 1822 4418; baseline 0 -30"><span class='ocrx_word' id='word_1_155' title='bbox 1386 4312 1822 4418; x_wconf 77' lang='grc' dir='ltr'>Τμῆμαγ’.</span> 
     </span>
     <span class='ocr_line' id='line_1_28' title="bbox 1166 4456 2035 4563; baseline 0.003 -28"><span class='ocrx_word' id='word_1_156' title='bbox 1166 4463 1466 4559; x_wconf 75' lang='grc' dir='ltr'><em>Περὶ</em></span> <span class='ocrx_word' id='word_1_157' title='bbox 1561 4456 2035 4563; x_wconf 79' lang='grc' dir='ltr'>ἐγγύης.</span> 
     </span>
    </p>
   </div>
   <div class='ocr_carea' id='block_1_16' title="bbox 1448 4623 1732 4635">
    <p class='ocr_par' dir='ltr' id='par_1_16' title="bbox 1448 4623 1732 4635">
     <span class='ocr_line' id='line_1_29' title="bbox 1448 4623 1732 4635; baseline 0 0"><span class='ocrx_word' id='word_1_158' title='bbox 1448 4624 1488 4635; x_wconf 56' lang='grc' dir='ltr'>ΝΛ</span> <span class='ocrx_word' id='word_1_159' title='bbox 1494 4624 1596 4635; x_wconf 55' lang='grc' dir='ltr'>κῆινν</span> <span class='ocrx_word' id='word_1_160' title='bbox 1608 4623 1676 4635; x_wconf 61' lang='grc' dir='ltr'>ΛΜ</span> <span class='ocrx_word' id='word_1_161' title='bbox 1725 4628 1732 4635; x_wconf 54' lang='lat' dir='ltr'>s</span> 
     </span>
    </p>
   </div>
   <div class='ocr_carea' id='block_1_17' title="bbox 1116 4732 2074 4979">
    <p class='ocr_par' dir='ltr' id='par_1_17' title="bbox 1116 4732 2074 4979">
     <span class='ocr_line' id='line_1_30' title="bbox 1407 4732 1790 4811; baseline -0.005 0"><span class='ocrx_word' id='word_1_162' title='bbox 1407 4732 1654 4811; x_wconf 86' lang='lat' dir='ltr'>Sectio</span> <span class='ocrx_word' id='word_1_163' title='bbox 1721 4735 1790 4810; x_wconf 90' lang='lat'>3.</span> 
     </span>
     <span class='ocr_line' id='line_1_31' title="bbox 1116 4879 2074 4979; baseline 0 -25"><span class='ocrx_word' id='word_1_164' title='bbox 1116 4879 1266 4954; x_wconf 83' lang='lat' dir='ltr'>De</span> <span class='ocrx_word' id='word_1_165' title='bbox 1367 4879 2074 4979; x_wconf 80' lang='lat' dir='ltr'>sponsione.</span> 
     </span>
    </p>
   </div>
   <div class='ocr_carea' id='block_1_18' title="bbox 421 5073 2764 5315">
    <p class='ocr_par' dir='ltr' id='par_1_18' title="bbox 421 5073 2764 5315">
     <span class='ocr_line' id='line_1_32' title="bbox 1496 5073 1722 5150; baseline 0.018 -4"><span class='ocrx_word' id='word_1_166' title='bbox 1496 5073 1722 5150; x_wconf 83' lang='lat'><strong>1519.</strong></span> 
     </span>
     <span class='ocr_line' id='line_1_33' title="bbox 421 5204 2764 5315; baseline 0.003 -30"><span class='ocrx_word' id='word_1_167' title='bbox 421 5207 509 5285; x_wconf 89' lang='lat' dir='ltr'>’E</span> <span class='ocrx_word' id='word_1_168' title='bbox 528 5239 577 5314; x_wconf 78' lang='grc' dir='ltr'><em>γ</em></span> <span class='ocrx_word' id='word_1_169' title='bbox 595 5240 642 5315; x_wconf 78' lang='grc' dir='ltr'><em>γ</em></span> <span class='ocrx_word' id='word_1_170' title='bbox 663 5209 712 5287; x_wconf 88' lang='grc' dir='ltr'>ύ</span> <span class='ocrx_word' id='word_1_171' title='bbox 737 5244 775 5302; x_wconf 85' lang='grc' dir='ltr'><em>η</em></span> <span class='ocrx_word' id='word_1_172' title='bbox 798 5268 819 5301; x_wconf 89' lang='grc'><strong><em>,</em></strong></span> <span class='ocrx_word' id='word_1_173' title='bbox 883 5204 922 5301; x_wconf 83' lang='grc' dir='ltr'><em>ἦ</em></span> <span class='ocrx_word' id='word_1_174' title='bbox 965 5215 1134 5310; x_wconf 76' lang='grc' dir='ltr'><em>περί</em></span> <span class='ocrx_word' id='word_1_175' title='bbox 1169 5238 1378 5299; x_wconf 87' lang='grc' dir='ltr'><em>τινος</em></span> <span class='ocrx_word' id='word_1_176' title='bbox 1417 5207 1802 5309; x_wconf 79' lang='grc' dir='ltr'><em>ἀναδοχὴ.</em></span> <span class='ocrx_word' id='word_1_177' title='bbox 2396 5214 2764 5312; x_wconf 75' lang='lat' dir='ltr'>(SuidaS.)</span> 
     </span>
    </p>
   </div>
  </div>
 </body>
</html>
