3725 5850
1529 423 1700 474 mus
1747 423 1989 478 ms'rr.
2990 399 3144 475 215

1667 615 1844 692 851.

593 755 1028 835 sortitiones
1074 757 1522 859 judiciorum
1579 759 2120 836 mercatoribus
2182 773 2605 837 menstruae
2657 769 2831 837 sunt
2870 787 2915 837 a
2952 763 3143 837 Boe-

401 883 758 960 dromione
797 883 895 960 ad
935 884 1560 986 Munychionem‚
1619 896 1702 961 ut
1744 887 1873 986 jus
1930 911 2143 962 suum
2184 883 2433 963 statim
2474 881 2721 988 adepti
2760 885 3145 985 navigent.

571 1179 950 1286 ’Έμμηνοι
994 1183 1208 1262 δίκαι
1249 1191 1388 1294 ειόι
1433 1189 1567 1260 καί
1609 1183 1931 1285 προικὸς
1970 1191 2108 1260 καὶ
2148 1191 2528 1284 ἐρανικαί.

1665 1423 1820 1498 852
2098 1315 2415 1411 (Pollux
2456 1315 2666 1409 VIII,
2714 1315 2931 1408 101.)

586 1565 974 1644 Menstrua
1017 1567 1306 1670 judicia
1359 1567 1734 1646 habentur
1794 1567 2019 1644 etiam
2076 1557 2166 1644 de
2226 1563 2397 1642 dote
2438 1575 2513 1642 et
2548 1565 2637 1643 de
2678 1563 2936 1644 litibu's
2974 1591 3143 1642 con-

393 1693 766 1770 vive-libus,

1666 1803 1846 1878 853.

591 1937 727 2016 Ta?
769 1943 1292 2040 Μουνυχιῶνι
1344 1946 1532 2042 μηνὶ
1589 1943 1730 2018 τοῦ
1803 1946 2020 2042 ἔαρος
2078 1939 2531 2034 δικάζονται
2589 1944 2665 2017 αἱ
2727 1937 2909 2040 πρὸς
2966 1937 3148 2028 τούς

385 2071 632 2157 ξένους
671 2063 907 2149 δίκαι.
1419 2071 1710 2166 (Schol.
1751 2071 1828 2146 in
1870 2069 2351 2173 Aristophan.
2394 2068 2616 2147 Aves.
2665 2069 2935 2165 1478.)

1674 2233 1852 2308 853.

586 2376 804 2452 Veris
843 2403 1099 2454 mense
1141 2377 1619 2455 Munichione
1646 2375 2087 2478 judicantur
2124 2376 2691 2479 peregrinorum
2731 2402 3020 2452 causae.

1663 2540 1840 2616 854.

571 2669 668 2751 ‘E
689 2707 746 2750 ω
772 2683 828 2752 θ
850 2708 873 2752 ι
903 2685 1064 2754 ναί
1125 2675 1293 2753 δίκ
1316 2707 1362 2752 α
1385 2709 1408 2752 ι
1433 2737 1456 2769 ,
1513 2675 1608 2753 τὰ
1655 2680 1953 2778 βραχέα
1994 2677 2399 2786 πράγματα
2422 2735 2443 2767 ,
2502 2667 2552 2750 ἃ
2591 2669 2894 2778 ὄρθρου
2931 2673 3147 2754 ἐκδι-

381 2800 710 2896 κάζεται.
1918 2806 2206 2898 (Lexic.
2250 2803 2556 2906 Seguer.
2596 2831 2667 2905 p.
2708 2805 2935 2898 258.)

1668 2932 1768 3005 85
1783 2934 1846 3007 4.

587 3076 996 3153 Matutinae
1036 3078 1204 3154 lites
1245 3078 1434 3153 fiunt
1472 3075 1566 3153 de
1607 3074 1830 3160 rebus
1877 3075 2183 3155 minoris
2240 3076 2639 3171 momenti,
2698 3100 2889 3175 quae
2930 3100 3147 3153 mane

377 3201 829 3279 dirimuntur.

1669 3308 1846 3384 855.

591 3446 769 3525 Οὐκ
809 3452 1098 3541 ἔξεστιν
1135 3446 1587 3549 αὐθημερὸν
1637 3452 2061 3540 ἐκκλησίαν
2102 3445 2263 3547 ἅμα
2301 3454 2439 3524 καὶ
2480 3447 2977 3548 δικαστήριον
3014 3479 3145 3554 γε-

377 3581 670 3654 νέσθαι.
1689 3579 2117 3669 (Demosth.
2161 3606 2223 3655 c.
2263 3579 2667 3655 Timocrat.
2709 3578 2931 3671 726.)

1669 3741 1846 3817 855.

587 3886 700 3961 Ne
739 3884 961 3961 liceat
998 3884 1261 3961 eodem
1300 3886 1416 3962 die
1457 3897 1531 3962 et
1566 3886 2007 3963 concionem
2047 3897 2121 3963 et
2145 3852 2511 3987 jildioium
2548 3884 2829 3962 haberi.

1673 4048 1851 4122 856.

575 4183 718 4263 Ἐν
754 4198 914 4277 ταῖς
955 4192 1246 4287 ἑορταῖς
1287 4186 1444 4285 οὐχ
1484 4186 1658 4265 οἶόν
1697 4220 1773 4263 τε
1814 4182 2181 4281 δικάζειν.

1576 4318 2048 4421 (Xenophon
2089 4316 2357 4395 Athen.
2398 4345 2590 4422 resp.
2631 4322 2769 4417 ΙΙΙ,
2812 4322 2929 4415 8.)

1661 4479 1841 4555 856.

586 4602 828 4679 Festis
867 4602 1130 4681 diebus
1155 4604 1433 4705 judicia
1471 4602 1798 4680 exerceri
1834 4628 1988 4679 non
2026 4614 2357 4706 possunt.

1667 4764 1844 4840 857.

575 4900 718 4981 Ἐν
773 4902 862 5003 τῇ
925 4898 1156 5007 ἡμέρᾳ
1205 4905 1414 5007 μόνῃ
1471 4908 1696 5005 λοιπῇ
1755 4908 1904 4982 τοῦ
1956 4908 2316 4984 ἐνιαυτοῦ
2375 4910 2484 5009 τῷ
2524 4914 2661 4985 Διῒ
2712 4909 2819 5009 τῷ
2869 4906 3145 5007 σωτῆρι

377 5034 616 5105 θυσία
665 5035 1053 5134 γίγνεται,
1114 5030 1605 5133 δικαστήριον
1662 5030 1738 5107 δὲ
1799 5030 2003 5133 παρὰ
2062 5030 2244 5121 τούς
2302 5030 2589 5134 νόμους
2646 5031 2743 5110 οὐ
2806 5032 3145 5111 δυνατὸν

376 5156 886 5257 πληρωθῆναι·
1181 5270 1188 5285 .
1265 5142 1272 5154 ’
1524 5162 1832 5263 (Lysias
1874 5163 1967 5241 de
2009 5162 2666 5270 Evandriprobat.
2707 5158 2776 5267 ξι.
2816 5162 2931 5259 6.)
