3725 5850
1317 468 1418 520 De
1455 459 2083 520 SUPPLICATIONE.
2930 437 3083 514 305

1488 743 1897 846 ΠΙὲροςιβὶ.

1223 871 1486 961 Περὶ
1565 869 2157 962 ἱκετηρίας.

1512 1107 1706 1172 Pars
1758 1109 1857 1172 12.

1153 1233 1286 1301 De
1363 1231 2217 1322 supplicatione.

1585 1399 1808 1478 1196.

502 1535 696 1615 Ἐάν
735 1537 816 1614 δέ
845 1569 957 1628 τις
994 1539 1296 1637 ἱκετεύῃ
1334 1547 1420 1616 ἐν
1458 1538 1546 1636 τῇ
1585 1539 1879 1638 βουλῇ,
1944 1535 1989 1631 ἢ
2026 1547 2111 1616 ἐν
2141 1538 2250 1640 τῷ
2292 1535 2529 1639 δήμῳ,
2589 1543 2756 1639 περὶ
2796 1527 2909 1614 ὦν
2948 1536 3070 1614 δι-

317 1663 718 1764 καστήριον
757 1659 806 1756 ἢ
843 1658 886 1758 ἦ
924 1661 1168 1764 βουλὴ
1193 1723 1214 1756 ,
1277 1661 1322 1758 ἢ
1359 1657 1403 1742 ό
1448 1663 1678 1764 δῆμος
1714 1672 2089 1770 κατέγνω,
2130 1663 2270 1741 ἐὰν
2296 1669 2448 1764 μὲν
2486 1662 2721 1750 αὐτὸς
2761 1653 2804 1740 ό
2846 1659 3073 1759 ὀφεί-

317 1795 458 1864 λων
491 1789 837 1888 ἱκετεύῃ,
893 1795 1077 1892 πρὶν
1112 1797 1454 1882 ἐκτῖσαι,
1515 1789 1844 1883 ἔνδειξιν
1898 1789 2097 1867 εἶναι
2152 1799 2329 1867 κατ’
2370 1787 2649 1882 αὐτοῦ,
2702 1787 3069 1890 καθάπερ

315 1911 435 1992 ἐάν
487 1946 597 2003 τις
655 1913 991 2013 ὀφείλων
1042 1918 1150 2018 τῷ
1211 1916 1550 2019 δημοσίῳ
1613 1911 2043 2010 ἡλιάζηται·
2100 1915 2244 1995 §riv
2284 1915 2353 1992 δ’
2392 1911 2623 2005 ἄλλος
2678 1909 2869 2013 ὑπὲρ
2925 1916 3069 1992 τοῦ

315 2036 748 2134 ὠφληκότος
784 2040 1129 2140 ἱκετεύῃ,
1190 2049 1369 2141 πρὶν
1404 2052 1698 2122 ἐκτῖσαι
1725 2101 1746 2134 ,
1807 2040 2135 2142 δημοσία
2177 2045 2365 2118 ἔστω
2415 2038 2666 2118 αὐτοῦ
2710 2034 2750 2133 ἦ
2796 2037 3067 2118 οὐσία·

315 2165 435 2242 ἐάν
488 2164 571 2242 δέ
621 2197 733 2254 τις
786 2167 943 2244 τῶν
992 2167 1378 2269 προέδρων
1433 2167 1544 2270 δῷ
1602 2173 1755 2245 τινί
1813 2166 1958 2261 τὴν
2012 2171 2671 2265 ἐπιχειροτονίαν,
2742 2161 2789 2260 ἢ
2850 2163 3067 2268 αὐτῷ

315 2290 410 2396 τῷ
444 2288 832 2390 ὠφληκότι
851 2353 876 2386 ,
935 2290 983 2388 ἢ
1022 2288 1232 2397 ἄλλῳ
1271 2287 1460 2395 ύπέρ
1497 2297 1807 2371 ἐκείνου
1830 2351 1851 2384 ,
1912 2298 2092 2393 πρὶν
2130 2299 2421 2369 ἐκτῖσαι
2444 2349 2465 2383 ,
2524 2285 2791 2392 ὅῖτιμος
2847 2295 3057 2369 ἔστω.

1624 2421 2049 2516 (Demosth.
2088 2449 2150 2498 c.
2189 2421 2591 2500 Timocrat.
2632 2421 2852 2514 ¹716.)

1557 2535 1783 2659 1196.

510 2727 588 2803 Si
625 2729 788 2829 quis
829 2737 1078 2804 autem
1117 2727 1556 2830 supplicarit
1591 2728 1672 2802 in
1727 2745 1995 2804 senatu
2035 2738 2165 2804 aut
2200 2727 2400 2830 apud
2438 2727 2807 2829 populum
2842 2725 2932 2800 iis
2971 2723 3063 2799 de

314 2852 554 2949 rebus,
596 2863 904 2955 propter
943 2879 1124 2954 quas
1151 2853 1517 2955 judicium
1557 2853 1680 2928 vcl
1719 2865 2022 2929 senatus
2061 2854 2183 2930 vel
2220 2851 2540 2957 populus
2578 2853 2901 2954 aliquem
2937 2849 3063 2927 da-

313 2979 616 3076 mnavit;
669 2981 732 3054 si
765 2980 926 3079 ipse
967 2979 1396 3069 damnatus,
1443 2978 1876 3079 priusquam
1931 2980 2276 3073 solverit,
2335 2978 2810 3079 supplicarit,
2868 2977 3063 3052 actio

313 3104 382 3179 in
417 3130 578 3181 eum
619 3104 876 3199 detur,
933 3104 1241 3206 perinde
1299 3130 1386 3181 ac
1439 3104 1503 3179 si
1543 3106 1705 3205 quis
1745 3106 2074 3181 aerarius
2110 3106 2191 3179 in
2228 3104 2540 3179 Heliaea
2560 3102 2892 3204 judicet3
2946 3102 3063 3177 sin

314 3227 482 3305 alius
536 3255 671 3331 pro
725 3230 1011 3306 aerario
1065 3230 1609 3324 intercesserit,
1665 3230 2099 3331 priusquam
2154 3230 2217 3304 is
2254 3229 2599 3323 solverit,
2662 3228 2865 3303 bona
2902 3227 3063 3327 ejus

315 3356 544 3429 omnia
577 3354 1076 3457 publicentur.
1150 3354 1284 3431 Sin
1322 3354 1748 3456 praesidum
1794 3355 2059 3455 aliquis
2098 3354 2381 3431 dederit
2420 3353 2638 3429 alicui
2677 3349 3060 3428 siscitandi

313 3490 776 3577 potestatem,
836 3481 992 3555 sive
1031 3480 1174 3582 ipsi
1211 3481 1512 3556 aerario·
1537 3480 1694 3555 sive
1731 3480 1952 3557 alicui
1991 3506 2126 3579 pro
2166 3506 2255 3555 eo
2297 3476 2759 3579 deprecanti,
2818 3475 3055 3577 prius-

313 3628 515 3705 quam
548 3606 894 3701 solverit‚
949 3606 1486 3705 ignominiosus
1527 3618 1704 3682 esto,

507 3906 724 4000 Μηδὲ
748 3908 1091 4009 περὶτῶν
1119 3905 1444 4008 ἀτίμων,
1486 3904 1685 3995 ὅπως
1693 3906 1850 4009 χρὴ
1891 3913 2282 4007 ἐπιτίμους
2304 3902 2837 3995 αύτούςεῖναι,
2866 3903 3057 4003 μηδὲ

317 4039 462 4133 περὶ
513 4033 670 4112 τῶν
725 4032 1201 4131 ὀφειλόντων
1257 4047 1416 4122 τοῖς
1475 4042 1728 4123 θεοῖς,
1787 4029 1836 4126 ἢ
1889 4036 2002 4134 τῷ
2039 4032 2379 4134 δημοσίῳ
2417 4030 2525 4133 τῷ
2571 4028 3053 4129 Ἀθηναίων,

317 4164 462 4259 περὶ
515 4156 846 4255 ἀφέσεως
919 4161 1066 4237 τοῦ
1123 4158 1562 4258 ὀφλήματος
1615 4156 1661 4253 ἢ
1716 4157 2035 4253 τάξεως,
2108 4157 2248 4241 ἐὰν
2310 4156 2417 4258 μή
2498 4167 3054 4259 ψηφισαμένων

305 4276 732 4376 Ἀθηναίων
767 4283 910 4378 τήν
946 4281 1213 4363 ἄδειαν
1253 4285 1588 4386 πρῶτον,
1639 4285 1749 4387 μὴ
1793 4290 2115 4363 ἔλαττον
2156 4290 2739 4382 ἑξακισχιλίων,
2800 4282 2913 4373 οἷς
2952 4282 3055 4361 ἂν

315 4405 516 4507 δόξῃ,
569 4409 921 4511 κρύβδην
979 4419 1567 4512 ψηφιζομένοις·
1623 4412 1792 4489 τότε
1831 4411 1901 4489 δ’
1941 4422 2216 4507 ἐξεῖναι
2255 4416 2797 4513 χρηματίζειν,
2856 4418 3051 4488 καθ’

317 4528 422 4607 ὅτι
458 4530 556 4612 ἂν
589 4536 678 4635 τῇ
715 4538 966 4638 βουλῇ
1005 4544 1144 4613 καὶ
1183 4539 1292 4641 τῷ
1335 4538 1547 4641 δήμῳ
1589 4538 1808 4637 δοκῇ.

1613 4668 2037 4762 (Demosth.
2079 4695 2140 4745 c.
2179 4668 2578 4745 Timocrat.
2619 4666 2837 4759 715.)

1565 4829 1789 4905 1197.

501 4972 656 5047 Nec
694 4972 786 5048 de
825 4973 1338 5073 ignominiosis
1395 4998 1657 5073 agere,
1715 4974 2109 5073 pristinam
2154 4974 2243 5049 iis
2282 4972 2723 5071 dignitatem
2760 4972 3048 5048 restitu-

314 5090 554 5170 endam
608 5122 811 5189 esse,
869 5122 1008 5172 nec
1056 5124 1351 5190 eorum,
1407 5098 1533 5198 qui
1591 5097 1726 5172 diis
1781 5098 2065 5173 debent
2119 5110 2247 5174 aut
2303 5100 2587 5175 aerario
2644 5098 3047 5174 Athenien-

315 5214 510 5315 ‚Sium‚
551 5221 1067 5317 remittendum
1110 5221 1444 5313 debitum
1485 5232 1616 5299 aut
1653 5222 1812 5301 dies
1851 5222 2239 5303 solutionis
2278 5224 2808 5302 concedendos
2864 5250 3049 5321 esse,

2539 5348 2628 5417 20
