3725 5850
563 380 720 454 434
1240 399 1856 450 COMMENTARIUS
1894 397 2000 446 ..m
2046 395 2166 452 133.
2208 397 2330 449 134.
2375 395 2499 448 135.
2542 394 2665 448 13⁷.

569 595 961 692 (Proedri,
1022 604 1222 670 sorte
1279 591 1450 668 lecti
1499 615 1544 665 a
1580 590 2030 690 prytanibus
2090 592 2166 666 in
2224 590 2521 690 singula
2578 590 2935 665 concione
2975 613 3013 664 e
3053 590 3343 688 singula

572 723 835 812 tribu.)

785 845 934 921 Vix
993 844 1187 918 bene
1227 831 1382 913 ὑπὸ
1422 836 1582 914 τῶν
1619 835 2079 936 πρυτάνεων.
2159 840 2239 916 Si
2278 841 2477 916 enim
2514 838 2893 940 praesides
2933 865 2978 914 a
3014 843 3343 941 prytani-

568 971 708 1046 bus
747 983 944 1046 sorte
983 968 1154 1044 lecti
1196 967 1546 1064 fuissent,
1608 995 1754 1068 quo
1813 980 2035 1068 pacto
2092 963 2480 1056 ἐπιστάτης
2538 968 2905 1069 potuisset
2960 992 3089 1043 eos
3148 976 3347 1041 sorte

568 1097 822 1192 legere
856 1095 893 1170 ⁴?

784 1219 897 1296 Cf.
960 1218 1207 1296 Schol.
1259 1218 1337 1294 in
1396 1218 1738 1296 Aeschin.
1799 1217 2266 1320 Ctesiphont.
2328 1219 2397 1295 3.
2456 1229 2531 1295 et
2590 1222 2687 1317 4.;
2740 1221 2917 1296 item
2974 1217 3218 1296 Schol.
3278 1217 3354 1292 in

571 1343 960 1422 Demosth.
1001 1343 1307 1422 Midian.
1351 1344 1527 1436 517,
1573 1343 1692 1420 10.

1757 1482 1909 1564 Ad
1962 1484 2179 1566 133.

787 1647 1054 1726 Aetate
1093 1651 1623 1727 Demosthenis
1663 1662 1738 1727 et
1775 1651 2184 1729 Aeschinis,
2260 1652 2462 1728 Dicit
2519 1654 2716 1727 enim
2754 1660 3011 1728 orator
3048 1648 3210 1723 loco
3256 1646 3357 1723 ci-

573 1784 769 1851 tato:
825 1764 1043 1870 ὖμεῖς
1083 1767 1150 1846 δ’
1191 1775 1300 1848 ἔτι
1339 1779 1813 1874 προσέθεσθε
1851 1771 2142 1850 καινὸν
2181 1772 2451 1873 νόμον.
2516 1776 2719 1871 (Vos
2758 1803 2937 1854 vero
2983 1773 3358 1875 adjecistis

573 1927 850 1977 novam
899 1900 1214 2000 legem.)
1343 1990 1352 1998 ἱ

1753 2005 1908 2088 Ad
1962 2008 2179 2091 134.

790 2167 1016 2269 Apud
1071 2169 1704 2247 Lacedaemonios
1763 2172 2137 2250 conducta
2188 2173 2269 2248 in
2325 2200 2553 2249 unum
2595 2171 2847 2250 locum
2884 2168 3361 2246 multitudine

577 2294 951 2370 referendi
989 2295 1342 2396 quapiam
1381 2295 1472 2372 de
1511 2323 1591 2372 re
1629 2295 1946 2374 facultas
1986 2299 2267 2375 nemini
2308 2299 2401 2375 de
2438 2300 2719 2400 populo
2758 2293 3361 2374 concedebatur:

577 2431 872 2496 tantum
909 2421 1070 2521 ejus
1109 2433 1270 2497 erat
1306 2447 1434 2518 ea,
1492 2448 1682 2522 quae
1740 2434 2124 2500 senatores
2180 2447 2548 2526 regesque
2587 2425 3187 2525 proposuissent,
3236 2420 3361 2520 ju·

578 2546 779 2622 bere.
864 2546 1414 2623 Posterioribus
1469 2558 1718 2624 autem
1775 2547 2233 2650 temporibus
2256 2605 2275 2642 ,
2332 2575 2503 2626 cum
2559 2548 2773 2650 plebs
2831 2545 3175 2625 addendo
3232 2544 3365 2621 de-

577 2670 1086 2772 trahendoque
1126 2673 1489 2774 suffragia
1525 2685 1991 2774 perverteret
2026 2685 2251 2775 atque
2294 2675 2440 2752 alio
2481 2674 2986 2775 detorqueret,
3035 2671 3362 2771 Polydo-

577 2825 704 2874 rus
745 2808 821 2874 et
857 2797 1394 2900 Theopompus
1433 2823 1648 2898 reges
1688 2798 1876 2875 haec
1914 2799 2064 2898 legi
2117 2799 2588 2902 adjecerunt:
2648 2799 2727 2876 Si
2766 2824 3079 2901 pravum
3118 2822 3363 2898 popu-

578 2922 693 2999 lus
731 2922 908 3023 quid
947 2924 1322 3020 statuerit,
1381 2936 1808 3001 senatorum
1865 2950 2277 3025 regumque
2317 2936 2476 3002 esto
2524 2925 3055 3002 discessionem
3090 2922 3365 3016 facere,

582 3050 724 3126 hoc
763 3059 915 3144 est,
973 3060 1058 3124 ut
1112 3075 1208 3126 ne
1264 3060 1509 3127 rat-um
1564 3050 1641 3126 id
1695 3051 2014 3148 faciant,
2078 3050 2210 3129 sed
2266 3052 2604 3150 protinus
2644 3051 3079 3127 concionem
3118 3048 3367 3126 dimit-

581 3185 787 3269 tant,
846 3174 1185 3250 nimirum
1225 3174 1511 3276 populo
1548 3178 2002 3252 sententiam
2042 3175 2501 3277 depravante
2526 3235 2543 3270 ,
2585 3186 2809 3277 atque
2846 3176 2964 3271 id,
3007 3173 3207 3276 quod
3248 3198 3365 3248 es-

583 3311 697 3376 set
732 3301 1128 3402 optimum,
1185 3302 1646 3378 immutante.
1707 3303 2097 3395 (Plutar
2119 3301 2251 3379 ch.
2292 3303 2355 3377 L
2380 3328 2561 3403 ycu
2583 3328 2620 3376 r
2640 3329 2710 3402 g.
2754 3302 2866 3395 6.)

800 3430 1045 3506 Etiam
1082 3430 1285 3530 apud
1324 3426 1722 3505 Cretenses
1781 3430 2165 3507 concionis
2224 3453 2483 3505 omnes
2540 3438 2755 3503 erant
2800 3426 3097 3528 quidem
3136 3424 3366 3527 parti-

587 3557 830 3655 cipes,
887 3553 1021 3630 sed
1061 3578 1292 3654 penes
1327 3553 1526 3629 illam
1564 3554 1839 3630 nullius
1898 3553 2006 3631 rei
2062 3553 2437 3652 gerendae
2494 3564 2825 3653 potestas
2882 3563 3084 3648 erat,
3144 3576 3365 3651 prae—

585 3692 927 3778 terquam
964 3704 1218 3755 earum
1261 3702 1548 3773 rerum,
1608 3705 1800 3780 quae
1839 3678 2333 3755 Senatoribus
2372 3690 2449 3753 et
2487 3676 2781 3755 Cosmis
2821 3678 3163 3754 decretae
3203 3676 3360 3751 fue-

587 3816 796 3902 rant,
852 3805 1210 3903 suffragio
1267 3804 2015 3906 comprobandarum.
2094 3802 2545 3897 (Aristot.
2604 3803 2893 3879 Polit.
2955 3803 3047 3894 II,
3114 3802 3187 3897 7,
3246 3802 3365 3891 4.)

1768 4012 1923 4097 Ad
1974 4015 2193 4098 135.

808 4164 1161 4241 Dinaroh.
1219 4164 1300 4238 in
1334 4160 1822 4261 Aristogiton.
1884 4157 1955 4263 ᾗ.
1998 4162 2136 4236 14:
2181 4152 2285 4235 ‘O
2329 4158 2568 4257 νόμος
2604 4154 3037 4257 εὐξάμενον
3071 4154 3371 4232 κελεύει

593 4283 736 4364 τὸν
788 4284 1094 4386 κήρυκα
1139 4292 1305 4384 μετ’
1363 4280 1740 4384 εὐφημίας
1797 4283 2123 4376 πολλῆς,
2186 4280 2433 4372 οὕτως
2489 4276 2681 4382 ὑμῖν
2716 4280 2807 4359 τὸ
2848 4280 3371 4384 βουλεύεσθαι

597 4418 761 4513 περὶ
798 4412 956 4489 τῶν
991 4407 1464 4516 πραγμάτιον
1501 4407 2031 4509 παραδιδόναι.
2095 4415 2298 4508 (Lex
2322 4414 2544 4515 jubet
2581 4440 3027 4517 praeconem
3068 4412 3373 4496 nonnisi

595 4556 768 4643 post
820 4568 1081 4645 preces
1139 4568 1426 4629 summa
1481 4568 1651 4619 cum
1705 4542 2192 4619 sanctimonia
2247 4544 2485 4619 factas
2524 4542 2739 4617 vobis
2780 4538 3236 4617 deliberandi
3274 4540 3369 4615 de

597 4669 820 4745 rebus
858 4671 1239 4769 negotium
1275 4667 1631 4760 tradere.)

812 4794 925 4871 Cf.
965 4794 1190 4871 schol.
1228 4794 1304 4869 in
1343 4793 1722 4870 Demosth.
1766 4794 2092 4895 Philipp.
2134 4793 2265 4871 IV.
2304 4793 2399 4869 ad
2438 4802 2982 4891 argumentum.

1771 4988 1923 5070 Ad
1977 4989 2193 5070 137.

810 5136 1290 5221 Demosthen.
1332 5135 1758 5221 Aristocrat.
1801 5138 1986 5213 653:
2025 5132 2450 5234 καταρᾶται
2494 5140 2686 5211 καθ’
2711 5130 3042 5223 ἑκάστην
3082 5136 3375 5225 ἐκκλη-
