3725 5850
725 401 883 478 224
1811 425 1937 476 ms
1976 423 2396 476 Punmcuu.

939 761 1032 836 Oi
1079 753 1638 858 Ἐλλιμενισταὶ
1679 751 2155 856 πράσσουσιν
2190 761 2276 831 ἐν
2314 764 2470 842 τοῖς
2504 759 2798 855 λιμέσιν
2834 751 3219 856 ἐνόρμιον.

2009 995 2163 1070 885
2302 885 2667 986 (Hesyoh.
2708 879 3275 986 ἄγκυρόβολα.)

930 1123 1336 1200 Portitores
1377 1122 1688 1222 exigunt
1724 1122 1801 1195 in
1840 1121 2179 1223 portibus
2218 1118 2629 1219 portorium
2668 1119 3136 1197 maritimum.

2016 1281 2193 1356 886.

936 1428 1027 1501 Οἱ
1073 1417 1637 1525 Ἐλλιμενισταί
1677 1421 1771 1500 τοὶ
1816 1423 1971 1498 τῶν
2009 1417 2427 1526 ἀγωγίμων
2482 1418 2809 1521 κιβώτια
2860 1417 3308 1518 ἀνοίξαντες
3348 1425 3502 1497 καὶ

720 1547 1011 1638 ἰδόντες
1048 1551 1516 1650 τιμήσονται.
2068 1550 2263 1646 (Jul.
2304 1551 2629 1630 African.
2670 1549 2901 1628 Cesti.
2932 1579 3009 1654 p.
3047 1552 3267 1646 304.)

2010 1711 2189 1788 886.

935 1839 1342 1916 Portitores
1397 1838 1674 1940 apertis
1730 1849 1806 1916 et
1857 1838 2215 1938 inspectis
2288 1839 2649 1916 mercium
2718 1839 2991 1916 arculis
3060 1863 3187 1914 eas
3258 1835 3501 1913 aesti-

717 1967 1053 2043 mabunt.

2008 2072 2187 2150 887.

911 2207 1292 2311 ’Ἑχουσιν
1329 2211 1680 2289 ἀτέλειαν
1717 2214 1789 2288 οἶ
1829 2211 2312 2316 σιτηγοῦντες
2356 2209 2769 2305 Ἀθήναζε.

1693 2338 1989 2436 (Schol.
2030 2343 2108 2417 in
2145 2343 2529 2418 Demosth.
2571 2341 2890 2417 Timoor.
2932 2338 3113 2434 743,
3153 2338 3268 2432 4.)

2016 2503 2197 2580 887.

929 2628 1073 2722 Qui
1114 2627 1444 2708 Athenas
1483 2627 2073 2726 frumentantur,
2127 2630 2497 2706 immunes
2532 2641 2707 2708 sunt
2747 2653 2793 2704 a
2828 2626 3351 2727 vectigalibus,

2012 2789 2189 2865 888.

916 2919 936 2948 ‘
961 2932 1146 3030 Υπὲρ
1183 2930 1493 3030 κριθῶν
1523 2926 1801 3039 ὀλίγον
1839 2933 2349 3031 εἰσπράττεται
2389 2937 2621 3019 τέλος.

2211 3042 2563 3138 (Zenobii
2603 3042 2961 3121 Centurio.
2996 3042 3055 3138 Ι,
3096 3040 3265 3134 74.)

2013 3170 2193 3245 888.

926 3291 1074 3367 Pro
1115 3290 1396 3371 hordeo
1434 3320 1751 3397 parvum
1789 3296 2110 3394 exigitur
2147 3294 2491 3393 vectigal.

2001 3454 2179 3531 889.

933 3591 1133 3679 Τούς
1172 3592 1499 3681 τελῶνας
1537 3590 1956 3695 ἀποφέρειν
1991 3590 2081 3671 τὸ
2123 3592 2621 3687 ἀτελῶνητον.

2221 3707 2569 3803 (Zenobii
2609 3708 2955 3809 proverb.
2996 3704 3056 3804 I,
3097 3704 3264 3799 74.)

2002 3832 2183 3909 889.

923 3954 1316 4035 Publicani
1355 3958 1766 4035 confiscent
1801 3957 1875 4033 id
1898 4015 1917 4053 ,
1957 3957 2050 4035 de
2092 3984 2239 4059 quo
2278 3957 2600 4061 vectigal
2637 3984 2787 4035 non
2826 3972 2940 4036 est
2974 3960 3315 4037 solutum.

2003 4118 2183 4195 890.

925 4238 1146 4315 Εἶναι
1188 4235 1536 4318 ἀτέλειαν
1573 4252 1732 4327 τοῖς
1768 4244 2108 4343 Λέσβιον
2158 4238 2381 4317 οἶνον
2417 4244 2837 4347 εἰσάγουσι.

2518 4372 2827 4465 (Athen.
2866 4374 2925 4470 Ι,
2967 4372 3091 4471 28,
3132 4372 3261 4470 Ε.)

2000 4479 2178 4556 890.

922 4604 1297 4680 Immunes
1337 4616 1556 4683 sunto
1597 4630 1642 4680 a
1679 4605 2197 4705 vectigalibuS,
2227 4606 2353 4706 qui
2376 4605 2729 4682 Lesbium
2750 4608 3009 4685 vinum
3044 4608 3511 4711 important.

2005 4769 2182 4845 891.

929 4910 1104 4993 Τοῖς
1139 4903 1236 4981 τοὶ
1273 4911 1440 4997 τέλη
1479 4902 1945 5008 ὠνουμένοις
1981 4904 2115 4995 τοὶς
2152 4912 2510 5007 τιμωρίας
2559 4907 2755 4986 εἶναι
2783 4968 2806 5001 ,
2864 4914 2939 4985 εἰ
2960 4908 3069 5010 μή
3112 4912 3505 5014 καταβά-

707 5036 919 5109 λοιεν
953 5028 1048 5108 τά
1075 5030 1476 5135 χρήματα,
1535 5028 1679 5109 τὸν
1717 5033 2003 5132 δεσμὸν
2036 5038 2175 5109 καὶ
2212 5030 2357 5125 τήν
2392 5032 2826 5113 διπλασίαν.

2111 5162 2535 5255 (Demosth.
2572 5192 2634 5243 ο.
2672 5164 2995 5245 Timocr.
3041 5164 3263 5259 738.)
