3725 5850
637 393 788 471 552
1447 408 2069 466 commanramus
2108 406 2214 455 An
2256 402 2415 459 1056.
2460 402 2615 458 105⁷.

852 610 1278 687 Secundum
1319 604 1657 683 Platonis
1704 604 1951 699 Leges
2009 594 2230 693 (¹762,
2270 596 2548 691 A—B)
2608 624 2959 696 agrorum
3018 602 3417 698 magistros

642 730 866 829 (τούς
906 728 1454 835 ἀγρονόμους),
1515 731 1576 807 si
1613 726 1794 829 quid
1833 724 2203 801 inouriose
2242 721 2527 799 faciunt
2562 724 2641 799 in
2680 748 2846 819 e08,
2905 752 3091 826 quos
3128 738 3416 819 curant,

640 864 762 940 vel
815 886 1124 937 munera
1177 854 1598 957 inaequalia
1651 853 2135 954 injungentes
2192 849 2315 925 vel
2370 875 2659 927 sumere
2698 850 2975 950 aliquid
3013 863 3091 926 et
3124 850 3419 928 auferre

641 988 737 1063 ab
773 985 863 1061 iis
885 1042 903 1079 ,
959 984 1084 1086 qui
1121 984 1199 1058 in
1237 982 1400 1080 agri
1437 981 1727 1057 cultura
1763 986 1977 1071 sunt,
2028 1000 2195 1051 oum
2232 1000 2387 1053 non
2424 975 2970 1077 persvaserint,
3031 987 3419 1071 conantes,

639 1113 817 1187 item
857 1111 917 1184 si
955 1108 1134 1210 quid
1173 1106 1552 1208 accipiunt
1608 1101 1963 1181 adulandi
2018 1126 2243 1178 eausa
2295 1100 2633 1177 oblatum
2686 1100 2810 1177 vel
2859 1101 3085 1179 etiam
3130 1101 3422 1202 judicia

642 1236 914 1334 injuste
984 1234 1460 1335 dispensant,
1535 1228 1911 1306 blanditiis
1971 1226 2360 1324 cedenteS,
2438 1227 2731 1328 probris
2788 1228 3064 1304 afficito
3113 1226 3419 1323 civitas3

641 1361 1090 1459 reliquarum
1126 1368 1376 1434 autem
1429 1353 1907 1454 injuriarum,
1967 1378 2149 1452 quas
2208 1353 2321 1427 sui
2376 1352 2523 1428 loci
2577 1353 2839 1429 incolis
2894 1351 3263 1444 inferunt,
3323 1353 3417 1429 ad

643 1485 916 1559 minam
976 1506 1208 1583 usque
1270 1478 1467 1581 apud
1524 1502 1865 1579 paganos
1924 1486 1997 1550 et
2056 1476 2343 1552 vicinos
2386 1476 2673 1577 judicia
2730 1502 2867 1552 sua
2922 1489 3186 1578 sponte
3244 1478 3415 1553 sub-

645 1622 872 1686 eunto
896 1665 914 1699 ‚
972 1609 1064 1685 de
1121 1606 1526 1708 majoribus
1566 1629 1741 1678 vero
1781 1602 2195 1704 quibusque
2233 1602 2523 1702 injuriis
2558 1602 2678 1676 vel
2717 1601 2936 1677 etiam
2980 1602 3071 1677 de
3112 1602 3415 1677 minori-

645 1737 827 1829 bus,
887 1736 948 1810 si
1005 1733 1274 1808 nolunt
1323 1729 1570 1805 subire
1611 1727 2071 1803 confidentes
2117 1727 2271 1801 fore
2311 1738 2395 1801 ut
2430 1740 2739 1827 propter
2774 1738 3229 1803 menstruam
3274 1728 3419 1803 looi

647 1862 1136 1936 mutationem
1190 1882 1513 1959 poenam
1567 1852 1919 1954 postulati
1978 1853 2378 1950 effugiant,
2436 1855 2511 1927 in
2548 1846 3085 1929 ‘communibus
3112 1852 3419 1954 judiciis

516 1996 518 1999 ’
644 1987 849 2061 litem
885 1984 1228 2060 intendat
1263 1982 1538 2084 injuria
1585 1981 1937 2073 affectus,
1996 1980 2121 2081 qui
2158 1978 2220 2052 si
2257 1979 2555 2073 vicerit,
2618 1980 2923 2081 duplum
2980 1980 3263 2077 exigito
3322 1982 3416 2055 ab

643 2138 771 2205 e0,
812 2110 937 2211 qui
976 2108 1434 2206 subterfugit
1471 2116 1546 2183 et
1581 2129 1717 2181 sua
1753 2114 2021 2206 sponte
2059 2104 2308 2178 subire
2344 2128 2669 2205 poenam
2706 2106 2964 2181 noluit.

862 2252 1081 2351 Apud
1119 2250 1496 2326 Romanos
1538 2275 1576 2324 e
1615 2248 1786 2347 lege
1826 2248 1997 2322 XII.
2038 2246 2463 2325 tabularum
2506 2246 2744 2347 judex
2784 2247 3211 2349 arbiterque
3243 2250 3412 2349 jure

647 2382 885 2471 datus,
926 2378 1051 2479 qui
1090 2377 1188 2453 ob
1230 2403 1388 2453 rem
1412 2374 1901 2476 judicandam
1940 2374 2334 2473 pecuniam
2373 2376 2747 2475 accepisse
2779 2376 3166 2451 convietus
3200 2387 3411 2469 esset,

646 2503 889 2606 capite
928 2501 1396 2601 puniebatur.
1455 2498 1895 2592 (Gellius
1936 2498 2130 2575 Noc
2156 2509 2203 2574 t.
2246 2496 2431 2573 Att.
2473 2500 2643 2595 XX,
2688 2501 2756 2595 1,
2799 2498 2913 2592 ¹7.)

861 2626 1468 2702 vetustissimum
1513 2624 1827 2726 judicis,
1887 2624 2012 2725 qui
2070 2624 2384 2725 pecunia
2420 2626 2796 2727 eorrumpi
2834 2653 2912 2702 se
2952 2654 3226 2729 passus
3269 2642 3415 2721 est,

649 2752 1113 2841 severissime
1148 2748 1388 2853 puniti
1429 2751 1895 2852 exemplum,
1954 2760 2161 2829 extat
2214 2750 2293 2827 in
2352 2751 2655 2827 historia
2708 2749 3107 2855 cambysis
3158 2754 3413 2829 Persa-

648 2876 1068 2986 rum-regis,
1108 2902 1332 2978 quam
1367 2889 1624 2954 narrat
1658 2874 2085 2954 Herodotus
2123 2870 2259 2971 (V,
2283 2876 2444 2968 25).
2484 2877 2623 2954 Ille
2662 2902 2935 2979 nempe
2976 2876 3411 2974 Sisamnem,

649 3031 880 3080 unum
921 3029 959 3078 e
986 3001 1367 3104 judicibus
1405 3003 1670 3101 regiis,
1721 3000 1921 3102 quod
1972 3013 2280 3102 accepta
2334 3003 2655 3102 pecunia
2692 3002 3045 3104 injustam
3083 3032 3409 3107 pronun-

652 3130 922 3206 ciasset
975 3128 1460 3218 sententiam,
1527 3127 2043 3220 interfecerat,
2118 3126 2654 3228 interfectoque
2712 3139 2945 3209 totam
3001 3131 3416 3208 detraxerat

653 3255 967 3356 pellem,
1027 3264 1102 3330 et
1157 3252 1406 3329 scissis
1442 3277 1482 3328 e
1522 3253 1859 3328 detracta
1895 3251 2091 3352 pelle
2132 3251 2309 3328 loris
2346 3253 2764 3331 intenderat
2800 3257 3058 3343 sellam
3086 3315 3103 3350 ,
3162 3257 3241 3331 in
3281 3284 3415 3358 qua

651 3378 776 3456 ille
815 3379 1082 3456 sedens
1104 3378 1236 3479 jus
1274 3376 1599 3454 dixerat:
1657 3402 1802 3478 quo
1858 3375 2056 3455 facto
2114 3403 2247 3452 rex
2304 3377 2535 3453 filium
2575 3379 2907 3478 ejusdem
2947 3379 3307 3458 Sisamnis
3343 3383 3411 3456 in

655 3505 888 3606 patris
926 3504 1170 3578 locum
1207 3501 1724 3580 nominaverat
1747 3501 2121 3602 judicem,
2172 3501 2531 3578 monitum
2574 3512 2658 3575 ut
2694 3503 3207 3586 recordaretur
3242 3526 3409 3611 qua—

660 3655 832 3704 nam
873 3629 950 3702 in
985 3627 1168 3704 sella
1192 3627 1320 3728 jus
1357 3625 1613 3702 dicens
1651 3625 1965 3702 sederet.

825 3783 834 3792 ·
870 3754 1181 3828 Factum
1235 3750 1312 3826 id
1368 3763 1480 3826 est
1528 3751 1828 3828 vivente
1870 3747 2109 3827 adhue
2148 3747 2459 3826 Athenis
2497 3749 2812 3849 Solone,
2872 3756 3152 3832 Romae
3192 3757 3409 3860 impe-

661 3888 876 3954 rante
915 3875 1321 3976 Tarquinio
1373 3873 1758 3976 Superbo,
1821 3875 1943 3952 vix
1998 3876 2381 3974 octoginta
2434 3877 2649 3952 annis
2707 3889 2889 3956 ante
2938 3881 3411 3960 decemviros

661 4004 844 4103 Ejus
894 4003 1142 4100 itaque
1201 4012 1276 4078 et
1329 4001 1406 4078 hi
1451 4001 1879 4078 meminisse
1918 4012 2308 4102 poterant,
2368 4003 2671 4103 ejusque
2712 4007 3056 4108 exemplo
3098 4031 3410 4083 eommo-

671 4128 850 4202 veri.
931 4123 1541 4219 (Balduinus
1595 4128 1693 4202 in
1748 4129 2023 4224 leges
2054 4122 2284 4206 ‘XIL
2342 4127 2906 4208 tabularum
2960 4155 3125 4234 cap.
3174 4133 3411 4226 VIII.)

1808 4335 1959 4419 Ad
1996 4338 2281 4421 1057.

881 4501 1186 4579 Suidas:
1227 4497 2001 4604 ψευδέγγραφος
2059 4499 2337 4593 δίκη·
2395 4500 2551 4578 τῶν
2590 4501 2913 4604 δημοσίᾳ
2953 4499 3416 4601 ὀφειλόντων

677 4621 766 4698 τοὶ
825 4619 1172 4721 ὀνόματα
1227 4621 1820 4728 ἀπογράφονται
1880 4629 1953 4701 οἱ.
2006 4631 2319 4726 ταμίαι,
2379 4633 2515 4703 καὶ
2555 4623 2699 4703 ὅσα
2738 4636 3055 4716 ἕκαστος
3095 4625 3412 4726 ὀφείλει·

673 4744 816 4824 ἐὰν
872 4741 1023 4823 οὖν
1069 4745 1174 4846 μὴ
1237 4743 1654 4845 ὀφείλοντα
1692 4749 2041 4854 ἐγγράψῃ
2078 4783 2231 4843 τις,
2299 4747 2349 4843 ἢ
2385 4748 2805 4850 ὀφείλοντα
2839 4757 2987 4852 μὲν
3026 4755 3413 4860 ἑγγράψῃ,

679 4878 906 4950 πλέον
961 4872 1036 4948 δὲ
1095 4874 1236 4951 τοῦ
1272 4870 1824 4978 ρφειλήματος,
1884 4867 2111 4965 οὗτος
2166 4875 2751 4984 ψευδεγγραφῆς
2798 4885 3166 4980 κρίνεται.
3244 4885 3411 4978 (Eo-

672 5028 836 5077 rum
871 5005 1174 5078 nomina
1209 5003 1334 5102 qui
1371 5004 1656 5080 aerario
1705 5005 1981 5105 aliquid
2036 5006 2349 5102 debent,
2408 5019 2837 5108 quaestores
2874 5010 2953 5085 in
2988 5009 3281 5086 tabulas
3316 5035 3411 5086 re-

673 5126 958 5222 ferunt,
1019 5137 1092 5203 et
1145 5139 1504 5230 quantum
1558 5131 1867 5232 quisque
1926 5131 2216 5210 debeat.
2302 5131 2383 5209 Si
2439 5133 2601 5233 quis
2654 5134 2879 5233 igitur
2928 5134 3407 5238 inscripserit,
