3725 5850
626 380 780 457 108
898 328 905 333 Ι
1708 400 1835 451 ms
1869 402 2298 456 Punmcuu.

1921 590 2096 667 441.

833 738 1215 815 Libertate
1253 736 1513 814 donati
1552 746 1627 813 et
1660 733 1784 812 alii
1822 735 2124 813 barbari
2171 761 2464 815 ramum
2496 736 2932 838 quercinum
2967 734 3216 813 ferant
3251 757 3406 835 per

605 868 863 944 ‘forum
900 867 1091 942 festo
1126 863 1679 941 Panathenaea

1907 987 2085 1065 442.

842 1128 1384 1231 Θαλλοφόρους
1438 1128 1529 1229 τῇ
1576 1125 1894 1228 Ἀθηνᾷ
1948 1126 2128 1216 τούς
2176 1125 2473 1217 καλούς
2510 1130 2871 1234 γέροντας
2909 1132 3394 1231 ἐκλέγεσθαι.

1905 1257 2396 1360 (Xenophon.
2437 1256 2785 1360 SympOS.
2825 1258 2960 1354 IV,
3003 1256 3170 1349 1⁷.)

1914 1418 2090 1494 442.

828 1564 921 1639 In
952 1561 1335 1641 Minervae
1374 1561 1918 1665 Thallophoros
1957 1559 2380 1661 deligantur
2417 1561 2720 1639 formosi
2759 1583 2997 1639 senes,

838 1866 1115 1950 Θυσίας
1162 1859 1617 1955 Ἀθηναίων
1672 1858 2132 1964 ἀναγόντων
2193 1866 2332 1937 καὶ
2389 1858 2858 1966 πανηγύριας
2913 1857 3047 1948 τὰς
3095 1866 3184 1937 ἐν
3217 1857 3390 1957 τῇσι

618 1992 1078 2087 πεντετηρίσι
1117 1994 1568 2093 γινομένας,
1625 1984 2080 2083 κατεύχεται
2121 1979 2164 2065 ὅ
2206 1986 2450 2087 κῆρυξ
2489 1980 2538 2065 ὁ
2581 1983 3008 2079 Ἀθηναῖος
3063 1978 3275 2089 »ἃμα
3308 2016 3390 2062 τε

609 2109 1103 2205 Ἀθηναίοισι
1146 2118 1503 2218 γίνεσθαι
1541 2110 1636 2188 τὰ
1677 2110 1949 2219 ἀγαθοὶ
2004 2116 2145 2189 καὶ
2185 2112 2737 2193 Πλαταιεῦσι.“
3237 2106 3247 2111 ’

1917 2350 2074 2424 443
2337 2241 2734 2336 (Herodot.
2773 2240 2907 2336 VI,
2952 2238 3170 2332 111.)

834 2489 1153 2583 Quando
1215 2491 1555 2569 solennia
1610 2514 1823 2567 sacra
1876 2502 2253 2593 peragunt
2289 2489 2786 2569 Athenienses
2815 2549 2833 2586 ‚
2892 2515 3083 2592 quae
3121 2491 3382 2593 quinto

618 2642 909 2718 quoque
966 2642 1163 2691 anno
1219 2616 1732 2712 celebrantur,
1802 2644 2074 2719 praeco
2148 2619 2396 2694 fausta
2449 2618 2702 2695 omnia
2753 2625 3102 2719 precatur
3155 2614 3383 2695 Athe-

496 2804 505 2817 .
618 2742 1001 2819 niensibus
1038 2742 1256 2819 simul
1296 2753 1372 2817 et
1407 2740 1997 2819 PlataeensibuS.

835 3050 1015 3134 Τοῖς
1073 3048 1671 3136 Παναθηναίοις
1723 3040 1929 3120 κατὰ
1987 3049 2204 3121 πέντε
2272 3047 2396 3137 ἔτη
2465 3047 2753 3137 ἔξεστιν
2809 3041 3183 3142 ἀφεῖσθαι
3239 3043 3384 3120 τοῦ

620 3165 903 3270 δεσμοῦ
942 3168 1125 3260 τούς
1164 3167 1545 3271 δεσμώτας
1584 3167 1712 3247 διὰ
1748 3167 1891 3263 τὴν
1925 3168 2374 3276 πανήγυριν.

1608 3299 1892 3393 (Schol.
1932 3301 2014 3376 in
2047 3301 2432 3378 Demosth.
2472 3300 2792 3376 Timocr.
2834 3299 3014 3392 740,
3056 3299 3168 3392 1.)

1913 3460 2090 3536 444.

833 3601 1109 3694 Quinto
1166 3626 1457 3702 quoque
1512 3627 1709 3678 anno
1774 3601 1966 3678 festo
2037 3600 2728 3679 Panathenaeorum
2787 3603 3010 3680 liceat
3064 3599 3380 3678 vinculis

620 3727 913 3804 solvere
950 3727 1289 3829 captivos
1320 3725 1623 3803 videndi
1662 3726 2067 3827 spectaculi
2103 3726 2365 3824 gratia.

1908 3886 2084 3964 445.

823 4027 1039 4107 Ἀλλ’
1078 4031 1151 4105 οἱ
1191 4027 1565 4127 δεσμῶται
1622 4033 2086 4128 παρέχουσιν
2137 4023 2506 4134 ἐγγυητὰς
2562 4025 2745 4130 πρὸς
2793 4025 2883 4105 vd
2912 4026 3033 4128 μη“
3075 4039 3380 4133 φυγεῖν.

623 4161 777 4232 Καὶ
808 4155 1002 4254 μετὰ
1044 4154 1175 4244 τὰς
1211 4147 1483 4257 ἡμέρας
1520 4155 1645 4246 τῆς
1686 4154 1944 4254 ἑορτῆς
1984 4150 2218 4232 πάλιν
2253 4154 2772 4254 ἐμβάλλονται
2809 4159 2916 4244 εἰς
2951 4152 3043 4231 τὸ
3087 4154 3378 4256 δεσμω-

620 4280 899 4381 τήριον.
1559 4283 1844 4379 (Schol.
1883 4285 1964 4361 in
1999 4285 2385 4363 Demosth.
2425 4282 2736 4363 Androt.
2778 4285 2955 4382 614,
2996 4285 3162 4378 23.)

1910 4446 2086 4521 445.

836 4590 1136 4692 Captivi
1173 4602 1422 4667 tamen
1460 4590 1930 4691 fidejussores
1969 4589 2190 4686 dant,
2246 4590 2444 4691 quod
2499 4615 2655 4668 non
2689 4590 2838 4668 sint
2871 4592 3056 4691 fuga
3087 4616 3168 4670 se
3203 4594 3376 4671 sub-

623 4717 970 4814 tracturi3
1026 4727 1101 4793 et
1138 4716 1411 4817 elapsis
1448 4717 1710 4795 diebus
1748 4717 1918 4794 festi
1952 4717 2223 4794 iterum
2255 4717 2832 4795 incarcerantur.

1916 4881 2090 4956 446.

846 5017 1002 5112 Τὴν
1040 5017 1355 5118 πομπήν
1390 5019 1547 5102 τῶν
1585 5023 2182 5112 Παναθηναίων
2225 5018 2664 5119 κοσμοῦσιν
2698 5023 2774 5095 οὶ
2811 5017 3210 5121 δήμαρχοι.

1859 5147 2144 5245 (Schol.
2180 5149 2260 5226 in
2296 5146 2717 5254 Aristopan.
2756 5151 2952 5228 Nub.
2992 5149 3158 5242 37.)
