3725 5850
1128 470 1741 521 comus-uramus
1790 468 1892 520 An
1931 466 2056 521 816.
2097 468 2222 521 8¹7.
2899 438 3045 515 521

1460 693 1611 776 Ad
1668 694 1880 777 sle.

493 860 761 937 Pollux
802 862 1011 953 VIII,
1052 864 1195 935 46:
1262 859 1665 955 Προβολαὶ
1707 917 1723 934 .
1770 917 1783 931 .
1827 916 1841 932 .
1883 860 2244 959 ἐγίνοντο
2291 860 2426 929 καὶ
2477 861 2640 953 περὶ
2683 856 2835 929 τῶν
2872 860 3046 944 ἐξυ-

274 978 715 1081 βρισάντων
751 976 797 1073 ἢ
834 978 1371 1073 ἀδικησάντων
1412 976 1459 1073 ἢ
1496 978 2038 1079 ἀσεβησάντων
2077 986 2244 1079 περὶ
2294 976 2428 1067 τὰς
2484 976 2786 1079 ἑορτάς,
2845 968 2946 1063 ὦς
3009 969 3048 1069 ἧ

275 1101 482 1179 κατὰ
524 1104 870 1182 Μειδίου
908 1104 1270 1207 προβολή.
1332 1107 1738 1203 (Querelae
1776 1108 2362 1186 intendebantur
2398 1110 2620 1185 etiam
2658 1107 3054 1208 injuriosis,

275 1233 873 1335 delinquentibus
911 1248 984 1313 et
1019 1235 1448 1337 irreligiosis
1487 1234 1686 1313 circa
1724 1234 1957 1330 festa,
2017 1235 2256 1337 qualis
2296 1247 2408 1311 est
2444 1244 2708 1310 contra
2744 1230 3052 1309 Midiam

277 1360 644 1461 querela.)

1452 1480 1603 1565 Ad
1671 1485 1884 1567 817.

491 1644 837 1727 Aeschin.
894 1647 989 1723 de
1040 1647 1235 1725 male
1268 1660 1483 1746 gesta
1518 1649 1741 1746 legat.
1802 1644 2114 1749 §.1452
2181 1644 2355 1722 Τῶν
2391 1640 2916 1737 συκοφαντῶν
2951 1632 3053 1725 ὥς

282 1766 756 1871 κακούργων
793 1766 1121 1869 δημοσίᾳ
1161 1766 1549 1868 προβολάς
1588 1764 2054 1867 ποιούμεθα.
2133 1775 2288 1867 (De
2345 1772 3010 1851 calumniatoribus
3034 1826 3054 1863 ,

275 1907 631 1997 tanquam
670 1896 1067 1992 maleficis,
1126 1898 1425 1999 publice
1463 1896 1805 1997 querelas
1842 1896 2366 1993 instituimus.)

492 2036 746 2116 Lexic.
784 2036 1097 2138 Seguer.
1135 2069 1209 2141 p.
1252 2040 1447 2117 268:
1512 2042 2457 2137 Καταχειροτονία.·
2495 2032 2586 2114 τὸ
2624 2032 2769 2112 τὸν
2806 2032 3055 2130 δῆμον

279 2160 672 2237 ἐπινεῦσαι
695 2187 712 2203 ·
770 2156 1115 2259 προβολὴ
1155 2156 1304 2265 γάρ
1340 2168 1427 2239 ἐν
1462 2161 1573 2262 τῷ
1612 2159 1827 2263 δήμῳ
1862 2168 2166 2267 ἐγένετο
2212 2159 2416 2239 κατὰ
2455 2162 2614 2237 τῶν
2649 2156 3056 2256 ἀρχόντων

280 2290 415 2359 καὶ
474 2284 912 2389 στρατηγῶν
970 2292 1109 2361 καὶ
1173 2284 1703 2381 συκοφαντῶν
1756 2294 1898 2362 καὶ
1955 2286 2110 2364 τῶν
2166 2293 2332 2385 περὶ
2371 2283 2465 2362 τὰ
2497 2284 2876 2384 μυστήρια
2913 2286 3054 2357 καὶ

280 2408 654 2487 Διονύσια
692 2407 1225 2489 ἀδικούντων·
1284 2416 1421 2488 καὶ
1478 2414 1555 2487 εἰ
1596 2414 1747 2509 μὲν
1792 2400 2552 2511 καταχειροτονὴσειέ
2581 2440 2788 2497 τινος
2827 2400 2870 2488 ὃ
2913 2406 3055 2499 δῆ-

272 2564 419 2631 μος
443 2592 465 2625 ,
506 2524 737 2625 οὗτος
776 2536 1264 2641 εἰσήγετοιείς
1302 2534 1391 2614 τὸ
1433 2536 1972 2638 δικαστήριον·
2029 2542 2103 2613 εἰ
2135 2536 2216 2615 δὲ
2245 2534 2354 2635 μή
2396 2531 3055 2638 καταχειροτονή-

280 2688 477 2737 σειεν
501 2718 521 2749 ,
560 2658 718 2737 οὐκ
756 2661 1123 2767 εἰσήγετο.
1200 2668 1910 2763 (Καταχειροτονία
1948 2680 2102 2762 est,
2143 2694 2374 2767 quum
2412 2667 2738 2770 populus
2775 2663 3070 2741 annuit.-

278 2791 607 2885 Querela
658 2792 857 2869 enim
912 2818 1161 2871 coram
1218 2795 1501 2894 populo
1556 2792 2082 2870 instituebatur
2139 2804 2398 2869 contra
2453 2792 2932 2891 magistratus
2979 2799 3058 2865 et

274 2914 453 2992 belli
493 2916 717 2994 duces
754 2927 831 2996 et
864 2917 1368 3021 sycophantas
1406 2929 1483 2996 et
1519 2929 1783 2996 contra
1834 2917 2004 2994 illos
2042 2911 2190 3017 [qui
2229 2917 2308 2994 in
2347 2918 2720 3018 mysteriis
2759 2927 2834 2994 et
2867 2916 3054 2992 Bae-

275 3039 713 3120 chanalibus
750 3043 1241 3144 deliquerunt.
1296 3043 1395 3120 Et
1430 3043 1489 3119 si
1531 3041 1851 3144 populus
1889 3069 2238 3120 assensus
2279 3055 2478 3120 esset
2511 3043 2856 3143 querelae
2877 3099 2896 3134 ‚
2935 3065 3068 3118 ac-·

276 3181 577 3244 cusatus
600 3168 889 3269 Judieio
927 3168 1367 3265 sistebatur,
1413 3215 1499 3226 -
1550 3167 1764 3244 aliter
1804 3193 1981 3244 vero
2019 3172 2246 3264 non.)

497 3310 691 3388 Male
736 3312 965 3411 igitur
1002 3313 1274 3389 Pollux
1330 3312 1587 3405 (VIII,
1640 3312 1823 3405 46):
1882 3305 2226 3407 προβολὴ
2273 3300 2309 3399 ἦ
2351 3307 2619 3398 κλῆσις
2658 3309 2764 3392 εἰς
2803 3303 3054 3394 δίκην.

276 3437 517 3531 Nam,
577 3436 702 3535 qui
742 3431 1140 3532 προβολήν
1176 3438 1535 3529 instituit,
1595 3463 1749 3512 non
1804 3437 1880 3512 id
1919 3435 2243 3536 quaerit,
2299 3449 2380 3512 ut
2424 3436 2766 3537 judicum
2803 3443 3056 3534 partes

276 3561 601 3662 populus
634 3561 795 3660 ipse
834 3561 1229 3664 suscipiat,
1284 3561 1413 3638 sed
1470 3562 1615 3638 hoc
1672 3573 2003 3652 tantum,
2063 3573 2146 3636 ut
2200 3562 2459 3662 populi
2519 3559 3058 3662 praejudicium

275 3687 371 3761 de
410 3711 537 3760 reo
578 3687 744 3779 fiat,
788 3711 933 3786 quo
972 3686 1431 3787 praejudicio
1472 3687 1682 3786 quasi
1724 3688 2049 3762 munitus
2088 3687 2295 3788 ipsae
2335 3712 2604 3763 causae
2645 3712 2824 3765 suae
2861 3683 3062 3787 apud

274 3821 789 3912 competentes
837 3809 1133 3910 judices
1191 3813 1527 3910 agendae
1588 3811 1942 3916 majorem
1983 3823 2058 3887 et
2094 3811 2471 3914 publicam
2511 3809 3060 3909 quodammodo

278 3935 800 4013 auctoritatem
840 3937 1203 4013 conciliet.

498 4061 613 4137 Cf.
652 4060 1250 4138 Scliomann:
1303 4064 1437 4138 De
1478 4066 1922 4139 comitiis
1960 4062 2731 4141 Atheniensium
2769 4089 2840 4162 p.
2880 4059 3060 4136 227.

492 4201 611 4282 Ad
666 4204 1203 4280 instituendam
1260 4205 1484 4304 igitur
1544 4200 1942 4302 προβολήν
2001 4207 2292 4305 legibus
2349 4232 2571 4283 nemo
2627 4205 3059 4293 tenebatur3

274 4329 407 4404 sed
449 4328 761 4427 quilibet
800 4329 1067 4404 civium
1107 4341 1404 4431 poterat
1461 4343 1719 4406 contra
1775 4359 1976 4407 reum
2029 4331 2281 4408 statim
2317 4331 2689 4406 ordinario
2727 4330 2830 4405 uti
2875 4331 3060 4404 foro.

274 4459 442 4533 Hoc
500 4456 952 4533 lucidissime
1014 4467 1221 4556 patet
1258 4481 1349 4532 ex
1387 4457 1735 4532 Isocratis
1793 4457 2042 4533 verbis
2105 4456 2258 4551 (de
2315 4483 2490 4558 per
2508 4483 2578 4531 m
2607 4455 3059 4532 utatione
3115 4469 3120 4478 ’

276 4577 343 4681 ξ.
386 4580 624 4673 314J:
682 4573 889 4652 κατά
926 4576 1087 4653 τῶν
1124 4579 1650 4673 συκοφαντῶν
1686 4576 1986 4682 γραφάς
2029 4581 2122 4675 μὲ
2137 4607 2182 4654 ν
2219 4575 2406 4677 πρὸς
2441 4575 2624 4665 τούς
2671 4580 3062 4673 θεσμοθέ-

274 4731 455 4792 τας,
510 4707 995 4807 εἰσαγγελίας
1054 4703 1125 4778 δ’
1183 4708 1289 4791 εἰς
1345 4701 1486 4795 τήν
1538 4702 1882 4803 βουλὴν,
1943 4702 2330 4803 προβολάς
2388 4701 2457 4777 δ’
2515 4711 2601 4779 ἐν
2654 4701 2764 4803 τῷ
2823 4699 3059 4799 δήμῳ.

275 4831 424 4924 Qui
466 4857 652 4930 ergo
692 4843 979 4908 certum
1039 4833 1345 4908 tenebat
1403 4859 1483 4908 se
1533 4833 1608 4906 in
1657 4830 1943 4932 judicio
1983 4834 2444 4933 superiorem
2483 4834 2682 4924 fore,
2739 4831 3058 4906 thesmo-

276 4956 503 5032 thetis
542 4956 845 5032 tradidit
879 4954 1226 5060 {libellum
1284 4958 1821 5034 accusatorium
1844 5012 1868 5054 ,
1925 4958 2000 5033 id
2041 4970 2153 5034 est
2189 4958 2641 5033 ordinariam
2679 4957 2829 5032 litis
2867 4957 3061 5029 viam

278 5082 511 5180 elegit
550 5092 813 5158 contra
849 5083 1371 5184 sycophantas.
1449 5084 1525 5158 Si
1585 5097 1831 5160 autem
1895 5082 1986 5160 de
2035 5082 2527 5185 sycophantia
2564 5084 2636 5156 in
2679 5079 3060 5182 peculiari-

282 5206 426 5284 bus
464 5233 715 5284 rerum
753 5208 1126 5312 adjunctis
1166 5211 1562 5290 commissa
1600 5209 2010 5314 agebat-ur,
2069 5220 2274 5289 actor
2319 5205 2877 5312 compendiaria
2913 5207 3062 5285 litis
