3725 5850
852 490 1474 545 commnwrmms
1517 490 1615 541 An
1657 485 1780 545 5¹9.
1823 488 1946 547 521.
1989 488 2112 548 523.
2156 490 2277 548 525.
2320 490 2443 547 533.
2882 468 3035 548 483

1441 698 1593 782 Aa
1651 699 1866 783 519.

472 864 826 941 Photius:
893 856 1420 959 Ᾱάλλυντὴρ.·α
1459 866 1597 935 καὶ
1645 858 2089 963 Πλυντήρια
2136 866 2387 961 ἑορταὶ
2427 866 2781 967 γίνονται
2833 868 3035 962 Θαρ-

259 986 626 1095 γηλιῶνος
668 982 956 1086 μηνὸς,
1033 984 1261 1083 ἐνάτῃ
1308 988 1459 1085 μὲν
1513 993 1636 1063 ἐπὶ
1698 984 1884 1063 δέκα
1943 986 2517 1088 Καλλυντήρια,
2586 986 2895 1091 δευτέρᾳ
2956 986 3033 1067 δὲ

258 1119 694 1210 φθίνοντος
731 1108 826 1187 τὰ
876 1108 1338 1211 Πλυντήρια.
1423 1109 1534 1185 To}
1581 1116 1733 1211 μὲν
1779 1110 2270 1213 Πλυντήρια,
2331 1110 2455 1189 διὰ
2498 1110 2640 1191 τὸν
2682 1110 3037 1192 θάνατον

258 1238 380 1331 τῆς
438 1234 884 1343 Ἀγραύλου
941 1233 1156 1325 ἐντὸς
1230 1236 1593 1313 ἐνιαυτοῦ
1644 1235 1753 1337 μὴ
1817 1238 2264 1329 πλυνθῆναι
2338 1240 2704 1331 ἐσθῆτας·
2782 1237 2877 1315 τὰ
2955 1237 3033 1315 δὲ

263 1360 834 1461 Καλλυντῆρια,
894 1356 1008 1437 ὅτι
1052 1358 1301 1460 πρώτη
1343 1354 1382 1454 ἦ
1427 1354 1868 1465 ”Αγραυλος
1901 1368 2269 1469 γενομένη
2308 1366 2532 1465 ἱέρεια
2573 1362 2753 1454 τούς
2798 1362 3035 1453 &eos-‘g

256 1488 647 1588 ἐκόσμησε.
709 1490 1209 1591 (Callynteria
1247 1502 1320 1567 et
1356 1490 1746 1591 Plynteria
1780 1492 1972 1569 festa
2010 1492 2474 1570 celebrantur
2509 1520 2765 1573 mense
2802 1494 3035 1569 Thar-

255 1620 599 1719 gelione,
660 1630 733 1692 et
789 1617 1089 1718 quidem
1151 1616 1612 1721 Callynteria
1670 1618 2198 1714 decim0n0n0‚
2258 1620 2648 1720 Plynteria
2702 1646 2879 1697 vero
2918 1645 3030 1695 se-

256 1745 505 1821 cundo
545 1742 948 1819 desinentis
989 1742 1264 1819 mensis
1304 1741 1443 1818 die.
1522 1743 1909 1843 Plynteria
1948 1745 2453 1834 celebrantur,
2513 1748 2687 1848 quia
2724 1756 3035 1848 propter

253 1882 572 1945 mortem
615 1866 664 1943 Α
677 1869 922 1967 grauli
976 1895 1127 1943 uno
1187 1893 1382 1943 anno
1438 1894 1591 1943 non
1629 1869 2084 1947 lavabantur
2124 1871 2570 1947 vestimenta.
2606 1872 2985 1948 Minervae
3011 1930 3029 1967 ,

255 1994 710 2095 Callynteria
747 2005 1038 2089 autem,
1099 1994 1275 2093 quia
1311 1992 1632 2093 primum
1680 1992 2085 2092 AgrauluS,
2143 1995 2337 2071 facta
2372 1996 2759 2091 sacerdos,
2816 2020 3029 2072 orna-

256 2122 361 2196 vit
398 2119 706 2195 deorum
746 2119 1206 2209 simulacra.)

1436 2235 1588 2321 Ad
1646 2240 1857 2321 521.

473 2406 740 2485 Suidas
797 2432 850 2481 s.
893 2432 960 2481 v,
1017 2403 1360 2499 Σκίρος.·
1417 2403 1629 2481 Scira
1678 2405 1757 2479 in
1813 2404 2177 2481 honorem
2234 2404 2613 2483 Minervae
2672 2405 3031 2484 celebrari

251 2534 632 2626 solebant,
709 2557 854 2635 quo
911 2544 1248 2633 tempore
1304 2557 1441 2633 per
1497 2556 1867 2607 summum
1926 2542 2213 2605 aestum
2272 2530 2605 2609 homines
2662 2533 3027 2613 umbellas

253 2650 684 2755 (σκιάδεια)
725 2655 1200 2755 quaerebant.
1262 2656 1524 2750 Σκίρα
1565 2657 1762 2731 enim
1800 2655 2146 2731 dicuntur
2184 2656 2577 2732 umbellae.
2658 2657 2805 2733 Alii
2846 2683 3027 2735 vero

249 2812 406 2862 non
455 2784 650 2861 hanc
705 2807 866 2859 esse
920 2806 1214 2858 causam
1273 2780 1577 2856 tradunt
1631 2781 1758 2856 sed
1798 2806 1844 2857 a
1882 2779 2221 2855 Minerva
2278 2790 2665 2879 repetunt,
2725 2805 2949 2879 quam
2986 2808 3027 2857 e

250 2926 450 2988 terra
487 2908 664 2986 alba
699 2906 1040 2984 Theseus
1097 2906 1398 3003 fecerit,
1455 2933 1619 2983 cum
1675 2906 1919 2982 occiso
1958 2906 2383 2984 Minotauro
2434 2904 2731 2982 domum
2772 2904 3026 2982 rediis-

248 3048 384 3117 set.
465 3034 724 3131 Σκίρα
765 3034 963 3110 enim
1001 3044 1197 3109 terra
1234 3031 1405 3108 alba
1443 3044 1591 3120 est,
1646 3042 1727 3109 ut
1763 3057 2070 3134 gypsus.
2135 3030 2275 3110 Alii
2315 3041 2563 3106 tamen
2602 3055 3027 3130 cognomen

247 3163 390 3240 hoc
431 3189 476 3237 a
515 3160 726 3238 Sciro
767 3159 1148 3236 Eleusinio
1207 3169 1373 3236 vate
1433 3167 1818 3262 repetunt3
1876 3158 2001 3234 alii
2042 3183 2084 3232 a
2124 3155 2376 3251 Scire,
2436 3157 2558 3258 qui
2598 3158 2673 3234 in
2716 3158 3025 3238 Salami-

249 3315 424 3365 nem
466 3289 774 3364 colonos
815 3284 1226 3364 deduxerit.

1426 3403 1577 3490 Ad
1620 3405 1854 3492 ⁵2³.

469 3573 732 3652 Suidas
771 3601 828 3652 s.
871 3599 936 3651 v,
983 3564 1462 3671 Ἀρρηφορία
1487 3599 1511 3644 .·
1567 3571 1740 3649 inde
1783 3572 2089 3667 dicitur,
2146 3572 2348 3673 quod
2388 3573 2715 3672 virgines
2756 3598 3029 3651 arcana

243 3727 461 3779 sacra
517 3700 702 3776 deae
759 3700 836 3774 in
889 3699 1092 3775 cistis
1130 3697 1510 3793 ferebant3
1565 3696 1696 3775 sed
1741 3686 2253 3795 Ἓρσεφορία,
2314 3697 2585 3775 dictum
2624 3698 2720 3778 ab
2762 3701 3023 3798 Herse,

92 3903 106 3914 ,
246 3827 608 3928 Cecropis
647 3825 838 3925 filia,
897 3825 1013 3901 cui
1052 3849 1401 3927 pompam
1442 3822 1836 3901 ducebant.

1422 4052 1575 4137 Ad
1616 4051 1848 4136 ⁵2⁵.

465 4221 846 4298 Potiorem
902 4219 1131 4298 fuisse
1187 4246 1403 4297 usum
1473 4217 1682 4295 verbi
1759 4221 2210 4315 ἕρρηφορεῑν
2264 4243 2487 4316 quam
2560 4209 3025 4318 ἄρρηφοριῖν

246 4345 588 4425 ostendit
625 4372 716 4424 ex
763 4346 1372 4449 inscriptionibus
1429 4345 1505 4421 K
1529 4345 1699 4421 eil:
1739 4341 2079 4420 Attische
2122 4343 2353 4420 Kulte
2392 4367 2525 4418 aus
2548 4341 3022 4433 Insohriftc-n,

245 4475 386 4569 (In
426 4473 821 4573 Philologo
859 4471 1360 4571 Gottingensi.
1399 4471 1614 4547 Tom.
1654 4469 1941 4548 XXIII.
1988 4468 2257 4562 1865.)

464 4599 578 4678 Cf.
623 4599 849 4676 etiam
891 4597 1449 4676 Mommsen:
1509 4595 2012 4697 Heortologie.
2072 4593 2389 4695 Leipzig
2430 4593 2657 4672 1864.

1418 4824 1570 4909 Aa
1616 4825 1850 4909 ⁵³³.

467 4977 734 5056 Suidas
791 5001 844 5052 s.
883 5002 952 5052 v,
1011 4974 1388 5072 Στρατεία
1429 4978 1515 5048 ἐν
1550 4981 1710 5059 τοῖς
1758 4967 2207 5070 ἐπωνύμοις.
2288 4969 2517 5067 Sunt,
2575 4972 2817 5073 inquit
2854 4967 3019 5046 Ari-

247 5103 551 5184 stoteles
588 5104 666 5179 in
710 5099 1272 5179 Atheniensium
1309 5101 1765 5204 Republica,
1827 5099 2203 5203 Eponymi
2260 5097 2518 5175 decem
2556 5097 2856 5200 quidem
2892 5097 3018 5174 tri-

249 5231 523 5324 buum,
581 5229 726 5307 duo
785 5253 962 5306 vero
1020 5238 1096 5305 et
1151 5227 1644 5331 quadraginta
1699 5237 2050 5305 aetatum.
2146 5222 2679 5302 Adolescentes
2734 5233 3017 5320 autem,

2462 5343 2595 5412 31⁴*
