3725 5850
626 408 811 490 508
1220 451 1228 458 ·
1358 435 1978 494 consummamus
2013 431 2120 482 aa)
2163 431 2324 486 1256.
2369 431 2529 486 1259.
2573 425 2734 482 1268.

652 626 803 701 lam
858 627 963 702 rei
1021 625 1360 701 militaris
1416 625 1761 726 peritiam
1818 624 2206 702 haberent.
2284 625 2544 724 Itaque
2601 621 3238 732 consentientibus
3274 621 3428 698 fere

656 749 969 825 Graecis
1030 750 1374 826 omnibus
1431 750 1600 827 illos
1656 751 1837 827 Jovi
1891 748 2541 828 consecraverunt.
2613 746 2917 847 Neque,
2975 773 3204 848 quum
3239 748 3428 823 Xer-

651 901 783 952 xes
822 877 893 950 in
939 873 1335 952 Graeciam
1388 878 1814 976 irrupisset,
1875 877 2146 954 milites
2205 876 2542 952 conferre
2593 883 2768 950 sunt
2806 871 3082 965 coacti,
3141 870 3274 946 sed
3313 881 3426 946 ut-

651 1008 829 1100 pote
890 1000 1106 1077 Jovis
1162 1001 1583 1078 sacerdotes
1640 1001 2136 1100 ludorumque
2191 1010 2610 1093 curatores,
2681 1000 3048 1075 immunes
3102 997 3426 1074 fuerunt.

654 1124 817 1202 Nec
854 1151 1065 1200 secus
1103 1126 1178 1201 in
1226 1126 1569 1204 civilibus
1610 1125 2073 1204 Graecorum
2111 1127 2368 1222 bellis,
2427 1126 2622 1226 ullus
2680 1125 2788 1200 eis
2835 1148 3160 1224 unquam
3199 1122 3428 1197 mole-

651 1249 871 1326 stiam
909 1250 1275 1328 facessere
1316 1254 1700 1348 sustinuit,
1766 1281 1996 1354 quum
2053 1254 2378 1329 universi
2435 1251 2730 1328 illorum
2776 1248 3166 1350 regionem
3203 1272 3292 1323 ac
3331 1247 3428 1336 ci-

650 1374 958 1452 vitatem
1015 1389 1568 1454 sacrosanctam
1608 1392 1681 1455 et
1716 1377 2228 1457 inviolabilem
2291 1376 2665 1456 custodire
2705 1374 3110 1474 studerent.
3169 1374 3279 1468 (D
3309 1372 3432 1448 io·

656 1499 844 1576 dor.
903 1499 1196 1578 Sicul.
1260 1502 1471 1598 VIII,
1517 1502 1627 1596 1.)

1809 1694 1965 1778 Ad
2000 1697 2289 1780 1250.

868 1859 1185 1937 Pausan.
1242 1861 1336 1953 V,
1377 1861 1447 1954 9,
1489 1863 1559 1952 2,
1619 1862 1723 1937 ita
1780 1861 2134 1938 describit
2190 1859 2495 1962 calpen:
2555 1859 2984 1936 Utebantur
3039 1858 3116 1932 in
3177 1856 3434 1956 calpes

654 1985 1052 2061 certamine
1093 1989 1463 2086 equabus,
1524 2014 1563 2063 e
1623 1988 1890 2086 quibus
1945 1987 2083 2064 sub
2141 1999 2550 2064 extremam
2612 2011 2871 2061 cursus
2907 1979 3202 2085 fmetam
3237 1980 3434 2057 desi·

648 2110 915 2185 lientes
952 2137 1318 2204 sessores,
1378 2112 1749 2214 prehenso
1806 2139 1982 2188 suae
2039 2110 2356 2214 quilibet
2408 2134 2643 2210 equae
2684 2109 2935 2202 freno,
2996 2135 3166 2184 cum
3203 2132 3433 2206 equa-

652 2231 793 2309 bus
835 2232 1331 2312 decurrebant
1338 2294 1585 2314 .....
1628 2238 1890 2340 Apene
1948 2249 2198 2314 autem
2255 2235 2492 2313 mulos
2542 2262 2680 2338 pro
2720 2236 2930 2335 equis
2969 2233 3314 2332 bigarum
3356 2232 3438 2308 in

654 2384 937 2435 morem
977 2359 1325 2436 habebat.

1806 2462 1959 2547 Ad
2006 2465 2293 2546 1250.

870 2627 1095 2702 Teste
1138 2628 1513 2704 Pausania
1549 2629 1688 2724 (V,
1730 2631 1801 2723 9,
1844 2631 2097 2722 4—6)
2150 2629 2765 2730 quinquagesima
2801 2627 3254 2731 Olympiade
3295 2627 3432 2704 du·

656 2752 960 2827 umviris
1002 2777 1093 2829 ex
1131 2753 1297 2852 ipsa
1334 2753 1679 2830 Eleorum
1728 2754 2025 2830 civitate
2084 2765 2352 2830 sorte
2409 2753 2650 2831 ductis
2689 2755 3214 2855 Olympiorum
3253 2777 3436 2828 cura

652 2875 1006 2953 mandata
1063 2890 1195 2954 est.
1275 2876 1527 2955 Serius
1584 2903 1857 2955 novem
1915 2877 2449 2957 Hellanodicae
2505 2879 2819 2957 instituti
2877 2891 3073 2956 sunt.
3151 2879 3434 2956 Eorum

656 3013 805 3079 tres
863 3002 953 3078 de
1013 3030 1367 3106 equorum
1426 3031 1687 3109 cursu,
1745 3004 2057 3081 totidem
2083 3094 2090 3103 ¹
2115 3006 2236 3083 alii
2295 3003 2388 3083 de
2448 3006 2980 3108 quinquertiO,
3017 3002 3282 3105 reliqui
3341 3001 3434 3078 de

654 3130 920 3205 ceteris
957 3128 1481 3208 certaminibus
1520 3131 2098 3229 cognoscebant.
2157 3133 2432 3209 Postea
2467 3130 2766 3209 additus
2804 3143 2915 3209 est
2953 3130 3280 3207 decimus
3319 3128 3428 3205 lu-

657 3253 920 3330 dorum
958 3255 1395 3355 praefectus.
1472 3255 1732 3335 Tertia
1784 3284 2016 3360 supra
2069 3256 2550 3334 centesimam
2607 3256 2687 3332 in
2741 3256 2979 3334 tribus
3035 3255 3428 3332 duodecim

658 3378 819 3455 Elei
858 3381 1211 3481 descripti
1242 3392 1438 3477 sunt,
1479 3408 1791 3482 quarum
1830 3384 2166 3481 singulae
2205 3406 2420 3459 suum
2458 3382 2825 3459 dederunt
2845 3380 3428 3459 Hellanodicam.

658 3505 870 3581 Bello
927 3502 1297 3581 Arcadum
1352 3506 1613 3585 afflicti
1668 3519 1938 3610 quarta
1991 3518 2067 3583 et
2121 3508 2528 3585 centesima
2563 3506 3014 3611 Olympiade
3074 3508 3148 3582 in
3187 3504 3424 3583 tribus

660 3639 829 3706 octo
868 3632 1231 3707 contracti
1278 3642 1493 3726 sunt,
1552 3633 2010 3733 totidemque
2064 3630 2512 3729 legebantur
2567 3630 3118 3711 Hellanodicae.
3198 3631 3428 3707 ios-a

659 3754 1104 3859 Olympiade
1143 3757 1498 3857 pristinus
1539 3768 1650 3835 est
1686 3758 2017 3835 virorum
2054 3759 2310 3836 decem
2347 3782 2696 3836 numerus
2734 3760 3148 3852 restitutus,
3201 3757 3426 3835 idem-

660 3909 801 3981 que
839 3882 935 3959 ad
975 3882 1388 3960 Pausaniae
1425 3910 1657 3985 usque
1696 3892 2022 3963 aetatem
2055 3885 2484 3986 permansit.
2868 3964 2890 4001 ⁹

1811 4112 1964 4196 Ad
1998 4114 2284 4198 1208.

876 4278 1193 4357 Pausan.
1250 4279 1343 4371 V,
1396 4280 1471 4374 6,
1532 4278 1785 4354 7--82
1842 4280 2018 4359 Non
2081 4290 2329 4357 tamen
2384 4278 2930 4382 deprehensam
2985 4300 3147 4355 esse
3204 4274 3430 4353 ullam

660 4403 1057 4506 perhibent
1113 4416 1409 4506 praeter
1463 4430 1688 4483 unam
1726 4403 2280 4508 Gallipatiram,
2341 4432 2566 4508 quam
2603 4404 2728 4485 alii
2769 4402 3256 4483 Pherenicem
3295 4428 3426 4481 no-

660 4532 969 4607 minant.
1046 4530 1255 4608 Haec
1311 4529 1469 4608 viro
1526 4530 1758 4633 ipsius
1812 4541 2143 4625 mortuo,
2207 4556 2377 4609 cum
2434 4530 2626 4608 virili
2663 4540 2928 4608 ornatu
2965 4528 3428 4607 exercitatio·

664 4682 839 4733 num
876 4682 957 4733 se
994 4656 1429 4757 magistrum
1466 4656 1823 4733 simulans
1842 4712 1860 4749 ,
1920 4656 2426 4735 Pisirrhodum
2483 4656 2718 4735 filium
2769 4658 2848 4733 in
2885 4666 3266 4735 certamen
3305 4654 3429 4733 de-

660 4781 869 4861 duxit
906 4780 1380 4883 Olympiam3
1424 4784 1733 4883 jamque
1772 4806 1863 4859 eo
1903 4783 2250 4861 vincente
2299 4783 2797 4884 sepimentum
2835 4781 2911 4859 id
2935 4840 2954 4879 ,
3009 4806 3160 4883 quo
3195 4781 3428 4881 magi-

662 4920 855 4989 stros
890 4906 1221 4985 seclusos
1264 4908 1565 5003 habent,
1600 4906 2037 5009 Callipatira
2073 4908 2498 4986 transiliens
2535 4905 2818 4987 nudata
2851 4918 2988 4985 est.
3043 4906 3428 4985 Feminam

660 5048 911 5113 tamen
948 5034 1281 5132 agnitam
1316 5036 1517 5111 omni
1550 5035 1855 5113 crimine
1895 5033 2343 5129 liberarunt,
2403 5032 2602 5134 quod
2653 5032 2912 5111 datum
2959 5045 3076 5111 est
3111 5059 3206 5111 ex
3233 5034 3429 5135 judi-

662 5185 831 5237 cum
869 5161 1243 5271 aequitate
1295 5158 1526 5262 patris
1548 5216 1566 5253 ,
1624 5160 1940 5237 fratrum
1995 5172 2071 5237 et
2128 5159 2254 5236 filii
2313 5158 2816 5257 reverentiae,
2873 5159 3000 5260 qui
3037 5182 3297 5237 omnes
3333 5184 3424 5237 ex
