3725 5850
622 433 782 512 nio
1331 465 1361 506 .·
1713 455 1836 505 ms
1876 451 2293 507 eumaeum.

1918 645 2097 720 834.

829 794 977 888 Qui
1019 803 1170 870 tres
1207 790 1436 868 vades
1475 790 1951 893 praestiterit,
1988 789 2370 865 custodiae
2412 815 2507 865 ne
2550 790 2963 868 mandetur.
3022 791 3175 894 Ipsi
3217 819 3399 893 quo-

607 943 756 1020 que
795 920 1312 998 maleficorum
1369 917 1836 1018 inspectores
1876 915 2019 990 hoc
2058 941 2265 992 more
2305 924 2630 993 utantur.

1918 1077 2099 1153 835.

807 1213 1176 1298 ”Λπαντα
1216 1217 1310 1295 τά
1353 1213 1803 1317 δικαστήρια
1843 1223 1930 1296 ἐν
1986 1208 2361 1318 ὑπαίθρῳ
2420 1213 2719 1310 δικάζει
2774 1213 2908 1304 τὰς
2966 1215 3192 1304 δίκας
3254 1215 3395 1292 τοῦ

611 1344 917 1447 φόνου,
974 1351 1109 1423 ἰ’να
1170 1345 1405 1422 τοῦτο
1453 1347 1646 1446 μὲν,
1707 1345 1782 1418 οἱ
1842 1340 2205 1417 δικασταὶ
2250 1339 2360 1441 μὴ
2424 1342 2642 1419 ἴωσιν
2698 1347 2805 1432 εἰς
2860 1338 2949 1418 τό
3000 1338 3199 1418 αὐτὸ
3240 1352 3396 1428 τοῖς

603 1467 713 1571 μὴ
752 1478 1142 1573 καθαροῖς
1179 1469 1312 1559 τὰς
1343 1482 1652 1570 χεῖρας,
1711 1466 1949 1546 τοῦτο
1990 1467 2065 1544 δὲ
2092 1526 2112 1558 ,
2176 1459 2219 1544 ὃ
2274 1466 2580 1546 διώκων
2614 1465 2755 1562 τὴν
2798 1467 3029 1562 δίκην
3063 1465 3203 1545 τοῦ
3242 1463 3394 1564 φό-

614 1629 801 1688 νου,
860 1602 992 1674 ἵνα
1025 1595 1132 1697 μὴ
1175 1590 1610 1697 ὁμωρόφιος
1648 1599 1951 1699 γίνηται
1999 1591 2115 1693 τῷ
2152 1589 2517 1691 αὐθέντῃ.

1649 1720 2083 1823 (Antiphon
2123 1721 2215 1796 de
2255 1722 2483 1798 caede
2523 1722 2867 1801 Herodis.
2909 1720 2975 1826 ξ.
3023 1722 3181 1814 11.)

1921 1885 2099 1960 835.

824 2031 1100 2108 Omnia
1151 2029 1396 2106 caedis
1443 2028 1726 2132 judicia
1781 2027 2162 2104 habentur
2216 2026 2358 2102 sub
2418 2026 2541 2101 dio
2576 2085 2593 2120 ,
2673 2038 2755 2103 ut
2809 2052 3050 2128 neque
3097 2025 3389 2127 judices

615 2156 878 2233 eodem
917 2157 1080 2232 loco
1120 2182 1292 2231 cum
1329 2156 1420 2230 iis
1456 2154 1954 2248 conveniant,
2012 2154 2282 2252 quibus
2342 2152 2671 2252 pollutae
2722 2153 2873 2228 sint
2908 2177 3213 2246 manus,
3272 2177 3389 2226 ne-

615 2309 756 2384 que
797 2290 1182 2358 accusator
1219 2305 1384 2355 cum
1425 2277 1802 2356 homicida
1843 2273 2111 2353 eodem
2150 2289 2348 2354 teoto
2388 2277 2878 2354 contineatur.

835 2584 928 2658 Oi
973 2577 1520 2686 Ἀρεοπαγῖται
1560 2586 1646 2656 ἐν
1687 2585 1919 2656 νυκτὶ
1960 2585 2097 2654 καὶ
2139 2576 2398 2678 σκότῳ
2438 2575 2935 2670 δικάζουσιν,
2998 2571 3097 2665 ὦς
3137 2575 3247 2675 μή
3288 2583 3387 2664 εἰς

613 2707 795 2793 τούς
833 2713 1238 2814 λέγοντας,
1299 2703 1468 2783 ἀλλ’
1509 2711 1614 2794 εἰς
1654 2704 1746 2780 τὰ
1786 2705 2172 2810 λεγόμενα
2213 2702 2743 2805 ἀποβλέποιεν.

2057 2833 2405 2930 (Lucian.
2446 2833 2971 2909 Hermotimus.
3014 2834 3181 2925 64.)

1916 2999 2095 3075 836.

831 3120 1338 3226 Areopagitae
1377 3132 1600 3199 noctu
1641 3134 1715 3197 et
1753 3124 1831 3197 in
1869 3120 2203 3197 tenebris
2228 3120 2613 3221 judicant,
2674 3148 2767 3197 ne
2817 3122 2909 3197 ad
2952 3122 3086 3198 hos
3125 3124 3253 3222 qui
3293 3123 3395 3199 di-

617 3261 834 3345 cunt,
875 3248 1005 3325 sed
1042 3249 1138 3326 ad
1177 3276 1267 3325 ea
1305 3274 1492 3348 quae
1533 3249 1885 3324 dicuntur
1923 3249 2346 3349 respiciant.

1920 3408 2098 3483 837.

825 3544 967 3623 Ἐν
995 3544 1276 3649 Ἀρείῳ
1317 3546 1572 3653 πάγῳ,
1614 3538 1710 3623 οὗ
1753 3540 2148 3625 δίδωσινς
2108 3580 2151 3623 ο
2196 3545 2429 3646 νόμος
2464 3554 2603 3627 καὶ
2640 3546 2939 3625 κελεύει
2974 3546 3236 3643 φόνου
3274 3548 3399 3625 δι-

620 3672 1041 3767 κάζεσθαι,
1103 3703 1406 3773 πρωτον
1450 3677 1601 3772 μὲν
1647 3672 2024 3773 διομεῖται
2063 3681 2237 3749 κατ’
2276 3677 2625 3765 ἐξωλείας
2662 3666 2915 3750 αὖτου
2950 3680 3089 3748 καὶ
3127 3680 3397 3778 γένους

623 3806 758 3875 καὶ
799 3804 1054 3887 οἰκίας
1093 3794 1140 3874 ὅ
1175 3827 1350 3872 τινα
1389 3796 1836 3899 αιτιώμενος
1873 3798 2282 3903 ειργάσθαι
2320 3832 2391 3874 τι
2430 3800 2829 3877 τοιοῦτον·
2883 3796 3016 3875 εἶτ’
3038 3793 3219 3876 οὐδὲ
3256 3797 3399 3875 τόν

620 3923 959 4033 τυχόντα
1014 3932 1158 4001 τιν’
1198 3918 1444 4025 ὅρκον
1499 3924 1735 3999 τοῦτο
1795 3922 2124 4019 ποιήσει,
2182 3920 2410 4000 ἀλλ”
2388 3954 2485 4003 ον
2522 3920 2775 4015 οὗδεις
2833 3917 3165 4027 ὅμνυσιν
3204 3918 3392 4024 υπὲρ

625 4047 947 4142 οὐδενός
986 4046 1272 4143 αλλου,
1334 4078 1513 4141 στας
1552 4058 1672 4128 ἐπὶ
1709 4052 1870 4129 τῶν
1905 4056 2201 4152 τομίων
2234 4050 2545 4155 κάπρου
2580 4058 2719 4129 καὶ
2736 4050 2991 4209 κριοῦ
3029 4058 3167 4128 καὶ
3204 4048 3395 4127 ταύ-

625 4207 765 4278 ρου
802 4182 940 4252 καὶ
977 4174 1276 4254 τούτων
1313 4182 1816 4281 ἐσφαγμένων
1853 4169 2000 4272 υφ’
2040 4206 2150 4252 ων
2205 4176 2323 4253 δεῖ
2375 4181 2515 4253 καὶ
2552 4186 2639 4255 εν
2675 4174 2794 4266 αις
2831 4168 3099 4281 ἡμέρας
3136 4176 3397 4270 καθή-

626 4334 786 4393 κει,
843 4298 1034 4378 ω’στε
1069 4308 1209 4378 καὶ
1246 4310 1338 4378 ἐκ
1373 4302 1517 4379 τοῦ
1547 4301 1854 4403 χρόνου
1894 4306 2106 4378 καὶ
2069 4335 2163 4379 εκ
2197 4302 2355 4380 τῶν
2388 4310 3123 4406 μεταχειριζομένων
3159 4302 3394 4398 ἅπαν,

626 4424 816 4505 ὅσον
863 4430 1034 4503 ἔσθ’
1089 4420 1351 4517 ὅσιον,
1409 4428 1899 4527 πεπρᾶχθαι·
1958 4432 2099 4503 και
2165 4426 2361 4528 μετὰ
2418 4428 2667 4505 ταῦτα
2729 4424 2772 4506 o‘
2832 4428 2976 4506 τὸν
3029 4432 3398 4508 τοιοῦτον

627 4550 958 4654 ὅρκον’
917 4582 1346 4654 ομωμοκως
1385 4581 1604 4628 ουπω
1643 4556 2155 4645 πεπίστευται,
2196 4551 2425 4631 ἀλλ’
2389 4584 2531 4631 εαν
2565 4556 2985 4662 ἐξελεγχθῇ
3010 4554 3120 4658 μὴ
3158 4564 3401 4663 λέγων

627 4678 922 4778 ἀληθῆ,
980 4676 1124 4771 τὴν
1169 4684 1577 4780 ἐπιορκίαν
1612 4676 2236 4785 ἀπενεγκάμενος
2284 4690 2443 4768 τοῖς
2500 4683 2779 4759 ἑαυτοῦ
2840 4690 3054 4759 παισὶ
3109 4690 3249 4760 καὶ
3288 4682 3403 4783 τῷ

625 4813 825 4912 γένει
863 4810 1094 4881 πλέον
1131 4801 1306 4881 οὐδ’
1345 4798 1624 4883 ὁτιοῦν
1658 4814 1800 4899 ἕξει
1824 4832 1841 4851 ·
1898 4806 2040 4883 ἐὰν
2076 4805 2153 4883 δὲ
2196 4804 2379 4905 δόξῃ
2415 4806 2510 4881 τά
2553 4805 2821 4884 δίκαια
2860 4816 3223 4914 ἐγκαλεῖν
3259 4814 3396 4885 καὶ

627 4938 758 5029 ἕλῃ
795 4929 934 5009 τὸν
981 4928 1412 5029 δεδρακότα
1465 4930 1608 5008 τοῦ
1668 4932 1971 5029 φόνου,
2030 4931 2205 5009 οὐδ’
2262 4928 2469 5009 οὕτω
2526 4931 2801 5035 κύριος
2850 4939 3199 5040 γίγνεται
3254 4936 3399 5012 τοῦ

624 5050 984 5148 ἑλόντος,
1040 5054 1209 5133 ἀλλ’
1248 5061 1559 5133 ἐκείνου
1587 5062 1737 5158 μὲν
1773 5062 1850 5135 οἱ
1886 5058 2115 5160 νόμοι
2152 5058 2415 5161 κύριοι
2452 5058 2787 5139 κολάσαι
2822 5069 2960 5139 καὶ
3002 5056 3119 5149 οἷς
3156 5084 3393 5161 προσ-

629 5187 1024 5276 τέτακται,
1083 5180 1194 5287 τῷ
1231 5180 1308 5258 δὲ
1349 5180 1638 5263 ἐπιδεῖν
1685 5182 2001 5263 διδόντα
2056 5184 2289 5276 δίκην
2344 5187 2674 5278 ἔξεστιν,
2736 5178 2832 5279 ἣν
2870 5188 3132 5279 ἔταξεν
3168 5178 3393 5267 ‹ivd-
