3725 5850
634 415 806 489 392*
1714 439 1840 490 ms
1884 438 2319 490 van‘rtm.

1741 755 1746 764 '
1817 731 2230 832 Ίμῆμα-ε’.

1445 881 1741 976 Περὶ
1842 874 2602 975 μισθώσεως.

1828 1121 2211 1225 Βοοιίο5.
2361 1257 2367 1267 ¹

1204 1294 1335 1372 De
1390 1294 1923 1396 locatione⁸
1971 1304 2066 1372 et
2130 1261 2833 1374 conductione.

1913 1492 2141 1568 1527.

860 1633 953 1706 Οἱ
981 1628 1511 1729 μισθούμενοι
1549 1626 1736 1718 τούς
1761 1611 1935 1708 ’τῶν
1971 1626 2343 1732 ὀρφανῶν
2381 1631 2654 1722 οἴκους
2690 1629 2893 1732 παρὰ
2931 1631 3075 1708 τοῦ
3114 1625 3423 1731 ἄρχον·

637 1787 765 1845 τος
805 1762 1128 1856 ἐνέχυρα
1164 1755 1294 1848 τῆς
1322 1753 1772 1854 μισθώσεως
1813 1762 2280 1856 παρέχονται
2304 1788 2320 1802 ·
2381 1756 2500 1834 δεῖ
2531 1756 2609 1836 δὲ
2651 1754 2797 1834 τὸν
2832 1749 3183 1855 ἄρχοντα
3240 1763 3420 1834 ἐπι-

635 1889 957 1982 πέμπειν
992 1879 1206 1969 τινοὶς
1243 1887 1787 1981 τιμησομένους
1826 1879 1917 1956 τοὶ
1977 1889 2322 1984 ἐνέχυρα.
2390 1880 2503 1959 To}
2553 1887 2705 1983 μὲν
2764 1875 2914 1960 οὖν
2949 1887 3275 1981 ἐνέχυρα
3316 1879 3421 1957 τὰ

635 2005 1181 2111 ἆποτιμῶμενα
1240 2013 1591 2113 λέγονται
1647 2002 1696 2082 ἆ
1726 2039 1779 2082 π
1803 2038 1846 2084 ο
1867 2041 1908 2082 τ
1930 2039 1955 2082 ι
1969 2042 2032 2107 μ
2061 2008 2099 2100 ή
2114 2042 2179 2109 μ
2204 2040 2252 2084 α
2272 2041 2316 2085 τ
2338 2040 2387 2087 α
2408 2069 2430 2102 ,
2490 2013 2564 2087 οἱ
2621 2008 2699 2087 δὲ
2758 2006 3229 2109 πεμπόμενοι
3286 2013 3422 2084 ἐπὶ

635 2136 744 2240 τῷ
784 2131 1410 2238 ἀποτιμήσασθαι
1449 2129 1914 2234 ἀποτιμηταί
1936 2191 1960 2226 ,
2016 2131 2107 2210 τὸ
2148 2133 2225 2210 δὲ
2268 2136 2581 2241 πρᾶγμα
2619 2130 3031 2235 ἀποτιμᾷν.

2045 2265 2627 2368 (Harpocratiot
2670 2257 3194 2359 ἆποτιμηταί.)

1919 2445 2148 2520 1527.

851 2590 998 2684 Qui
1036 2588 1301 2666 domus
1339 2587 1787 2691 pupillorum
1827 2587 1923 2663 ab
1965 2588 2321 2665 archonte
2359 2586 2822 2685 conducunt,
2876 2569 3195 2691 pignora
3231 2616 3419 2666 con-

639 2717 1005 2796 ductionis
1062 2715 1266 2792 dant.
1344 2715 1666 2816 Oportet
1721 2727 1973 2792 autem
2031 2716 2466 2792 archontem
2523 2715 2815 2792 mittere
2890 2715 3018 2817 qui
3092 2716 3424 2818 pignora

637 2845 1054 2926 aestiment.
1150 2842 1248 2918 Et
1303 2843 1626 2943 pignora
1681 2842 1982 2941 quidem
2040 2865 2130 2935 ea
2182 2843 2351 2941 lege
2410 2853 2711 2941 accepta
2774 2851 3139 2919 vocantur
3210 2840 3423 2917 bona

637 2970 1026 3047 aestimata
1046 3025 1064 3061 ‚
1119 2968 1324 3044 missi
1375 2978 1629 3045 autem
1666 2966 1762 3045 ad
1801 2968 2191 3046 aestimata
2246 2968 2798 3072 accipiendum,
2856 2968 3419 3063 aestimatorem

637 3120 754 3171 res
793 3093 1113 3194 denique
1151 3094 1356 3194 ipsa,
1415 3094 1826 3170 aestimare.

861 3374 1063 3463 TmJg
1092 3373 1442 3476 μισθούς
1479 3382 1617 3453 καὶ
1652 3375 1748 3453 τά
1789 3381 2099 3455 ἐνοίκια
2136 3375 2341 3453 κατὰ
2382 3374 2513 3465 τὰς
2554 3383 3031 3479 πρυτανείας,
3060 3376 3170 3479 μή
3206 3377 3421 3455 κατὰ

631 3504 846 3604 μῆνα
883 3508 1146 3582 τελεῖν.
2116 3508 2489 3602 (Thomas
2530 3508 2824 3607 Magist.
2864 3539 2936 3610 p.
2979 3510 3199 3603 762.)

1911 3671 2139 3745 1528.

856 3812 1242 3889 Mercedes
1300 3814 1685 3891 locationis
1745 3826 1819 3890 et
1870 3796 2352 3891 habitationis
2408 3813 2720 3915 sing-ulis
2778 3798 3180 3917 prytaniiS,
3262 3843 3423 3892 non

644 3949 892 4015 autem
932 3937 1224 4041 singulo
1261 3966 1559 4036 mense,
1615 3942 2025 4018 solvantur.

1907 4099 2134 4175 1529.

865 4245 935 4317 Τ
931 4236 974 4315 ὁ
1023 4243 1374 4337 ἐνοίκιον
1431 4232 1476 4316 ὁ
1527 4236 1927 4337 μισθώσας
1987 4234 2082 4313 οὐ
2142 4237 2656 4338 κομιζόμενος
2708 4239 2855 4333 τήν
2919 4242 3219 4342 θύραν,
3280 4242 3447 4346 vote.

645 4371 987 4465 κέραμον
1026 4361 1344 4467 ἀφαιρεῖ
1361 4423 1382 4455 ,
1441 4361 1530 4442 τὸ
1569 4370 1807 4465 φρέαρ
1845 4366 2195 4469 ἐγκλείει.
2526 4368 2529 4373 ’

1916 4604 2118 4681 1529
2202 4494 2611 4589 (Stobaeus
2648 4523 2866 4576 serm.
2908 4498 2999 4593 V,
3040 4500 3202 4593 67.)

859 4746 938 4823 Si
976 4748 1100 4850 qui
1136 4749 1412 4825 locavit
1445 4774 1598 4826 non
1635 4751 2017 4852 acceperit
2049 4750 2531 4831 habitationis
2570 4750 2991 4829 mercedem
3013 4810 3031 4847 ,
3089 4762 3423 4855 portam,

644 4884 924 4952 tectum
959 4876 1292 4971 auferat,
1351 4885 1663 4977 puteum
1700 4876 2154 4977 praecludat.

1925 5040 2152 5118 1530.

848 5173 1046 5257 Ἐάν
1082 5178 1156 5255 οἱ
1184 5176 1772 5280 μισθωσάμενοι
1801 5176 1910 5281 μὴ
1953 5178 2371 5259 ἀποδιδῶσι
2408 5178 2549 5274 τὴν
2594 5186 2991 5282 μίσθωσιν
3047 5186 3194 5262 τοῦ
3239 5214 3419 5282 χω-
