3725 5850
710 430 867 509 400
1374 530 1377 535 ¹
1782 457 1908 509 ms
1943 454 2383 507 PluvA'ruu.

1634 748 2283 902 Κεφάλαιον
2338 744 2570 861 ΙΓ’.

1138 946 1701 1095 Νόμοι
1832 954 3051 1101 τιμωρητικοί.

1771 1273 2092 1419 Caput
2141 1274 2405 1392 ΧΙΠ.

1558 1470 1853 1589 Jus
1983 1508 2620 1618 poenae

1991 1682 2200 1697 Ἥ

1885 1832 2316 1935 Τμῆμαα’.

1502 1982 1800 2075 Περὶ
1893 1982 2711 2084 κακηγορίας.

1914 2252 2162 2330 Sentio
2224 2254 2289 2329 1.

1737 2397 1872 2473 De
1949 2395 2464 2472 conviciis.

1993 2591 2222 2667 1560.

912 2723 1017 2808 ‘O
1066 2730 1193 2824 τῆς
1248 2736 1729 2838 κακηγορίας
1786 2729 2026 2831 νόμος
2079 2728 2420 2821 κελεύει,
2486 2728 2671 2819 τούς
2743 2727 3106 2836 λέγοντάς
3175 2761 3246 2807 τι
3315 2755 3447 2803 των

712 2852 1159 2958 ἀπορρήτων
1196 2862 1707 2946 πεντακοσίας
1745 2854 2090 2958 δραχμὰς
2131 2854 2500 2954 ὀφείλειν.

2227 2988 2572 3083 (Isocrat.
2613 3011 2674 3064 e.
2716 2987 3002 3064 Loehit.
3041 2982 3110 3088 ξ.
3154 2986 3262 3078 3.)
3385 2931 3394 2940 .

1989 3148 2025 3222 1
2043 3149 2218 3225 560.

926 3291 1085 3370 Lex
1124 3293 1216 3369 de
1254 3293 1652 3372 maledieto
1680 3293 1904 3396 jubet
1942 3319 2110 3389 eOS,
2171 3293 2297 3395 qui
2354 3291 2632 3394 aliquid
2677 3237 3158 3372 interdictum
3193 3291 3452 3391 legibus

710 3419 1138 3521 proferunt,
1196 3420 1623 3520 quingentis
1662 3419 2030 3497 drachmis
2068 3420 2431 3496 mulctari.
3253 3427 3258 3430 ’

1989 3587 2218 3663 1561.

932 3724 1109 3801 Τῶν
1146 3721 1598 3826 ἀπορρήτων
1636 3732 1865 3816 ἐστιν,
1908 3725 2044 3803 ἐάν
2081 3757 2192 3813 τις
2230 3725 2407 3824 εἴπῃ
2447 3723 2587 3803 τὸν
2628 3731 2906 3827 πατέρα
2945 3721 3450 3808 ἀπεκτονέναι,

712 3855 850 3925 καί
902 3848 1036 3926 ἐάν
1092 3882 1201 3939 τις
1259 3851 1432 3950 εἴπῃ
1483 3847 2102 3953 ἀποβεβληκέναι
2159 3849 2302 3943 τήν
2356 3847 2686 3943 ἀσπίδα,
2748 3855 3256 3938 πεντακοσίας
3293 3846 3451 3946 δρα-

701 3972 915 4073 ‘Tude
953 3972 1315 4072 ὀφείλειν.
1709 3981 2014 4082 (Lysias
2052 4004 2112 4056 c.
2154 3980 2627 4058 Theomnest.
2670 3983 2726 4058 I.
2767 3978 2836 4084 ξ.
2879 3983 2948 4058 6.
2989 3991 3064 4058 et
3107 3979 3266 4074 12.)

1991 4141 2220 4218 1561.

928 4265 1207 4343 Eorum
1249 4278 1399 4364 est,
1457 4293 1647 4370 quae
1686 4267 1852 4366 lege
1902 4269 2492 4366 interdicuntur,
2551 4271 2613 4346 si
2652 4271 2817 4371 quis
2855 4271 3177 4371 aliquem
3217 4266 3452 4346 dixerit

714 4401 1001 4493 patrem
1057 4393 1457 4488 occidisse3
1522 4404 1597 4469 et
1652 4393 1712 4470 si
1769 4393 1932 4494 quis
1990 4393 2260 4471 dixerit
2316 4394 2636 4494 aliquem
2709 4396 3072 4496 abjecisse
3149 4408 3446 4484 scutum,

717 4519 1165 4618 quingentas
1202 4517 1593 4594 drachmas
1630 4517 1892 4594 solvat.

1991 4645 2219 4722 1562.

909 4759 1071 4840 ''Av
1110 4763 1195 4842 δέ
1223 4797 1335 4853 τις
1371 4747 1637 4855 κακῶς
1676 4764 2007 4874 ἀγορεύῃ
2046 4765 2347 4861 τάληθῆ
2366 4825 2388 4859 ,
2447 4766 2858 4869 προσῆκον.

1908 4895 2432 4991 (Demosthen.
2473 4923 2533 4973 e.
2576 4897 3004 4975 Aristocrat.
3049 4898 3267 4989 635.)

1978 5059 2206 5138 1562.

927 5183 1007 5263 Si
1046 5185 1208 5285 quis
1244 5195 1495 5262 tamen
1536 5188 1870 5263 convicia
1907 5211 2084 5264 vere
2125 5186 2430 5284 dixerit,
2489 5185 2631 5264 hoe
2669 5186 2949 5264 licitum
2986 5197 3167 5262 esto,
