3725 5850
1072 448 1683 497 commenmnms
1730 446 1829 495 An
1873 445 1994 498 793.
2039 446 2162 497 794.
2203 446 2330 499 802.
2934 426 3088 501 519

306 656 443 732 per
478 635 1042 733 magistratum,
1082 638 1177 714 ad
1218 662 1444 736 quem
1480 638 1833 713 indicatio
1875 636 2240 732 defertur,
2293 641 2374 715 in
2413 640 2634 715 tertia
2672 650 2918 715 autem
2959 664 3096 742 per

304 757 551 858 ipsum
588 772 939 838 actorem.
1017 763 1217 840 Hinc
1274 774 1483 864 patet
1538 766 1613 839 in
1668 762 1779 840 his
1840 760 2083 840 causis
2132 790 2281 839 non
2321 765 2547 841 fuisse
2587 767 3088 841 necessariam

304 883 757 960 citationem.
834 888 1189 965 Probatio
1244 898 1534 981 autem,
1599 916 1806 965 reum
1861 916 2124 965 revera
2180 888 2530 965 delictum
2591 891 3087 987 commisisse,

304 1010 601 1086 nonnisi
640 1022 813 1112 post
852 1012 1011 1112 ejus
1050 1012 1832 1113 comprehensionem,
1893 1014 2351 1113 exigebatur.

1484 1242 1636 1325 Ad
1677 1245 1908 1327 ⁷0³.

520 1404 641 1482 Of.
682 1406 959 1483 Lexica
999 1406 1305 1506 Seguer.
1347 1435 1417 1507 p.
1462 1407 1640 1482 254.

1485 1635 1635 1720 Ad
1676 1637 1906 1719 ⁷04.

518 1798 784 1875 Pollux
826 1799 1035 1895 VIII,
1081 1801 1220 1875 51:
1262 1794 1565 1873 ἀδικῶν
1600 1829 1711 1885 τις
1751 1790 2149 1875 ἁλίσκεται
2195 1796 2240 1892 ἢ
2279 1794 2546 1899 ἅρχων
2588 1794 2632 1891 ἢ
2670 1794 2909 1901 ῥήτωρ
2939 1818 2957 1877 ’.
3002 1861 3017 1877 .
3063 1858 3075 1874 .

302 1914 405 1994 ἂν
431 1920 586 2019 μὲν
613 1928 882 2019 μέτρια
921 1918 1227 1999 ἀδικεῖν
1283 1922 1525 2021 δοκῇ,
1593 1914 1630 2016 ἦ
1673 1920 1918 2022 βουλὴ
1979 1934 2301 2000 ποιεῖται
2365 1928 2629 2025 ζημίας
2685 1921 3077 2024 ἐπιβολήν,

301 2040 406 2121 «ἲν
445 2044 523 2121 δὲ
555 2048 794 2144 μείζω
822 2106 838 2135 ,
882 2046 1347 2147 παραδίδωσι
1390 2044 1879 2149 δικαστηρίῳ.
1943 2052 2065 2147 (Si
2103 2054 2510 2154 iniquitatis
2550 2064 2910 2153 arguatur
2946 2063 3075 2129 aut

300 2176 582 2253 archon
639 2184 765 2251 aut
822 2176 1073 2253 rhetor
1119 2176 1525 2279 quispiam,
1585 2179 1645 2254 si
1715 2180 2181 2255 mediocriter
2239 2180 2634 2280 deliquisse
2693 2176 3075 2272 videatur,

296 2310 597 2379 senatus
654 2302 973 2379 mulctae
1031 2302 1563 2404 irrogationem
1617 2305 2044 2398 constituit,
2104 2307 2162 2380 si
2220 2332 2401 2382 vero
2448 2306 2798 2405 gravius,
2856 2303 3082 2381 tradit

296 2427 719 2522 tribunali.)

1470 2532 1627 2617 ,Ad
1667 2536 1898 2616 802.

510 2696 825 2773 Suidas:
886 2698 1349 2797 Εἰσαγγελία
1390 2709 1463 2773 et
1501 2692 1754 2799 γραφή
1799 2700 2172 2777 differunt.
2233 2694 2423 2777 Nam
2481 2699 2613 2774 illa
2652 2697 2954 2799 quidem
2991 2698 3070 2774 in

292 2808 587 2924 magnis
628 2834 701 2898 et
739 2824 1057 2926 publicis
1096 2824 1379 2900 delictis
1432 2828 1551 2920 fit,
1612 2820 1863 2928 γραφή
1924 2852 2098 2902 vero
2157 2806 2378 2901 etiam
2417 2825 2492 2899 in
2531 2824 2783 2928 parvis
2823 2824 3076 2901 locum

290 2949 541 3025 habet.
619 2949 925 3052 Proprie
981 2961 1227 3027 tamen
1284 2945 1539 3052 γραφὴ
1601 2964 1914 3030 vocatur
1969 2951 2346 3030 accusatio
2409 2977 2704 3043 eorum,
2768 2949 2894 3053 qui
2946 2948 3069 3025 de-

290 3083 499 3150 creta
535 3074 829 3174 legibus
870 3077 1757 3184 contraria-scripserunt.

504 3216 806 3294 Idem:
867 3219 1329 3322 Εἰσαγγελία
1370 3232 1483 3298 est
1518 3223 1817 3324 proprie
1844 3220 2248 3322 judicium,
2307 3219 2504 3320 quod
2567 3217 2657 3294 de
2697 3217 3073 3292 inusitatis

291 3353 365 3416 et
400 3341 723 3444 publicis
780 3342 1066 3421 delictis
1105 3371 1150 3420 a
1186 3345 1632 3448 prytanibus
1688 3341 2137 3440 instituitur,
2203 3345 2293 3420 dc
2335 3344 2600 3446 quibus
2641 3342 2847 3440 leges
2886 3342 3074 3418 nihil

290 3467 563 3543 diserte
618 3470 1154 3568 pronunciant,
1210 3471 1497 3573 judicia
1553 3484 1803 3550 tamen
1865 3472 2024 3548 fieri
2085 3471 2546 3572 permittunt.
2625 3465 3071 3570 Hujusmodi

289 3606 401 3668 est
458 3595 791 3694 quaestio
851 3573 942 3670 de
1000 3595 1285 3673 delictis
1344 3624 1497 3672 non
1555 3599 1891 3700 scriptis,
1958 3597 2048 3672 de
2116 3597 2382 3697 quibus
2436 3597 2516 3670 in
2565 3595 3066 3694 sophistarum

288 3717 563 3795 scholis
604 3717 1178 3796 declamationes
1218 3719 1477 3796 haberi
1516 3721 1778 3818 solent.

504 3859 787 3962 Eadem
824 3860 1103 3938 habent
1140 3864 1419 3940 Lexica
1455 3863 1920 3962 Segueriana
1957 3893 2028 3965 p.
2075 3865 2230 3938 244
2253 3922 2271 3956 ,
2333 3874 2406 3940 et
2461 3863 2744 3940 scholia
2780 3862 2857 3938 in
2895 3863 3062 3938 Pla·

284 3984 485 4061 tonis
524 3985 786 4087 Remp.
829 4014 900 4086 p.
939 3985 1176 4061 Bekk.
1216 3986 1392 4062 417.

502 4129 859 4206 Pollux
897 4128 1105 4221 VIII,
1150 4131 1503 4207 51—-532
1561 4133 2058 4208 Denunciatio
2099 4130 2504 4207 constituta
2540 4140 2650 4204 est
2689 4130 2780 4205 de
2817 4131 3059 4232 publi·
3105 4175 3110 4178 -

282 4257 426 4349 ciS,
471 4280 620 4328 non
660 4264 907 4329 tamen
945 4256 1240 4356 scriptis
1280 4258 1731 4333 criminibus.
1810 4256 2029 4350 Quod
2070 4256 2530 4331 denuncians
2572 4267 2650 4330 ct
2686 4281 2835 4330 non
2875 4283 3052 4332 con-

282 4381 593 4454 vincens
633 4379 975 4454 immunis
1018 4379 1276 4473 fuerit,
1335 4382 1547 4458 docet
1586 4381 2011 4482 Hyperides
2049 4382 2126 4456 in
2166 4380 2356 4456 libro
2398 4381 2489 4456 de
2531 4381 3056 4484 Lycophrone.

279 4504 846 4604 Theophrastus
886 4513 1148 4580 contra
1186 4505 1430 4599 tradit,
1470 4505 1777 4584 aliarum
1817 4507 2190 4582 actionum
2228 4517 2518 4583 actores
2559 4504 2752 4582 mille
2794 4505 3056 4582 drach-·

278 4631 417 4706 mis
459 4641 534 4704 et
568 4629 883 4706 infamia
919 4629 1294 4720 mulctari,
1356 4630 1417 4706 si
1455 4657 1609 4706 non
1647 4632 1908 4730 quinta
1945 4631 2472 4728 suffragiorum
2508 4642 2721 4730 parte
2759 4633 3054 4732 potian-

281 4768 443 4852 tur3
502 4755 1025 4832 denuntiantes
1068 4781 1242 4834 vero
1280 4769 1435 4832 non
1472 4758 1858 4853 infamiae,
1907 4755 2036 4834 sed
2072 4759 2271 4834 mille
2312 4756 2831 4860 drachmarum
2871 4760 3053 4836 mul-

278 4893 475 4958 ctam
512 4882 983 4981 persolvere,
1041 4881 1477 4984 videturque
1532 4883 1675 4960 hoc
1731 4894 2033 4986 postea,
2093 4894 2398 4986 propter
2435 4883 2704 4960 frivole
2743 4884 3051 4984 quemli-

274 5009 406 5086 bet
442 5007 971 5084 denuntiantes
1009 5007 1443 5109 adjunctum
1480 5010 1731 5086 fuisse.
1844 4995 1853 5004 ⁸

434 5200 441 5210 ·
491 5149 607 5228 Of.
650 5151 1086 5252 Syrianum,
1129 5154 1418 5257 Sopatr.
1463 5165 1537 5233 et
1574 5154 1980 5232 Marcellin.
2023 5156 2118 5234 ad
2157 5157 2610 5258 Hermogen.
2651 5164 2813 5231 stat.
2858 5154 3054 5252 2603
