3725 5850
2015 392 2047 436 θ

720 477 875 556 298
1800 501 1927 555 ms
1959 499 2378 559 postsecus.

1976 692 2204 775 1173.

931 839 1163 920 Filiae
1209 842 1617 919 vendantur
1653 864 2112 941 sororesque,
2138 840 2195 915 si
2223 842 2299 916 in
2330 853 2588 947 stupro
2627 842 3136 945 deprehensae
3177 842 3464 919 fuerint.

1973 1020 2204 1096 1174.

915 1159 1115 1238 Ἐάν
1152 1154 1454 1262 ἁρπάσῃ
1508 1192 1615 1248 τις
1672 1163 2088 1261 ἐλευθέραν
2119 1168 2485 1263 ,γυναῖκα
2538 1165 2676 1236 καὶ
2732 1160 3138 1261 βιάσηται,
3199 1165 3466 1262 ζημίαν

716 1286 1002 1377 ἑκαςτὸν
1040 1284 1383 1389 δραχμὰς
1421 1286 1633 1367 εἶναι.

1422 1417 1619 1510 (Lex
1658 1415 1956 1493 Solonis
1994 1412 2194 1518 apud
2229 1415 2600 1495 Plutarch.
2635 1418 2714 1495 in
2751 1416 3054 1526 Solone.
3093 1420 3264 1513 23.)

1986 1578 2212 1656 1174.

926 1727 1007 1803 Si
1042 1728 1207 1829 quis
1241 1728 1553 1804 liberam
1586 1725 1975 1803 mulierem
2010 1726 2342 1826 rapuerit
2377 1737 2453 1809 et
2491 1725 2644 1801 vim
2683 1726 2750 1801 ei
2785 1724 3153 1819 intulerit,
3201 1710 3468 1801 mulcta

712 1855 780 1928 ei
818 1864 1119 1931 centum
1155 1851 1665 1929 drachmarum
1706 1852 2201 1930 constituitur.

914 2168 1108 2249 Ἐάν
1144 2204 1250 2260 τις
1290 2166 1720 2273 ἄνθρωπον
1754 2161 2173 2272 ἐλεύθερον
2209 2164 2255 2261 ἢ
2293 2166 2529 2244 παῖδα
2568 2162 2904 2267 αἰσχύνῃ
2942 2170 3084 2269 βίᾳ
3112 2226 3133 2259 ,
3195 2165 3464 2259 διπλῆν

710 2294 853 2388 τὴν
886 2297 1191 2397 βλάβην
1240 2279 1627 2395 ὀφείλέιν,
1686 2289 1826 2373 ἐάν
1881 2294 1958 2372 δὲ
2013 2304 2433 2401 γυναῖκας,
2493 2302 2614 2390 ἐφ’
2658 2290 2926 2395 αἷσπερ
2973 2291 3462 2378 ἀποκτείνειν

713 2425 1025 2513 ἔξεστιν,
1085 2430 1169 2499 ἐν
1204 2434 1360 2510 τοῖς
1396 2419 1660 2508 αὐτοῖς
1698 2426 2123 2518 ἐνέχεσθαι.

1726 2548 2030 2653 (Lysias
2070 2548 2161 2625 de
2200 2547 2427 2625 caede
2467 2548 2940 2627 Eratosthen.
2981 2544 3048 2651 ξ.
3093 2547 3259 2642 32.)

1982 2698 2209 2784 1175.

925 2854 1005 2932 Si
1062 2856 1225 2957 quis
1282 2855 1651 2935 hominem
1704 2857 2116 2955 ingenuum
2169 2866 2298 2931 aut
2352 2879 2666 2954 puerum
2723 2854 2799 2930 vi
2837 2854 3456 2957 constupraverit,

708 2981 1062 3057 mulctam
1097 2982 1253 3057 luat
1292 2981 1635 3083 duplam;
1686 2982 1805 3058 sin
1843 2991 2258 3076 matronaS,
2315 3004 2542 3080 super
2598 2981 2866 3080 quibus
2916 2979 3456 3084 deprehensum

710 3107 1099 3184 moechum
1136 3108 1471 3184 occidere
1506 3108 1718 3203 licet,
1775 3105 2037 3184 iisdem
2074 3100 2198 3180 ille
2238 3103 2502 3205 poenis
2539 3116 2899 3183 teneatur.
2935 3195 2941 3208 Ι

1980 3288 2208 3363 1176.

912 3423 1109 3501 Ἐάν
1142 3457 1251 3514 τις
1290 3423 1576 3514 ἀδίκως
1614 3429 1815 3526 εἵρξῃ
1852 3420 1956 3514 ὦς
1984 3423 2322 3526 μοιχὸν,
2381 3422 2840 3530 γράψασθαι
2877 3423 3064 3525 πρὸς
3101 3424 3286 3515 τούς
3325 3433 3455 3502 θε-

714 3558 1095 3651 σμοθέτας
1135 3549 1421 3640 ἀδίκως
1460 3551 1909 3648 εἱρχθῆναι,
1968 3547 2128 3626 κᾶν
2174 3554 2326 3651 μὲν
2369 3559 2498 3648 ἕλῃ
2537 3549 2676 3627 τόν
2709 3556 3062 3650 εἵρξαντα
3101 3557 3242 3628 καὶ
3279 3550 3454 3648 δόξῃ

712 3676 1001 3764 ἀδίκως
1042 3675 1729 3778 ἐπιβεβουλεῦσθαι
1753 3733 1775 3767 ,
1832 3674 2118 3776 ἀθῷον
2174 3676 2372 3754 εἶναι
2413 3674 2668 3754 αὐτὸν
2696 3683 2835 3752 καὶ
2873 3673 3060 3764 τούς
3095 3677 3452 3782 ἐγγυητάς

710 3801 1203 3899 ἀπηλλάχθαι
1240 3802 1369 3894 τῆς
1404 3799 1716 3908 ἐγγύης,
1776 3801 1917 3879 ἐὰν
1973 3801 2052 3880 δὲ
2107 3802 2293 3900 δόξῃ
2342 3800 2624 3902 μοιχὸς
2679 3801 2919 3892 εἶναι,
2987 3801 3456 3902 παραδοῦναι

710 3926 957 4004 αὐτὸν
1010 3926 1192 4015 τούς
1246 3926 1613 4034 ἐγγυητάς
1669 3929 1777 4029 τῷ
1834 3927 2134 4019 ἑλόντι,
2192 3935 2317 4006 ἐπὶ
2371 3928 2450 4007 δὲ·
2522 3929 2664 4004 τοῦ
2723 3927 3222 4028 δικαστηρίου
3259 3921 3455 4034 Βἄνευ

710 4053 1167 4157 ἐγχειριδίου
1194 4055 1542 4154 χρῆσθαι
1582 4050 1629 4129 ὅ
1664 4084 1734 4129 τι
1776 4049 1879 4130 ἂν
1913 4055 2268 4163 βουληθῇ
2311 4048 2411 4144 ὦς
2438 4055 2700 4154 μοιχῷ
2740 4047 2931 4132 ὄντι.

2090 4184 2516 4278 (Demosth.
2555 4184 2636 4261 in
2671 4186 2934 4264 Neaer.
2980 4183 3257 4280 1367.)

1969 4346 2006 4419 1
2029 4346 2194 4421 176.

924 4483 1001 4560 Si
1058 4487 1221 4587 quis
1280 4488 1601 4588 aliquem
1656 4510 1787 4588 per
1844 4487 2190 4588 injuriam
2248 4513 2382 4589 pro
2437 4487 2752 4566 moecho
2809 4486 3189 4582 vinxerit,
3265 4485 3451 4588 apud

710 4609 1242 4689 thesmothetas
1280 4622 1613 4709 accuset,
1668 4639 1749 4689 ne
1793 4639 1934 4714 per
1968 4612 2317 4714 injuriam
2350 4615 2429 4688 in
2465 4613 2770 4690 vincula
2805 4635 2967 4689 esse
3005 4615 3448 4714 conjectum,

710 4746 785 4809 et
820 4737 882 4810 si
920 4762 1127 4832 eum,
1168 4739 1292 4838 qui
1328 4739 1604 4836 vinxit,
1644 4739 1918 4840 ,vicerit
1957 4750 2030 4815 et
2067 4765 2204 4842 per
2238 4739 2585 4839 injuriam
2620 4738 2908 4825 insidiis
2943 4738 3324 4840 appetitus
3357 4761 3452 4812 es·

708 4887 788 4937 se
826 4861 1195 4958 videatur,
1252 4864 1411 4965 ipse
1448 4863 1818 4940 indemnis
1858 4873 2020 4940 esto
2059 4875 2138 4940 et
2171 4884 2574 4967 sponsores
2611 4863 3018 4966 sponsione
3058 4862 3450 4955 solvantur,

705 4986 820 5062 sin
880 4985 1231 5063 moechus
1287 5010 1447 5064 esse
1500 4983 1882 5085 videatur,
1963 5013 2359 5091 sponsores
2403 4989 2768 5089 jubentur
2825 5015 2998 5066 eum
3059 4986 3448 5065 accusatori

706 5113 1039 5210 tradere,
1098 5115 1256 5207 cui,
1314 5138 1488 5189 ense
1528 5126 1876 5215 excepto,
1937 5140 2108 5190 eum
2144 5115 2220 5189 in
2257 5115 2539 5216 judicio
2577 5141 2710 5190 suo
2749 5113 3108 5191 arbitratu
3147 5123 3230 5191 ut
3267 5137 3446 5188 moe-

710 5237 928 5316 chum
965 5250 1279 5317 tractare
1320 5240 1557 5316 liceat.
