3725 5850
1137 458 1751 511 commarca-Amos
1799 456 1901 507 An
1941 451 2099 509 1131.
2144 452 2300 505 1132.
2936 428 3094 505 563

315 644 510 720 litor.
585 644 664 722 Si
707 670 882 723 vero
923 647 1200 747 fugerit
1261 660 1336 723 et
1380 648 1743 749 judicium
1799 648 2049 724 subire
2102 648 2427 723 noluerit
2444 702 2463 736 ,
2516 646 2597 721 in
2646 655 3092 747 perpetuum

313 766 492 844 exul
529 783 709 846 esto.
785 770 862 847 Si
902 772 1066 872 quis
1106 785 1350 849 autem
1387 773 1714 873 aliquam
1751 772 2079 871 regionis
2116 772 2341 847 occisi
2382 782 2671 873 partem
2710 771 3092 868 ingressus

315 890 580 986 fuerit,
639 895 764 993 qui
813 896 1098 995 primus
1137 923 1176 972 e
1213 898 1482 974 mortui
1523 896 1967 998 propinguis
2008 897 2129 971 vel
2168 896 2393 971 etiam
2431 920 2471 970 e
2510 894 2799 973 civibus
2838 919 3091 970 occur-

313 1018 534 1111 rerit,
591 1020 893 1119 impune
931 1022 1246 1099 occidito
1285 1024 1406 1099 vel
1447 1024 1780 1099 vinetum
1817 1020 2374 1119 magistratibus
2416 1020 2909 1097 occidendum
2946 1029 3092 1095 tra-

315 1142 500 1217 dito.
574 1141 988 1222 Accusator
1023 1158 1273 1222 autem
1307 1144 1526 1222 simul
1583 1144 1812 1221 vades
1872 1145 2250 1246 postulato
2288 1145 2381 1219 ab
2423 1169 2551 1237 e0,
2620 1171 2842 1243 quem
2880 1166 3093 1219 aecu-

314 1279 476 1359 sat,
532 1294 714 1367 quos
749 1268 888 1345 iste
927 1270 1284 1369 praebeto
1337 1272 1746 1372 locupletes
1804 1296 2114 1347 numero
2172 1282 2321 1347 tres
2346 1328 2363 1363 ‚
2422 1270 2546 1369 qui
2586 1270 2847 1347 sistere
2884 1269 3095 1344 illum

325 1392 408 1467 in
432 1392 796 1492 judicium
833 1395 1314 1496 promittant;
1365 1397 1483 1473 sin
1523 1396 1702 1473 dare
1740 1422 1894 1473 non
1935 1396 2094 1471 vult
2130 1394 2249 1471 vel
2289 1394 2581 1494 nequit,
2620 1393 3097 1495 magistratus

315 1518 668 1597 traditum
705 1518 848 1597 sibi
885 1521 1222 1597 vinciant
1279 1521 1758 1622 vinctumque
1815 1521 2245 1599 custodiant
2284 1530 2357 1599 et
2396 1521 2476 1597 in
2515 1544 2781 1599 causae
2811 1514 3093 1614 judiea-

314 1644 600 1721 tionem
635 1646 918 1723 sistant.

535 1766 761 1869 Apud
783 1769 1416 1849 Lacedaemonios
1451 1771 1822 1848 infantem
1855 1772 1998 1848 sibi
2037 1781 2295 1847 natum
2326 1769 2607 1849 nutrire
2638 1796 2793 1847 non
2823 1777 2982 1845 erat
3013 1766 3093 1841 in

315 1894 552 1994 patris
573 1904 967 1995 potestate,
1007 1896 1138 1972 sed
1170 1922 1338 1972 eum
1375 1897 1716 1997 portabat
1750 1896 1828 1972 in
1867 1897 2131 1991 locum,
2172 1896 2290 1972 cui
2315 1894 2597 1971 Lesehe
2629 1918 2903 1973 nomen
2938 1903 3091 1969 est:

315 2018 427 2097 ibi
465 2016 804 2097 sedentes
841 2022 1222 2099 tribulium
1259 2034 1502 2100 aetate
1542 2023 2088 2124 provectissimi
2106 2076 2129 2115 ,
2167 2021 2523 2099 infantem
2560 2019 3099 2123 explorabant3

319 2143 453 2244 qui
490 2146 552 2221 si
591 2147 784 2225 bene
823 2159 1212 2250 compacto
1251 2161 1328 2225 et
1365 2151 1576 2227 firmo
1618 2160 1816 2225 esset
1853 2172 2163 2249 corpore
2192 2206 2208 2239 ,
2249 2148 2347 2223 ali
2376 2147 2785 2249 jubebant,
2824 2155 3099 2221 sortem

315 2271 430 2347 illi
467 2296 508 2347 e
545 2293 824 2349 novem
857 2273 1177 2351 millibus
1234 2300 1462 2351 unam
1515 2274 2011 2367 destinantes3
2068 2273 2185 2349 sin
2222 2284 2469 2349 autem
2506 2273 2837 2371 degener
2878 2280 3100 2370 atque

319 2394 674 2473 deformis
725 2397 1134 2491 videretur,
1193 2399 1592 2477 mittebant
1649 2424 1818 2474 eum
1874 2398 1971 2475 ad
2032 2396 2453 2498 Apothetas
2474 2456 2493 2492 ,
2552 2397 2679 2497 qui
2732 2396 2945 2473 locus
2990 2404 3101 2471 est

321 2521 778 2622 praecipitiis
816 2524 1296 2601 circumcisus
1322 2526 1540 2626 juxta
1575 2524 2027 2625 Taygetum,
2068 2525 2167 2600 ab
2206 2523 2668 2624 expositione
2708 2520 3103 2599 infantium

317 2649 432 2723 ita
466 2658 942 2749 nuncupatus
965 2704 986 2739 ,
1043 2649 1390 2724 nimirum
1439 2647 1636 2748 quod
1675 2672 1918 2747 neque
1957 2648 2100 2748 ipsi
2138 2672 2381 2747 neque
2424 2646 2589 2721 urbi
2628 2644 3101 2739 conduceret,

321 2771 402 2847 id
441 2771 596 2847 vita
629 2772 812 2863 frui,
869 2774 987 2847 cui
1043 2773 1252 2848 initio
1312 2772 1650 2874 corporis
1686 2773 1967 2847 bonam
2004 2770 2517 2848 habitudinem
2554 2771 2930 2871 roburque
2970 2796 3100 2844 na·

319 2910 496 2976 tura
528 2908 896 2997 negasset.
955 2897 1502 2991 (Plutarch.
1543 2897 1860 3000 Lycurg.
1910 2897 2079 2990 16.)

543 3021 766 3123 Apud
804 3021 1211 3100 Thebanos
1265 3023 1392 3124 qui
1447 3021 1809 3100 infantem
1857 3020 2323 3123 exposuisset
2356 3022 2479 3098 vel
2516 3020 2593 3097 in
2630 3021 3104 3100 solitudinem

322 3148 755 3251 abjecisset,
793 3147 1058 3249 capitis
1093 3148 1459 3249 supplicio
1497 3147 1774 3224 luebat.
1834 3145 2121 3224 Verum
2156 3145 2219 3220 si
2259 3157 2592 3224 extrema
2627 3147 3102 3226 mendicitate

321 3286 543 3376 pater
577 3272 1028 3366 laborasset,
1087 3273 1244 3348 sive
1308 3298 1466 3348 mas
1523 3284 1721 3349 esset
1766 3273 1926 3347 sive
1968 3270 2245 3346 femina
2277 3271 2528 3347 infans
2552 3331 2569 3366 ,
2617 3271 2943 3372 jubebat
2976 3275 3102 3351 lex

322 3425 498 3474 eum
534 3398 786 3474 statim
823 3425 870 3474 a
904 3410 1244 3476 materno
1284 3410 1506 3500 partu
1545 3397 1640 3474 ad
1679 3398 2195 3496 magistratum
2253 3421 2424 3473 cum
2470 3398 2649 3498 ipsis
2686 3398 2934 3474 fasciis
2972 3396 3099 3474 ad-

324 3525 525 3604 ferre
549 3581 568 3618 ,
609 3524 734 3623 qui
772 3535 1163 3625 acceptum
1200 3525 1418 3601 alicui
1457 3523 1754 3601 tradidit
1788 3523 1939 3599 levi
1976 3523 2261 3625 pretio,
2318 3535 2401 3598 ut
2436 3524 2641 3600 bona
2680 3522 2827 3600 fide
2866 3523 3101 3599 infan-

325 3661 484 3725 tem
542 3650 774 3726 aleret
829 3661 904 3724 et
959 3648 1296 3725 adultum
1347 3648 1547 3726 servi
1591 3650 1713 3725 vel
1747 3674 2014 3726 servae
2052 3647 2217 3724 loco
2258 3647 2609 3744 haberet,
2668 3650 2774 3726 sic
2828 3660 2911 3724 ut
2966 3673 3103 3748 pro

327 3774 790 3851 educationis
828 3773 1170 3850 mercede
1207 3799 1476 3876 operas
1513 3775 1672 3874 ejus
1709 3775 2107 3876 acciperet.
2168 3774 2336 3867 (Ae
2366 3774 2587 3850 lian.
2630 3773 2844 3850 Var.
2884 3773 3101 3848 hist.

327 3900 428 3993 H’
480 3898 596 3990 τ’)
1488 4000 1642 4085 Aa
1682 4003 1951 4086 usa.

545 4168 1140 4270 Apollodori
1196 4167 1662 4246 biblioth.
1721 4172 1820 4257 ΙΙ,
1863 4175 1937 4264 4,
1978 4171 2067 4244 9:
2128 4170 2489 4247 Hercules
2543 4170 2791 4265 legem
2840 4169 3102 4244 recita·

331 4295 442 4368 vit
477 4292 1056 4388 Rhadamanthi,
1117 4295 1242 4393 qui
1297 4321 1508 4389 eum,
1569 4297 1694 4396 qui
1731 4297 2021 4395 injustis
2061 4293 2403 4372 manibus
2442 4294 2789 4394 injuriam
2825 4295 3102 4369 inferre

333 4428 730 4497 conantem
787 4419 1180 4519 repulerit,
1238 4419 1608 4494 insontem
1667 4447 1829 4495 esse
1890 4420 2096 4496 dixit.
2173 4409 2362 4514 (Ὃς
2402 4410 2507 4490 ἂν
2544 4411 2925 4513 ἀμύνηται
2962 4413 3105 4492 τὸν

320 4539 613 4639 χειρῶν
651 4537 954 4614 ἀδίκων
991 4532 1326 4638 ἄρξαντα
1349 4597 1368 4628 ,
1427 4535 1705 4615 ἀθῶον
1740 4539 2007 4636 εἶναι.)

546 4667 1074 4768 Antiphon.
1134 4668 1644 4766 Tetralog.
1705 4671 1849 4762 III,
1910 4672 1981 4764 4,
2041 4671 2128 4742 7:
2206 4670 2721 4769 Inceptoribus
2777 4672 3103 4748 rixarum

332 4796 540 4894 leges
597 4795 868 4893 ubique
927 4795 1404 4892 gravissimas
1463 4819 1744 4896 poenas
1821 4795 2277 4870 denunciant
2314 4819 2333 4886 3
2411 4793 2795 4895 repellenti
2856 4807 3103 4870 autem

333 4923 526 5015 vim,
567 4945 926 5019 nusquam
965 4945 1249 5020 poenae
1292 4919 1695 5019 quidquam
1730 4923 2269 5022 praescriptum
2308 4933 2441 4996 est.

547 5047 762 5122 Plato
803 5047 982 5144 Leg.
1027 5044 1207 5138 874,
1249 5045 1349 5122 C:
1399 5039 1596 5118 Ἐάν
1646 5074 1756 5130 τις
1815 5049 2043 5143 πατρὶ
2096 5042 2425 5143 βοηθῶν
2477 5043 2831 5120 θάνατον
2865 5043 3107 5142 μηδὲν

340 5165 660 5246 ἀνόσιον
698 5163 975 5269 δρῶντι
1005 5172 1278 5264 κτείνῃ
1314 5167 1491 5244 τινὰ
1515 5227 1536 5259 ,
1581 5165 1628 5261 ἢ
1653 5177 1884 5273 μητρὶ
1926 5163 1973 5263 ἢ
2007 5176 2307 5260 τέκνοις
2344 5165 2388 5260 ἢ
2432 5166 2793 5264 ἀδελφοῖς
2833 5164 2882 5260 ἢ
2916 5181 3105 5276 ξυγ-

2552 5296 2682 5362 36*
2834 5294 2840 5300 ’
