3725 5850
699 437 1314 492 consumimus
1353 437 1460 490 An
1501 431 1660 490 1199.
1703 429 1862 490 ηοω.
1910 430 2067 494 1211.
2110 435 2269 496 1215.
2313 433 2470 496 ηις.
2512 433 2671 493 1219.
2926 407 3083 494 588

1455 640 1919 730 “1100-

509 809 669 887 Lex
725 809 909 888 haec
963 807 1278 908 vigebat
1321 819 1564 887 aetate
1605 807 2049 904 Phocionis;
2108 805 2549 888 Plutarchus
2606 811 2803 888 enim
2860 809 3075 886 dicit:

288 928 548 1028 νόμου
585 928 732 1035 γὰρ
773 923 999 1018 ὄντος
1047 927 1428 1024 Ἀθήνησι
1487 928 1734 1008 τότε.

1445 1163 1595 1248 Ad
1637 1164 1925 1246 1208.

509 1330 867 1407 Suidas
923 1359 978 1407 s.
1020 1360 1089 1407 v.
1138 1323 1724 1428 Ἀνδροληψιά.·
1783 1329 1861 1406 Si
1920 1329 2036 1405 vir
2092 1326 2574 1406 Atheniensis
2632 1340 2845 1408 extra
2883 1325 3074 1406 Atti·

287 1481 455 1532 cam
514 1455 954 1532 interfectus
1013 1469 1249 1552 esset,
1309 1469 1384 1533 et
1441 1455 1723 1532 incolae
1781 1455 1989 1530 urbis
2046 1455 2245 1555 ejus,
2300 1454 2379 1530 in
2428 1480 2578 1555 qua
2614 1453 2879 1531 caedes
2917 1463 3079 1532 erat

285 1589 618 1683 patrata,
661 1607 830 1656 eum
872 1583 998 1682 qui
1037 1583 1362 1659 criminis
1402 1607 1571 1660 reus
1611 1605 1773 1657 esse
1814 1579 2192 1656 videretur
2228 1605 2382 1657 non
2422 1579 2903 1674 dedidissent,
2940 1606 3075 1680 per

285 1707 500 1804 leges
537 1705 814 1783 licebat
853 1717 1001 1782 tres
1040 1707 1236 1784 illius
1275 1707 1483 1784 urbis
1519 1706 1725 1782 cives
1785 1703 2361 1806 comprehensos
2399 1701 2737 1782 Athenas
2776 1703 3071 1800 ducere,

291 1830 541 1908 caedis
579 1857 864 1932 poenas
904 1832 1227 1909 daturos.

505 1974 862 2052 Pollux
921 1973 1129 2086 VIII,
1193 1977 1334 2052 50:
1410 1976 1763 2053 Virorum
1819 1973 2394 2076 comprehensio
2454 1964 3072 2068 (ἀνδρολήψιον)

291 2101 578 2189 dicitur,
619 2127 784 2176 cum
823 2103 988 2202 quis
1027 2103 1436 2180 homicidas
1472 2102 1844 2202 fugientes
1885 2100 2115 2176 veluti
2155 2099 2252 2178 ad
2287 2098 2649 2199 quosdam
2688 2097 3071 2197 defugisse

291 2251 734 2327 reposcens,
792 2251 945 2302 non
999 2226 1314 2328 accipit3
1372 2227 1690 2326 licetque
1749 2237 1929 2302 tunc
1984 2225 2084 2301 ab
2119 2223 2305 2318 illis,
2346 2225 2471 2322 qui
2512 2249 2661 2300 non
2696 2224 2882 2301 dant
2919 2233 3071 2298 tres

289 2350 626 2428 educere.
699 2350 1082 2426 Immerito
1118 2363 1369 2428 autem
1421 2351 1746 2425 virorum
1803 2346 2475 2448 comprehensione
2531 2373 2746 2443 usus,
2807 2347 3070 2424 immu-

289 2477 408 2552 nis
446 2501 917 2576 nequaquam
957 2485 1134 2551 erat.

505 2617 716 2694 Haec
772 2642 926 2694 non
982 2619 1076 2694 ad
1133 2617 1490 2695 amussim
1557 2616 1927 2719 expressit
1985 2616 2275 2694 Pollux.
2354 2613 2818 2693 Homicidam
2874 2615 3073 2691 enim

291 2744 862 2837 Atheniensem,
905 2743 966 2820 si
1011 2743 1192 2844 fuga
1227 2744 1546 2821 salutem
1585 2755 2007 2844 quaereret,
2050 2769 2203 2818 non
2242 2741 2515 2820 licebat
2552 2751 2763 2820 extra
2799 2739 3071 2818 limites

291 2869 584 2947 Atticae
625 2869 992 2973 persequi.
1052 2868 1166 2947 cf.
1207 2863 1274 2970 §.
1323 2867 1873 2944 1129-1130.

1466 3095 1619 3180 Ad
1653 3096 1903 3179 1211.

505 3262 868 3341 Corinthii
907 3264 1403 3343 caduceatore
1437 3263 1871 3366 praemisso,
1912 3262 2037 3361 qui
2069 3261 2511 3364 Corcyraeis
2549 3258 2828 3339 bellum
2865 3260 3071 3362 prius

286 3388 688 3481 indiceret,
736 3388 1236 3489 Epidamnum
1276 3414 1540 3469 versus
1583 3387 2075 3487 navigarunt,
2116 3387 2396 3465 bellum
2436 3385 2877 3489 Corcyraeis
2912 3386 3069 3465 illa-

290 3516 458 3591 turi.
516 3513 1092 3616 (Thucydid.
1133 3517 1192 3605 1,
1233 3516 1402 3607 29.)

1447 3723 1599 3813 M
1641 3724 1911 3807 1215.

505 3889 624 3969 Of.
665 3890 736 3967 Τ
757 3918 864 3969 ur
884 3916 926 3969 e
947 3904 976 3969 t
997 3892 1214 3970 tini:
1250 3894 1366 3969 De
1399 3889 1903 3989 legationibus
1942 3886 2262 3990 publicis
2301 3889 2503 3991 apud
2545 3886 3061 3969 Athenienses.

290 4016 690 4111 (Genevae
733 4016 1010 4114 1841.)
1439 4117 1591 4201 Ad
1645 4117 1884 4201 1²¹⁸
2024 4084 2037 4091 -

505 4284 1040 4387 Thucydid.
1080 4285 1216 4381 IV,
1263 4284 1452 4363 118:
1511 4284 2007 4363 Caduceatori
2048 4295 2125 4363 et
2158 4285 2427 4385 legatis
2466 4310 2875 4386 eorumque
2932 4312 3063 4389 pe·-

290 4411 614 4513 disequis
635 4470 654 4507 ,
712 4422 1190 4513 quotcunque
1227 4412 1316 4491 iis
1355 4411 1753 4513 placuerit,
1811 4411 1993 4489 belli
2052 4411 2363 4491 finiendi
2412 4420 2489 4487 et
2522 4414 3063 4493 controversia-

287 4564 452 4616 rum
509 4563 733 4615 causa
787 4538 864 4614 in
907 4536 1516 4639 Peloponnesum
1569 4547 1695 4615 aut
1749 4534 2087 4615 Athenas
2142 4536 2489 4615 euntibus
2544 4562 2635 4613 ac
2688 4538 3061 4619 redeunti-

286 4664 468 4759 bus,
531 4676 731 4743 terra
769 4663 1100 4763 marique
1142 4664 1448 4743 foedera
1486 4664 1655 4740 sint.

1447 4874 1597 4959 Ad
1650 4874 1920 4957 1210.

503 5041 621 5119 cf.
661 5038 1108 5119 Aeschinem
1163 5040 1256 5119 de
1311 5043 1506 5118 male
1562 5051 1778 5141 gesta
1811 5040 2036 5141 legat.
2086 5040 2255 5118 133.
2312 5038 2669 5121 Boeckhii
2704 5068 2903 5145 corp.
2942 5043 3061 5120 in-

287 5168 538 5269 script.
575 5194 688 5267 gr.
728 5168 801 5244 N
801 5194 858 5243 r.
900 5166 992 5242 71
1025 5192 1044 5263 3
1099 5168 1397 5247 Franzii
1433 5168 1806 5247 elementa
1841 5166 2367 5269 epigraphices
2400 5196 2513 5269 gr.
2554 5168 2683 5247 Nr.
2721 5168 2849 5247 48.
