3725 5850
737 400 892 481 476
1319 426 1937 481 commem-Amos
1976 425 2079 481 An
2121 421 2251 479 450.
2283 425 2408 481 454.
2450 426 2575 481 454.
2614 426 2741 483 455.
2782 426 2908 483 457.

735 616 1200 695 meretricem
1237 618 1636 721 quamdam
1674 618 2039 720 appellari
2078 618 2558 716 Nemeadem,
2598 620 2900 697 nomine
2940 644 2986 693 a
3024 616 3468 697 celeberrima

733 743 1176 821 solennitate
1217 743 1599 843 desumt03
1655 771 1822 821 cum
1881 771 2037 821 non
2098 743 2319 821 modo
2368 744 2921 837 meretricibus,
2980 770 3239 819 verum
3276 746 3467 820 etiam

733 866 896 944 aliis
934 866 1166 945 servis
1202 870 1672 962 mulieribus,
1731 869 1910 946 talia
1966 868 2245 1011 impeni
2304 870 2609 947 nomina
2644 869 2941 971 legibus
2980 870 3289 945 vetitum
3322 869 3467 946 fuis-

733 1004 888 1089 set,
947 1005 1024 1071 ut
1061 993 1164 1071 ait
1199 993 1568 1073 Polemo
1547 1022 1628 1071 1n
1664 992 1870 1071 libris
1915 994 2111 1089 Περὶ
2149 982 2708 1091 Ἀκροπόλεως.

1906 1203 2057 1287 Ad
2096 1205 2333 1287 450.

947 1366 1212 1446 Suidas
1277 1396 1332 1451 s.
1392 1396 1459 1446 v.
1516 1364 1949 1467 βοηδρομία
1972 1397 1995 1441 .·
2086 1365 2552 1468 βοηδρομεῖν
2608 1370 2980 1473 signifieat
3036 1392 3252 1469 opem
3312 1366 3472 1443 ferre

735 1493 1183 1590 (βοηθεῖν),
1241 1493 1317 1569 id
1376 1505 1488 1569 est
1543 1495 1636 1571 ad
1692 1496 2062 1597 proelium
2117 1520 2503 1573 accurrere
2563 1490 2987 1591 (δραμεῖν).
3063 1492 3199 1568 Est
3256 1504 3471 1569 autem

733 1618 1177 1697 Bo'edromia
1213 1622 1486 1697 festum
1526 1619 1886 1717 Athenis,
1936 1620 2107 1698 inde
2148 1632 2532 1717 vocatum,
2584 1619 2780 1721 quod
2820 1622 2942 1709 10,
2992 1616 3229 1696 Xuthi
3270 1619 3473 1713 filius,

731 1743 1068 1821 celeriter
1125 1772 1341 1847 opem
1397 1746 1687 1822 tulisset
1741 1740 2251 1844 (ἐβοήθησεν)
2312 1746 2928 1839 Atheniensibus,
2990 1770 3163 1821 cum
3219 1743 3314 1819 ab
3352 1744 3472 1819 Eu-

732 1867 985 1969 molpo
1024 1926 1043 1961 ,
1130 1870 1461 1972 Neptuni
1537 1868 1688 1947 filio
1729 1928 1747 1965 ,
1831 1870 2037 1949 bello
2110 1882 2681 1975 premerentur,
2758 1878 3120 1971 regnante
3197 1864 3474 1945 Athenis

733 1993 1174 2071 Erechtheo.

953 2117 1065 2194 Cf.
1106 2118 1428 2221 Etymol.
1468 2116 1718 2229 Magn.
1757 2147 1828 2221 p.
1871 2119 2049 2197 202.

1904 2328 2055 2412 Ad
2112 2330 2331 2413 451.

949 2492 1279 2571 Genesia
1317 2493 1536 2569 etiam
1579 2490 1904 2567 νεκύσια
1941 2497 2261 2591 (funeris
2300 2497 2704 2589 solemnia)
2763 2495 3251 2571 vocabantur.
3324 2493 3476 2567 Erat

737 2616 894 2692 dies
969 2618 1308 2715 lugubris
1379 2620 1456 2694 in
1529 2620 1963 2696 memoriam
2040 2620 2582 2697 defunctorum.
2662 2620 2987 2715 (Lexica
3045 2618 3477 2719 Segueriana

735 2768 806 2842 p.
839 2742 1014 2819 231.
1055 2742 1300 2819 Schol.
1340 2743 1436 2820 ad
1473 2742 1762 2820 Platon.
1803 2740 2047 2821 Alcib.
2086 2746 2141 2823 Ι.
2181 2773 2255 2848 p.
2296 2744 2473 2821 388.
2514 2746 2627 2823 ed.
2666 2744 2983 2822 Bekker.
3024 2741 3473 2845 Hesychius.)

1905 2955 2056 3039 Ad
2090 2957 2329 3040 454.

950 3118 1218 3195 Strabo
1253 3121 1347 3196 X.
1406 3147 1568 3223 cap.
1607 3123 1679 3215 3,
1723 3119 1844 3198 10.
1905 3149 1977 3222 p.
2020 3119 2217 3198 717:
2278 3121 2546 3199 Graeci
2607 3123 2852 3200 Iacchi
2904 3123 3205 3198 nomine
3244 3119 3468 3221 appel-

736 3241 896 3318 lant
932 3256 1006 3318 et
1045 3245 1425 3322 Bacchum
1461 3259 1537 3323 et
1573 3247 1987 3348 principem
2026 3248 2544 3349 mysteriorum
2568 3307 2587 3342 ,
2644 3248 2945 3350 genium
2987 3246 3299 3326 Cereris.

951 3367 1067 3444 Of.
1107 3367 1359 3447 Schol.
1397 3372 1473 3447 in
1516 3369 1986 3472 Aristophan.
2029 3371 2216 3448 Ran.
2258 3373 2435 3448 324.

1908 3581 2063 3666 Ad
2094 3583 2332 3667 455.

953 3741 1261 3822 Suidas:
1319 3742 1858 3845 Μυστὴρια
1924 3759 2099 3823 sunt
2152 3747 2469 3824 initia.
2548 3744 2951 3846 Μυστὴρια
3008 3760 3257 3825 autem
3304 3748 3473 3821 dicta

735 3881 912 3946 sunt
966 3871 1062 3946 ab
1122 3895 1212 3947 eo
1263 3871 1460 3972 quod
1517 3884 1629 3949 est
1667 3865 1901 3969 μύειν
1922 3927 1945 3960 ,
2000 3872 2076 3949 id
2114 3885 2263 3967 est,
2324 3873 2710 3970 claudere3
2768 3875 2969 3976 quod
3006 3875 3131 3976 qui
3172 3903 3261 3952 ea
3294 3871 3469 3950 audi-

736 4007 940 4092 rent,
1000 4020 1082 4072 os
1119 3995 1580 4089 clauderent,
1636 4021 1879 4100 neque
1920 4025 2011 4076 ea
2044 3999 2177 4075 ulli
2216 4000 2718 4076 enunciarent.

953 4137 1264 4218 Veteres
1301 4139 1572 4217 Graeci
1611 4141 1823 4219 initia
1859 4141 2244 4218 Eleusinia
2298 4141 2555 4219 ceteris
2614 4144 2959 4220 omnibus
3017 4168 3209 4243 quae
3246 4140 3335 4217 ad
3370 4165 3472 4212 ve-

737 4265 1198 4340 nerationem
1234 4265 1546 4342 deorum
1583 4277 1967 4368 spectant,
2024 4278 2231 4344 tanto
2289 4267 2716 4368 augustiora
2763 4267 3134 4344 ducebant
3155 4326 3174 4361 ,
3230 4275 3473 4368 quanto

739 4385 919 4465 deos
955 4401 1338 4491 praestare
1373 4393 1744 4495 putabant
1779 4391 2227 4470 hominibus.
2286 4393 2525 4487 (Pau
2546 4419 2581 4468 s
2603 4420 2742 4470 an.
2786 4394 2880 4488 X,
2921 4395 3046 4489 31,
3092 4393 3254 4488 11.)

1913 4602 2064 4686 Ad
2097 4605 2334 4686 457.

955 4767 1306 4846 Clemens
1345 4768 1553 4849 Alex.
1614 4770 2050 4848 Cohortatio
2102 4772 2197 4848 ad
2250 4786 2515 4870 gentes
2554 4773 2651 4868 11,
2700 4771 2836 4848 13:
2897 4761 3141 4870 Κᾷστι
3180 4764 3268 4844 τὸ
3310 4763 3475 4842 σύν-

748 4897 956 4988 θημα
1005 4887 1507 4969 Ἐλευσινίων
1549 4897 2028 4994 μυστηρίων·
2103 4891 2697 4985 ἐνήστευσα·
2758 4895 3051 4969 ἔπιον
3104 4889 3281 4970 τὸν
3332 4919 3475 4967 κυ-

742 5005 1112 5094 κεῶνα·
1174 5019 1550 5119 ἔλαβον
1603 5027 1714 5098 ἐκ
1766 5024 2171 5114 κίστης·
2226 5017 2928 5124 ἐργασάμενος
2983 5015 3477 5118 ἀπεθέμην

743 5148 885 5234 εἰς
937 5141 1453 5220 κάλαθον·
1528 5151 1702 5221 καὶ
1767 5153 1880 5223 ἐκ
1953 5143 2429 5222 καλάθου
2502 5149 2645 5234 εἰς
2717 5149 3105 5238 κίστην.
3186 5151 3474 5250 (Estque
