3725 5850
1025 445 1640 520 commem-Amos
1673 461 1786 515 An
1827 459 1989 518 14⁴1.
2028 455 2189 519 14⁴2.
2230 457 2391 518 1443.
2940 433 3098 514 019

547 655 956 734 Confirmat
993 657 1136 744 hoc
1175 659 1396 736 etiam
1437 656 1649 734 Plato
1680 641 1909 748 (Min.
1950 683 2022 758 p.
2064 655 2305 750 315J:
2348 657 2420 728 οἱ
2460 715 2475 731 .
2508 713 2523 731 .
2556 713 2569 731 .
2616 651 2965 753 πρότεροι

319 785 459 855 καὶ
517 782 868 856 ἔθαπτον
927 785 1013 856 ἐν
1068 780 1158 879 τῇ
1219 783 1440 881 οἰκίᾳ
1501 777 1680 868 τούς
1737 775 2330 867 ἀποθανόντας·
2401 773 2605 878 ἡμεῖς
2664 779 2742 856 δὲ
2798 777 3099 855 τούτων

325 901 560 982 οὐδὲν
599 903 994 1003 ποιοῦμεν.

537 1051 686 1128 Sed
723 1051 1114 1156 Lycurgus
1153 1053 1356 1155 apud
1389 1048 2027 1131 Lacedaemonios
2066 1060 2399 1128 mortuos
2436 1053 2631 1128 intra
2667 1051 2929 1128 urbem
2969 1052 3099 1128 hu-

321 1177 546 1268 mari,
604 1188 1229 1279 monumentaque
1289 1203 1524 1280 prope
1583 1175 1869 1279 templa
1924 1177 2103 1278 poni
2164 1205 2315 1254 non
2368 1174 2790 1279 prohibuit:
2844 1173 3097 1278 huius-

319 1302 522 1380 modi
582 1303 1028 1405 spectaculis
1084 1304 1596 1380 adolescentes
1655 1302 2210 1396 adsuefaciens,
2287 1329 2379 1378 ne
2438 1303 2695 1380 mortis
2753 1301 3096 1378 recorda-

320 1428 524 1504 tione
565 1428 1220 1530 perturbarentur,
1278 1455 1584 1530 eamque
1627 1456 1719 1505 ne
1759 1426 2277 1518 exhorrerent,
2339 1430 2549 1529 quasi
2591 1455 2757 1521 eos,
2812 1429 2937 1529 qui
2978 1453 3095 1504 ca-

323 1553 553 1630 daver
606 1554 1068 1656 tetigissent,
1130 1567 1258 1633 aut
1313 1581 1448 1657 per
1505 1555 1981 1658 sepulchrum
2038 1554 2545 1648 transiissent,
2615 1553 3097 1657 polluentem.

325 1679 862 1771 (Plutarch.
921 1683 1326 1784 Lycurg.
1377 1681 1546 1775 27.)

1484 1909 1961 1994 &1442-

533 2075 928 2178 Lycurgus
947 2077 1148 2178 apud
1171 2077 1811 2154 Lacedaemonios
1851 2075 2031 2152 nihil
2075 2103 2243 2152 cum
2282 2087 2571 2154 mortuo
2614 2089 2852 2154 terrae
2893 2100 3098 2151 man-

328 2203 486 2280 dari
527 2203 897 2304 permisit,
961 2202 1089 2279 sed
1149 2203 1303 2303 ejus
1364 2229 1629 2305 corpus
1688 2213 1979 2279 tantum
2034 2204 2349 2302 puniceo
2409 2203 2729 2280 amiculo
2792 2211 2865 2277 et
2904 2199 3101 2276 foliis

327 2328 535 2404 oleae
593 2329 1014 2406 involutum
1071 2326 1358 2405 tumulo
1417 2329 1760 2430 componi
1807 2328 2052 2428 jussit.
2139 2327 2411 2404 Mortui
2473 2339 2723 2403 autem
2782 2351 3098 2414 nomen,

320 2453 459 2529 nisi
519 2454 630 2530 vir
689 2455 765 2530 in
823 2451 1061 2547 bello,
1141 2465 1265 2530 aut
1323 2454 1588 2532 mulier
1649 2453 1996 2531 sacerdos
2055 2467 2365 2530 mortem
2424 2453 2769 2546 obiisset,
2842 2475 3099 2526 monu-

320 2590 572 2658 mento
612 2580 911 2657 inscribi
947 2599 1211 2681 passus
1249 2609 1403 2658 non
1443 2593 1572 2660 est.
1634 2581 1782 2674 (Pl
1804 2607 1849 2656 u
1873 2592 1904 2656 t
1924 2608 1969 2659 a
1990 2608 2026 2656 1·
2059 2579 2189 2657 ch.
2233 2579 2295 2655 L
2316 2607 2365 2681 y
2389 2605 2428 2655 c
2448 2605 2639 2680 urg.
2682 2575 2849 2670 27.)

1478 2826 1628 2910 Aa
1663 2826 1953 2912 1⁴4³.

539 2992 758 3071 Hanc
797 2989 1094 3093 quidem
1133 2992 1376 3091 legem
1417 2992 1634 3067 Plato
1689 2994 2045 3095 proponit
2084 3005 2413 3089 tantum,
2473 2994 2605 3071 sed
2651 2995 2803 3069 veri
2862 2993 3101 3071 simile

322 3131 435 3197 est
473 3144 638 3197 eam
679 3144 717 3194 e
745 3118 916 3219 jure
959 3114 1210 3193 Attico
1251 3117 1623 3195 sumsisse.
1692 3117 1895 3196 Dicit
1934 3118 2131 3195 enim
2174 3119 2433 3195 Cicero
2472 3122 2588 3197 De
2631 3118 2958 3219 Legibus
3002 3120 3099 3215 II,

323 3246 463 3321 23:
511 3246 672 3345 jam
731 3253 978 3319 cetera
1031 3241 1109 3316 in
1165 3240 1317 3319 XII
1377 3242 1778 3339 (tabulis),
1857 3243 2367 3321 minuendi
2430 3255 2917 3346 sumptus,
2995 3243 3099 3319 la·

321 3370 966 3469 mentationesque
1009 3368 1332 3463 funeris,
1394 3369 1760 3447 translata
1797 3368 1890 3445 de
1930 3368 2225 3447 Solonis
2266 3370 2421 3447 fere
2460 3372 2779 3469 legibus.

537 3512 821 3591 Deinde
880 3513 977 3607 II,
1041 3513 1183 3588 25:
1244 3514 1553 3609 Postea,
1619 3541 1889 3614 quum,
1948 3527 2029 3592 ut
2086 3515 2343 3593 scribit
2400 3514 2847 3607 Phalereus,
2906 3540 3098 3591 sum·

324 3651 598 3743 ptuosa
630 3639 789 3715 fieri
828 3639 1092 3715 funera
1131 3650 1208 3715 et
1241 3638 1752 3718 lamentabilia
1797 3642 2209 3743 cepissent,
2270 3640 2565 3717 Solonis
2605 3642 2773 3740 lege
2812 3639 3102 3721 sublata

327 3776 512 3843 sunt.
590 3766 835 3859 Quam
887 3762 1136 3862 legem
1193 3765 1474 3843 eisdem
1513 3792 1752 3869 prope
1790 3766 2039 3845 verbis
2076 3767 2312 3845 nostri
2354 3765 2745 3846 decemviri
2786 3767 2865 3841 in
2902 3764 3099 3843 deci-

323 3916 524 3969 mam
554 3891 896 3969 tabulam
931 3891 1436 3989 conjecerunt.
1516 3889 1709 3967 Nam
1747 3892 1842 3969 de
1878 3892 2119 3969 tribus
2156 3891 2427 3971 riciniis
2467 3904 2543 3969 et
2580 3893 2937 3994 pleraque
2972 3891 3101 3967 illa

325 4017 620 4097 Solonis
659 4028 850 4095 sunt.

539 4162 726 4237 Item
765 4160 860 4253 11,
903 4161 1046 4235 26:
1107 4159 1286 4237 Post
1323 4160 1706 4262 aliquanto
1743 4168 2055 4263 propter
2100 4160 2237 4239 has
2290 4162 2857 4262 amplitudines,
2917 4186 3099 4261 quas

321 4288 400 4363 in
439 4284 824 4363 Ceramico
863 4285 1238 4379 videmus,
1289 4286 1458 4385 lege
1499 4300 1838 4363 sanctum
1876 4299 2029 4381 est,
2088 4314 2137 4362 n
2162 4314 2201 4364 e
2258 4289 2478 4387 quis
2534 4286 3097 4387 sepulcrum

325 4414 714 4488 faceret
769 4415 1340 4511 operosius,
1418 4438 1701 4512 quam
1778 4413 2029 4514 quo-d
2089 4413 2417 4490 decem
2471 4412 2917 4491 homines
2972 4412 3095 4490 ef-

323 4538 766 4614 fecerint
821 4536 1173 4615 triduo.

537 4681 880 4782 Denique
937 4684 1117 4757 satis
1176 4693 1508 4779 constat,
1565 4684 1638 4758 in
1699 4682 2037 4761 Platonis
2092 4680 2423 4783 Legibus
2478 4682 2713 4759 multa
2758 4683 3096 4759 instituta

326 4806 896 4885 Atheniensium
933 4810 1256 4909 reperiri.

542 4950 656 5027 Cf.
714 4950 1030 5027 carol.
1091 4952 1340 5029 Frid.
1401 4954 1931 5033 Hermann:
2010 4955 2123 5031 De
2202 4954 2539 5053 vestigiis
2593 4952 3096 5031 institutorum

326 5088 698 5171 veterum,
756 5077 1112 5177 imprimis
1152 5077 1572 5156 Atticorum
1626 5105 1762 5181 per
1799 5079 2133 5157 Platonis
2194 5080 2285 5157 de
2326 5080 2658 5179 Legibus
2714 5079 2941 5155 libros
2978 5080 3089 5155 in-

326 5202 706 5302 dagandis.
765 5201 1191 5305 (Marburgi
1241 5202 1506 5296 1836.)
