3725 5850
604 400 758 478 m
1400 419 2024 476 conunuimmus
2054 419 2165 476 An
2207 412 2386 479 1455,
2410 413 2568 481 14⁵⁶.

592 616 751 695 suis
786 614 1209 715 ejiciantur,
1270 641 1424 692 non
1464 639 1687 708 vero,
1745 623 1827 690 ut
1862 610 2234 693 Caecilius
2287 623 2582 707 censet,
2639 610 2718 689 in
2755 637 2891 691 eos
2929 609 3130 691 solos
3167 607 3294 712 qui
3337 634 3378 687 e

577 739 909 840 judicato
950 739 1308 834 debeant,
1368 737 1844 840 Phrynichus
1883 761 2181 841 quoque
2219 735 2470 839 palam
2508 735 2707 819 facit.

795 863 914 944 Of.
954 865 1232 946 Lexica
1270 864 1577 964 Seguer.
1619 892 1689 966 p.
1740 863 1914 960 188,
1959 865 2139 940 252.

798 1007 1023 1110 Apud
1061 1009 1441 1084 Romanos
1496 1008 1575 1083 in
1634 1007 2242 1084 contentionibus
2299 1004 2394 1082 de
2443 1006 2918 1108 possessione
2953 1017 3127 1084 ante
3169 1006 3378 1082 litem

581 1161 835 1213 coram
896 1133 1151 1236 judice
1212 1130 1741 1224 dirimendam,
1800 1143 2102 1234 praetor
2175 1141 2306 1208 aut
2377 1130 2780 1231 proconsul
2857 1133 3378 1209 auctoritatem

580 1236 787 1338 suam
833 1258 1180 1336 finiendis
1222 1258 1753 1334 controversiis
1794 1256 2357 1359 interponebat,
2417 1267 2492 1333 et
2549 1257 2626 1332 in
2665 1281 2958 1334 summa
2997 1268 3126 1334 aut
3149 1255 3376 1357 Jube-

581 1385 713 1462 bat
750 1383 1030 1485 aliquid
1071 1385 1271 1478 fieri,
1332 1393 1460 1460 aut
1517 1383 1676 1458 fieri
1727 1379 2216 1483 prohibebat3
2272 1382 2637 1460 formulae
2679 1394 2928 1460 autem
2965 1384 3374 1459 verborum

582 1522 657 1590 et
694 1512 1230 1614 conceptiones
1268 1506 1537 1611 quibus
1576 1509 1655 1584 in
1695 1532 1783 1588 ea
1820 1532 1898 1589 re
1934 1508 2326 1603 utebatur,
2383 1511 2454 1586 D
2477 1535 2516 1586 e
2541 1533 2640 1586 cr
2663 1536 2702 1585 e
2727 1520 2822 1585 ta
2879 1519 3006 1586 aut
3059 1510 3371 1588 Inter-

582 1638 630 1715 d
652 1640 677 1714 i
698 1649 857 1714 cta
892 1635 1376 1715 vocabantur.
1436 1637 1503 1710 D
1529 1660 1568 1709 e
1592 1660 1631 1710 c
1652 1660 1689 1710 r
1710 1645 1903 1729 eta,
1945 1660 2110 1714 cum
2151 1636 2312 1710 fieri
2351 1634 2629 1741 aliquid
2660 1635 2914 1735 jubet,
2957 1635 3164 1715 velut
3201 1661 3378 1719 cum

581 1764 982 1866 praecipit,
1021 1773 1103 1840 ut
1139 1760 1423 1860 aliquid
1461 1759 1898 1838 exhibeatur
1939 1771 2066 1838 aut
2103 1760 2572 1858 restituatur;
2629 1760 3186 1844 interdicta
3242 1787 3373 1842 ve-

582 1915 665 1966 ro
688 1947 705 1982 ,
762 1911 935 1966 cum
973 1885 1325 1989 prohibet
1364 1886 1554 1980 fieri,
1618 1882 1823 1960 velut
1879 1908 2050 1960 cum
2107 1885 2514 1989 praecipit,
2573 1911 2668 1964 ne
2709 1886 2868 1964 sine
2909 1887 3091 1965 vitio
3127 1887 3372 1988 possi-

581 2011 787 2101 denti
828 2014 940 2093 vis
979 2013 1127 2092 fiat.
1204 2012 1365 2088 Nec
1422 2020 1672 2089 tamen
1730 2034 1902 2086 cum
1958 2008 2138 2111 quid
2184 2010 2494 2110 jusserit
2549 2013 2708 2098 fieri
2757 2023 2886 2089 aut
2923 2014 3085 2090 fieri
3121 2013 3373 2114 prohi-

581 2138 863 2232 buerit,
922 2139 1173 2214 statim
1211 2148 1599 2238 peractum
1638 2148 1753 2213 est
1791 2136 2179 2236 negotium
2201 2195 2219 2232 ,
2277 2136 2412 2212 sed
2450 2137 2544 2217 ad
2590 2137 2928 2238 judicem
2962 2138 3110 2214 itur
3147 2151 3222 2214 et
3259 2136 3368 2214 ibi

582 2265 997 2362 quaeritur,
1056 2287 1156 2338 an
1192 2261 1473 2361 aliquid
1530 2259 1890 2341 adversus
1947 2261 2316 2362 praetoris
2370 2262 2700 2343 edictum
2735 2262 3015 2343 factum
3051 2266 3184 2360 sit,
3245 2263 3370 2339 vel

582 2413 679 2463 an
718 2389 997 2467 factum
1035 2413 1187 2463 non
1226 2388 1358 2483 sit,
1400 2387 1604 2486 quod
1642 2387 1703 2461 is
1744 2387 1907 2462 fieri
1936 2385 2259 2486 jusserit.
2320 2385 2440 2480 (Gr
2459 2413 2506 2462 a
2513 2388 2593 2489 ji
2651 2389 2976 2467 Instit.
3030 2389 3164 2482 IV,
3205 2388 3368 2469 139

583 2513 917 2606 -140.)

798 2641 887 2718 In
924 2639 1395 2740 possessoriis
1436 2637 1998 2740 quaestionibus
2045 2638 2355 2716 dubium
2394 2665 2550 2718 non
2587 2651 2700 2718 est
2737 2641 3202 2722 decemviros
3245 2642 3370 2742 ju-

584 2765 909 2860 dicasse,
966 2764 1169 2866 quod
1206 2776 1591 2866 praetores
1631 2764 1901 2842 deinde
1941 2790 2080 2843 suo
2130 2763 2257 2840 illo
2318 2763 2558 2844 edicto
2616 2767 2758 2844 uti
2811 2795 2862 2868 p
2885 2765 3220 2847 osside
3243 2768 3377 2843 tis

582 2892 909 2995 apertius
946 2891 1504 2993 explicuerunt,
1568 2891 2154 2993 possessionem,
2205 2915 2395 2991 quae
2433 2916 2576 2970 nec
2613 2892 2731 2988 vi,
2771 2915 2912 2969 nec
2961 2893 3189 2991 clam,
3229 2917 3376 2971 nec

584 3020 924 3122 precario
963 3029 1387 3111 teneretur,
1444 3020 1611 3097 loco
1668 3045 1803 3095 suo
1862 3018 2314 3097 movendam
2371 3043 2521 3096 non
2568 3044 2769 3111 esse,
2827 3019 2960 3097 sed
3013 3019 3377 3099 tuendam

584 3146 827 3248 potius
848 3203 869 3241 ,
925 3144 1304 3246 pendente
1363 3147 1845 3248 proprietatis
1903 3146 2358 3246 quaestione.
2437 3147 2850 3225 Potuerunt
2889 3146 3206 3226 Romani
3245 3170 3373 3221 au·

584 3270 781 3365 dire,
840 3269 1043 3369 quod
1081 3270 1405 3349 Pericles
1446 3273 1644 3373 apud
1686 3272 2206 3373 Thucydidem
2246 3274 2346 3369 (Ι,
2393 3272 2586 3366 141)
2627 3285 3201 3369 commemorat,
3261 3274 3374 3351 in-

584 3408 698 3475 ter
734 3395 1230 3477 Athenienses
1284 3409 1361 3476 et
1417 3398 2052 3477 Lacedaemonios
2109 3398 2511 3499 aliquando
2567 3400 3052 3477 constitutum
3102 3400 3374 3477 fuisse:

585 3534 685 3599 ut
758 3521 869 3599 de
946 3524 1237 3601 rebus
1332 3526 2038 3603 controversis
2103 3524 2497 3627 judicio
2575 3526 3030 3601 vicissim
3103 3526 3377 3601 inter

586 3674 762 3725 nos
820 3648 1573 3751 disceptaretur
1628 3662 1722 3725 et
1774 3651 2176 3750 utrique
2235 3676 2343 3729 ea
2395 3651 3068 3729 retineremus
3124 3675 3373 3751 quae

589 3786 1061 3851 tenemus.
1122 3776 1406 3866 (Δίκας
1455 3774 1603 3870 μὲν
1660 3772 1815 3849 τῶν
1872 3770 2270 3874 διαφόρων
2326 3771 2677 3864 ἀλλήλοις
2723 3770 3026 3851 διδόναι
3066 3776 3202 3850 καὶ
3243 3770 3370 3847 δέ-

576 3900 872 3993 χεσθαι
893 3951 916 3985 ,
956 3897 1169 3992 ἔχειν
1209 3894 1284 3973 δὲ
1329 3902 1732 3996 ἑκατέρους
1770 3892 1823 3973 ἃ
1865 3900 2216 3998 ἔχομεν).
2273 3904 2442 3981 Hoc
2480 3902 2676 3979 enim
2719 3914 2832 3981 est
2867 3903 3222 4005 perinde,
3263 3913 3374 3979 at·

474 4027 481 4035 '
587 4050 730 4127 que
788 4027 849 4100 si
906 4026 1469 4102 convenissent:
1546 4028 1686 4102 uti
1744 4027 2412 4129 possidemus,
2468 4047 2570 4104 ut
2625 4028 3370 4129 possideamus,

586 4150 987 4229 interea
1040 4150 1249 4228 dum
1291 4150 1689 4251 judicio
1746 4150 2562 4255 disceptabimus.

1744 4362 1898 4457 Ν
1929 4364 2222 4459 uu.

800 4527 981 4618 Jam
1016 4528 1097 4605 in
1133 4529 1623 4631 paragraphis
1645 4530 1801 4605 766
1823 4528 2073 4610 01:767
2099 4530 2463 4631 agebatur
2501 4530 2594 4609 de
2629 4542 2786 4607 'uno
2820 4552 3102 4629 genere
3137 4531 3369 4607 actio·

588 4653 703 4734 m's
738 4647 1090 4741 ἐξούλης,
1152 4680 1339 4755 quae
1400 4679 1669 4757 nempe
1730 4666 1914 4733 tunc
1961 4654 2288 4733 habebat
2323 4650 2614 4750 locum,
2677 4657 2738 4733 si
2775 4656 2938 4756 quis
2979 4657 3370 4740 convictus

592 4779 1011 4872 emutioni
1048 4781 1465 4859 sententiae
1503 4808 1583 4857 se
1624 4783 2118 4885 opposuisset.

808 4904 951 4987 Hic
990 4915 1238 4983 autem
1273 4901 1521 5005 agitur
1558 4906 1651 4984 de
1690 4908 1927 4987 altera
1961 4904 2274 4997 ἐξούλης
2311 4910 2646 5003 actione,
2709 4933 2933 5008 quam
2973 4908 3370 5012 possiden-

587 5042 705 5117 tea
738 5042 1005 5111 contra
1038 5030 1206 5110 illos
1246 5032 1761 5129 intendebant,
1800 5062 1846 5111 a
1879 5036 2154 5135 quibus
2191 5036 2268 5112 in
2307 5062 2386 5110 re
2427 5061 2769 5135 possessa
2806 5058 3107 5135 quoquo
3145 5035 3369 5113 modo

588 5157 925 5260 impediti
962 5156 1297 5238 fuissent.
2896 5184 2905 5192 ‘
