3725 5850
679 376 834 453 606
898 451 904 458 ,
1390 401 2006 454 COMMENTARIUS
2048 403 2153 450 An
2196 395 2351 454 1373.
2399 397 2552 455 1374.
2600 399 2755 454 1375.

681 595 874 670 filius
911 619 1244 694 neposve
1287 619 1378 670 ex
1419 621 1546 684 e0‚
1605 597 1782 669 item
1842 605 2147 694 patruus
2196 605 2274 668 et
2312 595 2555 695 patrui
2602 595 2792 670 filius
2834 607 2906 670 et
2938 619 3179 693 nepos
3218 617 3309 668 ex
3348 619 3451 671 eo,

679 715 946 818 (Graji
1007 719 1335 795 Instit.
1398 723 1456 812 I,
1503 722 1720 809 155.)

895 861 1278 938 Vocantur
1318 875 1565 938 autem
1612 867 1909 961 agnati‚
1951 866 2075 963 qui
2112 863 2447 960 legitima
2486 865 2935 962 cognatione
2965 862 3205 963 juncti
3248 871 3456 937 sunt:

677 986 1014 1083 legitima
1067 999 1315 1062 autem
1355 991 1705 1086 cognatio
1750 1001 1862 1064 est
1903 1017 2027 1079 ea,
2091 1013 2277 1087 quae
2343 1017 2477 1090 per
2532 990 2763 1064 virilis
2822 1015 3041 1065 sexus
3104 1011 3463 1088 personas

681 1112 1196 1210 conjungitur:
1255 1115 1506 1210 itaque
1549 1115 1808 1189 eodem
1849 1127 2058 1214 patre
2101 1115 2255 1190 nati
2296 1115 2561 1190 fratres
2602 1117 2855 1212 agnati
2896 1114 3034 1188 sibi
3074 1123 3289 1204 sunt,
3342 1111 3461 1210 qui

681 1237 906 1309 etiam
963 1239 1500 1335 consanguinei
1559 1250 1959 1332 vocantur,
2024 1265 2158 1313 nec
2215 1238 2649 1337 requiritur,
2710 1265 2803 1313 an
2867 1239 3091 1312 etiam
3146 1248 3459 1311 matrem

683 1361 997 1436 eandem
1037 1361 1476 1451 habuerint-3
1517 1364 1692 1436 item
1734 1375 2041 1464 patruus
2080 1363 2329 1438 fratris
2367 1365 2521 1438 filio
2548 1377 2621 1439 et
2640 1365 2960 1438 invicem
2992 1365 3052 1436 is
3090 1357 3198 1437 illi
3236 1389 3459 1461 agna-

683 1497 801 1558 tus
841 1497 994 1580 est3
1054 1487 1314 1560 eodem
1373 1515 1684 1562 numero
1734 1501 1905 1564 sunt
1943 1491 2209 1564 fratres
2250 1491 2623 1592 patrueles
2658 1491 2853 1564 inter
2888 1513 3007 1582 se,
3072 1487 3147 1562 id
3188 1499 3305 1561 est
3342 1488 3457 1584 qui

683 1639 722 1685 e
762 1611 1053 1686 duobus
1111 1612 1464 1688 fratribus
1525 1617 2006 1712 progenerati
2059 1626 2269 1706 sunt,
2332 1641 2518 1714 quos
2556 1617 2893 1715 plerique
2936 1614 3155 1688 etiam
3196 1637 3453 1688 conso-

682 1735 936 1811 brinos
977 1749 1274 1812 vocant.
1339 1735 1450 1829 (G
1476 1738 1608 1837 aji
1652 1741 1984 1813 Instit.
2026 1743 2160 1833 ΙΙΙ,
2210 1741 2374 1831 10.)

895 1879 972 1954 Si
1017 1881 1132 1954 cui
1174 1879 1418 1954 nullus
1462 1880 1764 1954 omnino
1802 1893 2003 1955 tutor
2040 1885 2189 1987 sit„
2232 1884 2299 1957 ei
2340 1883 2555 1958 datur
2588 1886 2665 1957 in
2706 1882 2889 1956 urbe
2930 1881 3170 1956 Roma
3212 1907 3251 1955 e
3290 1881 3452 1980 lege

683 2003 913 2079 Atilia
953 1985 996 2077 a
1035 2019 1374 2105 praetore
1413 2008 1704 2080 urbano
1764 2021 1835 2080 et
1892 2009 2173 2107 majore
2234 2021 2442 2109 parte
2482 2008 2946 2082 tribunorum
2984 2005 3230 2105 plebis
3254 2065 3271 2099 ,
3334 2007 3453 2104 qui

693 2129 1055 2204 Atilianus
1097 2141 1296 2206 tutor
1335 2144 1682 2215 vocatur:
1741 2133 1816 2206 in
1878 2135 2281 2235 provinciis
2340 2160 2515 2209 vero
2556 2159 2599 2207 a
2635 2132 3101 2233 praesidibus
3158 2132 3453 2231 provin-

685 2256 966 2330 ciarum
1009 2283 1046 2328 e
1087 2257 1251 2352 lege
1293 2258 1504 2330 Julia
1545 2269 1616 2330 et
1653 2256 1876 2332 Titia.
1940 2259 2055 2351 (Gr
2076 2261 2209 2360 aji
2248 2261 2478 2334 Inst.
2524 2261 2579 2348 Ι,
2628 2259 2845 2348 185.)

1849 2488 2001 2568 Ad
2036 2489 2324 2570 13⁷4.

903 2665 1254 2741 Similiter
1293 2671 1490 2768 apud
1531 2671 1911 2746 Romanos
1968 2684 2415 2748 testamento
2458 2697 2748 2772 quoque
2789 2670 3231 2744 nominatim
3270 2680 3453 2742 tuto-

687 2816 802 2864 res
842 2789 989 2864 dati
1049 2793 1588 2868 confirmantur
1645 2795 1808 2891 lege
1854 2797 2263 2876 ‚duodecim
2321 2795 2741 2869 tabularum
2800 2795 2913 2868 his
2976 2794 3263 2870 verbis:
3326 2796 3461 2866 uti

688 2917 1118 3013 leg-assit
1174 2946 1468 3019 super
1525 2921 1988 3013 (familia)
2046 2922 2473 3024 pecunia
2511 2921 2963 2995 tutelave
3016 2946 3249 2993 suae
3301 2920 3459 3008 rei,

686 3044 824 3117 ita
869 3044 1030 3145 jus
1089 3058 1344 3130 θεῖος
1405 3050 1526 3145 qui
1586 3060 1860 3123 tutores
1905 3047 2133 3122 dativi
2176 3048 2671 3149 appellantur.
2736 3046 3073 3146 (Ulpia
3096 3073 3164 3119 n.
3212 3044 3461 3141 frag-

687 3195 894 3245 men
918 3181 966 3242 t.
1013 3168 1131 3263 11,
1178 3170 1341 3259 14.)

1848 3272 2000 3355 Ad
2036 3276 2325 3356 1375.

902 3458 1110 3531 Haec
1149 3456 1445 3533 Solonis
1488 3458 1606 3533 lex
1647 3459 1905 3533 seriori
1945 3469 2185 3533 aetate
2228 3459 2594 3553 abrogata
2632 3458 2856 3532 fuisse
2896 3456 3210 3531 videtur.
3272 3454 3461 3531 Nam

687 3584 1206 3659 Demosthenis
1248 3596 1459 3684 pater
1497 3584 2043 3683 Demophonti‚
2106 3610 2326 3682 quem
2386 3585 2459 3658 in
2516 3594 2960 3659 testamento
3002 3594 3323 3655 tutorem
3361 3582 3463 3653 in-

688 3710 941 3799 stituit,
985 3735 1292 3785 uxorem
1331 3736 1538 3785 suam
1574 3722 1647 3782 et
1669 3711 1919 3785 dotem
1960 3711 2337 3807 octoginta
2376 3711 2737 3783 minarum
2777 3707 2995 3784 dedit.
3038 3708 3460 3799 (Demosth.

688 3835 766 3907 in
803 3834 1098 3935 Aphob.
1142 3838 1196 3927 Ι,
1239 3836 1460 3925 814).
1533 3838 1778 3927 Quum
1819 3836 2039 3909 Pasio
2091 3836 2435 3929 obiisset,
2496 3835 2844 3909 Phormio
2884 3857 3193 3911 uxorem
3232 3834 3389 3931 ejus
3426 3858 3467 3903 e

687 3972 1134 4037 testamento
1159 3961 1389 4053 duxit,
1415 3962 1719 4060 ejusque
1745 3962 1874 4035 filii
1896 3972 2096 4035 tutor
2118 3972 2293 4035 erat.
2320 3960 2745 4052 (Demosth.
2768 3986 2905 4059 pro
2926 3958 3223 4033 Phorm.
3252 3959 3467 4045 946.)

853 4150 858 4155 ⁴
907 4102 1348 4179 Charondae
1406 4103 1858 4177 hereditaria
1919 4104 2425 4202 orphanorum
2474 4104 2673 4178 bona
2710 4113 3151 4203 agnatorum
3194 4101 3465 4175 tutelae

693 4238 766 4300 et
802 4227 1467 4319 administrationi
1525 4226 2041 4302 educationem
2090 4238 2339 4305 autem
2378 4240 2872 4327 cognatorum
2924 4227 3095 4303 fidei
3136 4238 3209 4302 et
3248 4249 3460 4301 curae

691 4353 1023 4449 subjecit.
1085 4352 1522 4443 (Diodor.
1563 4351 1865 4427 Sicul.
1908 4354 2081 4443 XII,
2126 4355 2293 4443 15)

907 4494 1326 4569 Secundum
1368 4496 1489 4570 Le
1515 4522 1684 4593 ges
1723 4494 2181 4603 Platonis
2224 4498 2441 4591 (924,
2486 4494 2657 4571 A-
2666 4495 2789 4587 C),
2848 4495 3058 4594 cujus
3099 4492 3313 4568 liberi
3354 4503 3455 4564 tu-

690 4620 971 4694 toribus
1030 4621 1409 4719 indigent,
1477 4623 1534 4695 si
1597 4624 1911 4695 morit-ur
1968 4634 2321 4714 testatus,
2382 4624 2677 4723 scriptis
2733 4620 3103 4694 tutoribus
3166 4644 3353 4718 quos
3396 4630 3457 4689 et

691 4770 1171 4845 quoscunque
1231 4749 1588 4840 voluerit,
1653 4749 1726 4820 hi
1781 4748 1921 4820 rati
1982 4760 2242 4841 sunt03
2302 4749 2410 4821 sin
2473 4761 2722 4823 autem
2780 4746 2897 4819 vel
2939 4746 3243 4819 omnino
3284 4744 3455 4816 inte-

690 4882 1003 4946 testatus
1043 4882 1371 4946 mortuus
1414 4884 1526 4946 est
1564 4872 1830 4971 aliquis
1872 4874 1989 4944 vel
2031 4884 2357 4946 tutorum
2398 4872 2757 4947 electione
2818 4872 3129 4959 omissa,
3190 4892 3453 4967 genere

691 5022 742 5075 a
773 5009 983 5096 patre
1027 5008 1098 5070 et
1133 5009 1360 5071 matre
1404 4997 1718 5096 proximi
1757 5007 2039 5071 tutores
2082 4999 2227 5071 sint
2255 4998 2454 5097 jure,
2500 4998 2643 5071 duo
2681 5024 2727 5070 a
2762 5008 2970 5096 patre
3012 4996 3449 5092 totidemque

693 5134 1008 5195 &matre
1049 5135 1124 5195 et
1160 5146 1349 5195 unus
1389 5148 1430 5196 e
1469 5122 1736 5197 mortui
1779 5122 2055 5196 amicis,
2118 5181 2126 5189 ,
