3725 5850
1205 483 1434 536 1²²3st
1481 481 1636 532 scm
1647 481 2114 533 OPHORIONE.
2874 461 2915 536 1·
2924 463 3025 538 27

277 673 412 770 μὲν
445 669 536 764 δὴ
575 670 674 748 τά
712 669 1096 772 φερόμενα
1131 674 1568 758 λείπουσιν,
1627 669 2008 770 λαβοῦσαι
2062 667 2147 745 δὲ
2194 663 2393 746 ὄῖλλο
2447 701 2521 746 τι
2566 677 3028 773 κομίζουσιν

284 803 966 900 ἐγκεκαλυμμένον.
1043 801 1200 872 Καὶ
1253 792 1386 884 τοὶς
1433 799 1582 894 μὲν
1637 791 1966 889 ἀφιᾶσιν
2004 789 2144 888 ἤδη
2180 793 2271 873 ‘to'
2310 797 2724 889 ἐντεῦθεν,
2782 805 3027 900 ἑτέρας

285 921 350 998 δὲ
389 931 462 1010 ἐς
498 922 638 1015 τὴν
673 919 1112 1024 ἀκρόπολιν
1149 929 1581 1024 παρθένους
1619 915 1950 1026 ἄγουσιν
1986 919 2157 999 ἀντ’
2196 918 2479 1004 αὐτῶν.

1920 1053 2397 1148 (Pausanias,
2438 1055 2495 1148 I,
2537 1052 2661 1150 27,
2703 1055 2815 1148 3.)

1566 1159 1742 1234 525.

489 1305 838 1404 Virgines
895 1304 1084 1380 duae
1123 1330 1274 1380 non
1310 1304 1536 1404 longe
1574 1330 1621 1379 a
1658 1301 2007 1380 Poliados
2062 1305 2343 1406 templo
2399 1303 2775 1400 habitant,
2834 1331 3023 1405 quae

279 1429 658 1508 Cistiferae
697 1441 1076 1538 vocantur.
1151 1431 1316 1507 Hae
1372 1439 1654 1506 certum
1710 1439 2004 1530 tempus
2060 1429 2259 1532 apud
2311 1429 2529 1504 deam
2566 1457 3023 1508 commoran-

279 1569 426 1653 tur;
479 1555 749 1633 deinde
787 1556 914 1632 ubi
953 1555 1182 1631 festus
1221 1559 1378 1650 ejus
1415 1555 1570 1630 dies
1611 1553 1951 1644 advenit,
1990 1581 2123 1655 per
2158 1567 2453 1632 noctem
2490 1555 2674 1632 haec
2711 1555 3023 1632 faciunt:

278 1682 512 1781 capite
549 1681 856 1775 tollunt,
913 1707 1102 1782 quae
1154 1681 1320 1757 illas
1357 1679 1740 1756 Minervae
1791 1679 2135 1766 sacexdos
2178 1680 2371 1755 ferre
2406 1681 2738 1780 jusserit,
2795 1709 3023 1782 quum

279 1831 510 1904 neque
565 1806 770 1906 ipsa,
847 1804 1024 1906 quid
1081 1805 1470 1882 ferendum
1526 1805 1692 1901 det,
1757 1831 1997 1906 neque
2054 1805 2423 1904 virgineS‚
2506 1806 2681 1906 quid
2738 1805 3022 1901 ferant,

277 1931 524 2006 sciant.
601 1932 737 2007 Est
771 1943 1020 2007 autem
1054 1931 1132 2004 in
1170 1931 1354 2006 urbe
1393 1941 1693 2031 septum
1745 1929 2123 2032 quoddam
2145 1987 2164 2024 ‚
2220 1955 2373 2005 non
2430 1930 2651 2028 longe
2688 1958 2735 2007 a
2773 1931 3021 2008 Vene-

277 2055 366 2130 ris
387 2112 406 2149 ‚
444 2079 638 2157 quae
675 2057 754 2132 in
789 2045 1047 2132 Hortis
1084 2055 1384 2150 dicitur,
1423 2065 1498 2130 et
1534 2079 1671 2156 per
1703 2037 1907 2132 idem
1938 2056 2019 2130 in
2056 2056 2392 2130 nativam
2428 2079 2733 2154 specum
2769 2082 3023 2154 quam-

275 2179 440 2255 dam
475 2179 910 2256 descensus:
965 2179 1069 2254 ibi
1107 2179 1648 2256 descendentes
1685 2179 2017 2280 virgines
2052 2180 2223 2254 illae
2262 2205 2447 2255 onus
2488 2179 2908 2280 deponunt,
2950 2191 3025 2255 et

275 2331 402 2404 pro
461 2331 551 2380 eo
609 2306 810 2414 aliud
865 2306 1046 2380 item
1101 2304 1424 2381 velatum
1485 2303 1790 2380 tollunt:
1847 2317 1924 2381 et
1983 2305 2117 2380 has
2174 2304 2473 2406 quidem
2526 2305 2604 2379 in
2641 2317 3023 2405 posterum

275 2429 528 2506 missas
571 2431 894 2528 faciunt3
951 2430 1082 2505 sed
1120 2459 1260 2531 pro
1295 2432 1440 2508 illis
1477 2431 1790 2508 totidem
1825 2431 2008 2506 alias
2046 2431 2125 2504 in
2163 2455 2407 2505 arcem
2444 2429 2843 2505 adducunt.

1563 2591 1738 2666 526.

479 2729 836 2806 Διπόλεια
912 2727 1176 2830 ἑορτή,
1263 2737 1348 2806 ἐν
1412 2719 1460 2827 ᾗ
1519 2735 1801 2806 Πολιεῖ
1854 2733 1991 2806 Διῒ
2042 2727 2324 2805 θύουσι
2384 2732 3021 2832 Σκιροφοριῶνος

272 2852 578 2955 τετάρτῃ
614 2862 735 2933 ἐπὶ
774 2854 978 2936 δέκα.
1498 2859 1790 2957 (Schol.
1830 2860 1911 2935 in
1948 2859 2334 2975 Aristoph5
2366 2859 2539 2938 Pac.
2583 2863 2806 2956 419.)

1562 3022 1736 3097 526.

476 3164 806 3267 Diipolia
839 3161 1147 3259 festum,
1203 3162 1284 3238 in
1339 3187 1485 3264 quo
1543 3160 1722 3237 Jovi
1777 3162 1983 3237 urbis
2018 3165 2379 3240 servatori
2421 3167 2609 3241 fiunt
2644 3190 2852 3242 sacra
2889 3166 3015 3242 de-

271 3288 456 3365 cimo
500 3302 762 3388 quarto
801 3289 919 3364 die
957 3286 1227 3364 mensis
1266 3286 1885 3396 ScirophorioniS.

479 3588 886 3685 Βουφὸνια
926 3588 1140 3690 ἑορτὴ
1168 3649 1187 3680 ,
1247 3584 1294 3683 ἢ
1330 3585 1594 3695 ἄγεται
1635 3587 1828 3690 μετὰ
1868 3588 1965 3665 τά
1997 3588 2369 3689 μυστήρια
2392 3604 2437 3681 ,’
2474 3586 2601 3667 ὅτε
2636 3596 2775 3667 καὶ
2812 3594 3021 3692 βοῦν

275 3713 608 3793 θύουσιν
626 3720 732 3803 εἰς
767 3708 1200 3816 ὑπόμνησιν
1234 3717 1376 3793 τοῦ
1416 3715 1714 3817 πρώτου
1760 3722 2282 3811 φονευθέντος
2317 3712 2504 3815 βοὸς
2541 3724 2629 3792 ἐν
2664 3715 3013 3817 ἀκροπό-

271 3849 368 3918 λει
395 3902 414 3933 ,
477 3835 891 3943 ἁψαμένου
926 3842 1070 3918 τοῦ
1111 3842 1443 3919 πελάνου
1482 3850 1567 3918 ἐν
1603 3842 1691 3939 τῇ
1733 3842 1953 3941 ἑορτῇ
1994 3842 2151 3919 τῶν
2190 3846 2624 3918 Διιπολὶων.

1489 3970 1776 4063 (Schol.
1813 3971 1893 4045 in
1930 3970 2309 4072 Aristoph.
2350 3969 2545 4046 Nub.
2586 3970 2803 4064 985.)

1555 4133 1732 4207 527.

477 4278 715 4353 Boum
767 4276 1235 4355 mactationis
1275 4276 1546 4353 festum
1581 4274 2003 4353 celebratur
2039 4282 2209 4375 post
2246 4276 2635 4376 mysteria,
2695 4301 2841 4375 quo
2878 4274 3013 4351 bos

269 4403 684 4480 immolatur
717 4403 794 4479 in
831 4404 1260 4479 memoriam
1297 4402 1515 4502 primi
1549 4402 1764 4478 bovis
1799 4404 1880 4477 in
1918 4428 2087 4478 arce
2128 4402 2371 4496 occisi,
2429 4402 2553 4500 qui
2591 4400 3011 4501 placentam

273 4528 756 4606 devoraverat
793 4529 984 4606 festo
1020 4529 1532 4629 Diipoliorum.

1556 4672 1733 4748 528.

483 4811 640 4887 Τοῦ
661 4808 842 4900 Διὸς
859 4811 998 4887 τοῦ
1022 4816 1361 4899 Πολιέως
1398 4806 1684 4910 κριθάς
1719 4812 2187 4897 καταθέντες
2224 4814 2345 4885 ἐπὶ
2383 4806 2525 4887 τὸν
2557 4806 2829 4911 βωμὸν
2860 4838 3007 4907 με-

269 4942 618 5041 μιγνένας
655 4948 920 5039 πυροῖς
957 4934 1332 5035 οὐδεμίαν
1370 4938 1646 5032 ἔχουσι·
1673 4932 2078 5030 φυλακὴν·
2139 4928 2181 5011 ὃ
2222 4936 2415 5035 βοῦς
2452 4934 2529 5011 δὲ
2552 4993 2573 5024 ,
2632 4929 2729 5011 ὃν
2764 4940 2836 5020 ἐς
2871 4930 3013 5024 τήν

282 5067 557 5139 θυσίαν
595 5061 1124 5170 ἑτοιμάσαντες
1160 5060 1678 5158 φυλάττουσιν
1698 5118 1719 5151 ,
1779 5057 2094 5135 ἅπτεται
2151 5061 2307 5138 τῶν
2342 5059 2787 5161 σπερμάτων
2822 5088 3007 5153 φοι-

277 5186 420 5264 τῶν
458 5194 575 5265 ἐπὶ
609 5189 756 5267 τόν
790 5186 1059 5289 βωμόν
1085 5212 1102 5233 ·
1155 5193 1291 5263 καὶ
1331 5179 1375 5264 ὃ
1415 5186 1570 5263 τῶν
1607 5190 1860 5286 ἱερέων
1904 5184 2300 5285 βουφόνος
2335 5183 2577 5281 ταύτῃ
2612 5181 2755 5259 τὸν
2792 5189 3007 5261 πέλε-
