<?xml version="1.0" encoding="UTF-8"?>
<!DOCTYPE html PUBLIC "-//W3C//DTD XHTML 1.0 Transitional//EN"
    "http://www.w3.org/TR/xhtml1/DTD/xhtml1-transitional.dtd">
<html xmlns="http://www.w3.org/1999/xhtml" xml:lang="en" lang="en">
 <head>
  <title>
</title>
<meta http-equiv="Content-Type" content="text/html;charset=utf-8" />
  <meta name='ocr-system' content='tesseract 3.04.00' />
  <meta name='ocr-capabilities' content='ocr_page ocr_carea ocr_par ocr_line ocrx_word'/>
</head>
<body>
  <div class='ocr_page' id='page_1' title='image "./synaggtnattiknn01tlgoog_0340.png"; bbox 0 0 3725 5850; ppageno 0'>
   <div class='ocr_carea' id='block_1_1' title="bbox 687 427 2356 504">
    <p class='ocr_par' dir='ltr' id='par_1_1' title="bbox 687 427 2356 504">
     <span class='ocr_line' id='line_1_1' title="bbox 687 427 2356 504; baseline 0 -2"><span class='ocrx_word' id='word_1_1' title='bbox 687 427 845 504; x_wconf 81' lang='grc'><strong>314</strong></span> <span class='ocrx_word' id='word_1_2' title='bbox 1775 427 1899 500; x_wconf 79' lang='lat' dir='ltr'><strong>J&#39;us</strong></span> <span class='ocrx_word' id='word_1_3' title='bbox 1936 447 2356 502; x_wconf 68' lang='lat' dir='ltr'><strong>nmmo-nm·</strong></span> 
     </span>
    </p>
   </div>
   <div class='ocr_carea' id='block_1_2' title="bbox 682 639 3435 871">
    <p class='ocr_par' dir='ltr' id='par_1_2' title="bbox 682 639 3435 871">
     <span class='ocr_line' id='line_1_2' title="bbox 684 639 3435 743; baseline 0 -27"><span class='ocrx_word' id='word_1_4' title='bbox 684 642 856 717; x_wconf 91' lang='lat' dir='ltr'><strong>dem</strong></span> <span class='ocrx_word' id='word_1_5' title='bbox 892 665 1186 743; x_wconf 82' lang='lat' dir='ltr'><strong>semper</strong></span> <span class='ocrx_word' id='word_1_6' title='bbox 1223 640 1444 717; x_wconf 87' lang='lat' dir='ltr'><strong>etiam</strong></span> <span class='ocrx_word' id='word_1_7' title='bbox 1479 640 1760 740; x_wconf 86' lang='lat' dir='ltr'><strong>templa</strong></span> <span class='ocrx_word' id='word_1_8' title='bbox 1796 641 1983 734; x_wconf 90' lang='lat' dir='ltr'><strong>sint,</strong></span> <span class='ocrx_word' id='word_1_9' title='bbox 2042 639 2131 715; x_wconf 90' lang='lat' dir='ltr'><strong>iis</strong></span> <span class='ocrx_word' id='word_1_10' title='bbox 2189 642 2627 719; x_wconf 78' lang='lat' dir='ltr'><strong>ceremoniis</strong></span> <span class='ocrx_word' id='word_1_11' title='bbox 2684 643 2923 738; x_wconf 86' lang='lat' dir='ltr'><strong>culta,</strong></span> <span class='ocrx_word' id='word_1_12' title='bbox 2984 642 3255 741; x_wconf 88' lang='lat' dir='ltr'><strong>quibus</strong></span> <span class='ocrx_word' id='word_1_13' title='bbox 3292 644 3435 719; x_wconf 90' lang='lat' dir='ltr'><strong>coli</strong></span> 
     </span>
     <span class='ocr_line' id='line_1_3' title="bbox 682 763 2923 871; baseline -0.001 -26"><span class='ocrx_word' id='word_1_14' title='bbox 682 769 972 869; x_wconf 86' lang='lat' dir='ltr'><strong>possint</strong></span> <span class='ocrx_word' id='word_1_15' title='bbox 1007 777 1307 869; x_wconf 83' lang='lat' dir='ltr'><strong>praeter</strong></span> <span class='ocrx_word' id='word_1_16' title='bbox 1346 789 1511 860; x_wconf 85' lang='lat' dir='ltr'><strong>eas,</strong></span> <span class='ocrx_word' id='word_1_17' title='bbox 1571 789 1758 865; x_wconf 85' lang='lat' dir='ltr'><strong>quae</strong></span> <span class='ocrx_word' id='word_1_18' title='bbox 1795 763 2125 840; x_wconf 86' lang='lat' dir='ltr'><strong>moribus</strong></span> <span class='ocrx_word' id='word_1_19' title='bbox 2152 766 2313 866; x_wconf 87' lang='lat' dir='ltr'><strong>jam</strong></span> <span class='ocrx_word' id='word_1_20' title='bbox 2352 778 2525 844; x_wconf 84' lang='lat' dir='ltr'><strong>sunt</strong></span> <span class='ocrx_word' id='word_1_21' title='bbox 2560 779 2923 871; x_wconf 79' lang='lat' dir='ltr'><strong>receptae.</strong></span> 
     </span>
    </p>
   </div>
   <div class='ocr_carea' id='block_1_3' title="bbox 670 928 3439 1516">
    <p class='ocr_par' dir='ltr' id='par_1_3' title="bbox 670 928 3439 1516">
     <span class='ocr_line' id='line_1_4' title="bbox 1943 928 2169 1003; baseline 0.009 -2"><span class='ocrx_word' id='word_1_22' title='bbox 1943 928 2169 1003; x_wconf 90' lang='grc'><strong>1234.</strong></span> 
     </span>
     <span class='ocr_line' id='line_1_5' title="bbox 901 1044 3439 1150; baseline -0 -25"><span class='ocrx_word' id='word_1_23' title='bbox 901 1048 1102 1137; x_wconf 80' lang='grc' dir='ltr'><strong>Τούς</strong></span> <span class='ocrx_word' id='word_1_24' title='bbox 1139 1047 1473 1138; x_wconf 79' lang='grc' dir='ltr'><strong><em>σπονδὰς</em></strong></span> <span class='ocrx_word' id='word_1_25' title='bbox 1511 1055 2016 1148; x_wconf 78' lang='grc' dir='ltr'><strong><em>ποιουμένους</em></strong></span> <span class='ocrx_word' id='word_1_26' title='bbox 2054 1044 2410 1148; x_wconf 81' lang='grc' dir='ltr'><strong>ὀμνύναι.</strong></span> <span class='ocrx_word' id='word_1_27' title='bbox 2473 1045 2938 1150; x_wconf 74' lang='grc' dir='ltr'><strong><em>Ὀμνύντων</em></strong></span> <span class='ocrx_word' id='word_1_28' title='bbox 2978 1049 3057 1128; x_wconf 81' lang='grc' dir='ltr'><strong>δὲ</strong></span> <span class='ocrx_word' id='word_1_29' title='bbox 3092 1050 3237 1127; x_wconf 80' lang='grc' dir='ltr'><strong>τὸν</strong></span> <span class='ocrx_word' id='word_1_30' title='bbox 3272 1057 3439 1127; x_wconf 77' lang='grc' dir='ltr'><strong><em>ἐπι-</em></strong></span> 
     </span>
     <span class='ocr_line' id='line_1_6' title="bbox 670 1170 3435 1279; baseline -0 -29"><span class='ocrx_word' id='word_1_31' title='bbox 670 1175 964 1277; x_wconf 82' lang='grc' dir='ltr'><strong><em>χώριον</em></strong></span> <span class='ocrx_word' id='word_1_32' title='bbox 1002 1171 1247 1276; x_wconf 81' lang='grc' dir='ltr'><strong><em>ὅρκον</em></strong></span> <span class='ocrx_word' id='word_1_33' title='bbox 1286 1174 1636 1276; x_wconf 76' lang='grc' dir='ltr'><strong><em>ἑκάτεροι</em></strong></span> <span class='ocrx_word' id='word_1_34' title='bbox 1672 1171 1814 1250; x_wconf 85' lang='grc' dir='ltr'><strong>τὸν</strong></span> <span class='ocrx_word' id='word_1_35' title='bbox 1841 1181 2212 1279; x_wconf 77' lang='grc' dir='ltr'><strong><em>μέγιστον</em></strong></span> <span class='ocrx_word' id='word_1_36' title='bbox 2248 1183 2325 1268; x_wconf 74' lang='grc' dir='ltr'><strong>ἐξ</strong></span> <span class='ocrx_word' id='word_1_37' title='bbox 2364 1174 2681 1269; x_wconf 76' lang='grc' dir='ltr'><strong><em>ἑκάστης</em></strong></span> <span class='ocrx_word' id='word_1_38' title='bbox 2718 1175 3018 1264; x_wconf 82' lang='grc' dir='ltr'><strong><em>πόλεως.</em></strong></span> <span class='ocrx_word' id='word_1_39' title='bbox 3066 1170 3169 1254; x_wconf 78' lang='lat' dir='ltr'><strong>‘O</strong></span> <span class='ocrx_word' id='word_1_40' title='bbox 3206 1175 3275 1250; x_wconf 88' lang='grc' dir='ltr'><strong>δ’</strong></span> <span class='ocrx_word' id='word_1_41' title='bbox 3298 1171 3435 1273; x_wconf 82' lang='grc' dir='ltr'><strong>ὅρ-</strong></span> 
     </span>
     <span class='ocr_line' id='line_1_7' title="bbox 678 1297 3434 1407; baseline 0 -32"><span class='ocrx_word' id='word_1_42' title='bbox 678 1332 820 1389; x_wconf 81' lang='grc' dir='ltr'><strong>κος</strong></span> <span class='ocrx_word' id='word_1_43' title='bbox 895 1305 1081 1407; x_wconf 71' lang='grc' dir='ltr'><strong><em>ἔοτω</em></strong></span> <span class='ocrx_word' id='word_1_44' title='bbox 1156 1297 1286 1377; x_wconf 80' lang='grc' dir='ltr'><strong>ὅδε</strong></span> <span class='ocrx_word' id='word_1_45' title='bbox 1321 1329 1336 1344; x_wconf 92' lang='grc'><em>·</em></span> <span class='ocrx_word' id='word_1_46' title='bbox 1428 1299 1881 1400; x_wconf 52' lang='lat' dir='ltr'><strong>„superes-‘3</strong></span> <span class='ocrx_word' id='word_1_47' title='bbox 1972 1311 2191 1387; x_wconf 86' lang='grc' dir='ltr'><strong><em>ταῖς</em></strong></span> <span class='ocrx_word' id='word_1_48' title='bbox 2282 1300 2859 1394; x_wconf 76' lang='grc' dir='ltr'><strong><em>ξυνθήκαις</em></strong></span> <span class='ocrx_word' id='word_1_49' title='bbox 2950 1307 3123 1378; x_wconf 79' lang='grc' dir='ltr'><strong>καὶ</strong></span> <span class='ocrx_word' id='word_1_50' title='bbox 3213 1313 3434 1387; x_wconf 86' lang='grc' dir='ltr'><strong><em>ταῖς</em></strong></span> 
     </span>
     <span class='ocr_line' id='line_1_8' title="bbox 681 1423 2777 1516; baseline 0.002 -14"><span class='ocrx_word' id='word_1_51' title='bbox 681 1426 1172 1515; x_wconf 79' lang='grc' dir='ltr'><strong><em>σπονδαῖς</em></strong></span> <span class='ocrx_word' id='word_1_52' title='bbox 1228 1425 1561 1512; x_wconf 83' lang='grc' dir='ltr'><strong><em>ταῖςδε</em></strong></span> <span class='ocrx_word' id='word_1_53' title='bbox 1620 1423 2040 1511; x_wconf 81' lang='grc' dir='ltr'><strong><em>δικαίως</em></strong></span> <span class='ocrx_word' id='word_1_54' title='bbox 2097 1432 2269 1502; x_wconf 76' lang='grc' dir='ltr'><strong>καὶ</strong></span> <span class='ocrx_word' id='word_1_55' title='bbox 2330 1423 2777 1516; x_wconf 72' lang='grc' dir='ltr'><strong>ἇδόλως.“</strong></span> 
     </span>
    </p>
   </div>
   <div class='ocr_carea' id='block_1_4' title="bbox 1953 1556 3223 1738">
    <p class='ocr_par' dir='ltr' id='par_1_4' title="bbox 1953 1556 3223 1738">
     <span class='ocr_line' id='line_1_9' title="bbox 2504 1556 3223 1658; baseline 0.003 -26"><span class='ocrx_word' id='word_1_56' title='bbox 2504 1556 2881 1658; x_wconf 84' lang='lat' dir='ltr'><strong>(Thucyd.</strong></span> <span class='ocrx_word' id='word_1_57' title='bbox 2922 1556 3014 1652; x_wconf 89' lang='lat' dir='ltr'><strong>V,</strong></span> <span class='ocrx_word' id='word_1_58' title='bbox 3061 1557 3223 1650; x_wconf 84' lang='lat'><strong>18.)</strong></span> 
     </span>
     <span class='ocr_line' id='line_1_10' title="bbox 1953 1662 2178 1738; baseline 0.009 -2"><span class='ocrx_word' id='word_1_59' title='bbox 1953 1662 2178 1738; x_wconf 87' lang='lat'><strong>1234.</strong></span> 
     </span>
    </p>
   </div>
   <div class='ocr_carea' id='block_1_5' title="bbox 664 1787 3442 2392">
    <p class='ocr_par' dir='ltr' id='par_1_5' title="bbox 664 1787 3442 2392">
     <span class='ocr_line' id='line_1_11' title="bbox 894 1787 3439 1891; baseline -0.001 -26"><span class='ocrx_word' id='word_1_60' title='bbox 894 1791 1038 1884; x_wconf 82' lang='lat' dir='ltr'><strong>Qui</strong></span> <span class='ocrx_word' id='word_1_61' title='bbox 1076 1815 1334 1891; x_wconf 84' lang='lat' dir='ltr'><strong>pacem</strong></span> <span class='ocrx_word' id='word_1_62' title='bbox 1384 1789 1702 1883; x_wconf 84' lang='lat' dir='ltr'><strong>faciunt,</strong></span> <span class='ocrx_word' id='word_1_63' title='bbox 1750 1788 2237 1888; x_wconf 84' lang='lat' dir='ltr'><strong>jurejurando</strong></span> <span class='ocrx_word' id='word_1_64' title='bbox 2296 1815 2462 1866; x_wconf 87' lang='lat' dir='ltr'><strong>eam</strong></span> <span class='ocrx_word' id='word_1_65' title='bbox 2518 1801 2756 1867; x_wconf 87' lang='lat' dir='ltr'><strong>ratam</strong></span> <span class='ocrx_word' id='word_1_66' title='bbox 2814 1790 3158 1866; x_wconf 85' lang='lat' dir='ltr'><strong>habeant.</strong></span> <span class='ocrx_word' id='word_1_67' title='bbox 3234 1787 3439 1863; x_wconf 85' lang='lat' dir='ltr'><strong>Utri-</strong></span> 
     </span>
     <span class='ocr_line' id='line_1_12' title="bbox 679 1913 3439 2017; baseline -0.002 -25"><span class='ocrx_word' id='word_1_68' title='bbox 679 1942 820 2017; x_wconf 90' lang='lat' dir='ltr'><strong>que</strong></span> <span class='ocrx_word' id='word_1_69' title='bbox 873 1929 1120 1992; x_wconf 81' lang='lat' dir='ltr'><strong>autem</strong></span> <span class='ocrx_word' id='word_1_70' title='bbox 1164 1913 1688 2014; x_wconf 86' lang='lat' dir='ltr'><strong>jusjurandum</strong></span> <span class='ocrx_word' id='word_1_71' title='bbox 1745 1939 1950 1988; x_wconf 88' lang='lat' dir='ltr'><strong>more</strong></span> <span class='ocrx_word' id='word_1_72' title='bbox 2007 1914 2250 2016; x_wconf 83' lang='lat' dir='ltr'><strong>patrio</strong></span> <span class='ocrx_word' id='word_1_73' title='bbox 2288 1926 2711 2017; x_wconf 89' lang='lat' dir='ltr'><strong>receptum,</strong></span> <span class='ocrx_word' id='word_1_74' title='bbox 2771 1915 2969 2016; x_wconf 88' lang='lat' dir='ltr'><strong>quod</strong></span> <span class='ocrx_word' id='word_1_75' title='bbox 3006 1917 3083 1988; x_wconf 93' lang='lat' dir='ltr'><strong>in</strong></span> <span class='ocrx_word' id='word_1_76' title='bbox 3122 1923 3439 2012; x_wconf 87' lang='lat' dir='ltr'><strong>utraque</strong></span> 
     </span>
     <span class='ocr_line' id='line_1_13' title="bbox 679 2037 3442 2140; baseline -0.001 -24"><span class='ocrx_word' id='word_1_77' title='bbox 679 2042 976 2116; x_wconf 86' lang='lat' dir='ltr'><strong>civitate</strong></span> <span class='ocrx_word' id='word_1_78' title='bbox 1034 2039 1442 2116; x_wconf 87' lang='lat' dir='ltr'><strong>maximum</strong></span> <span class='ocrx_word' id='word_1_79' title='bbox 1494 2038 1848 2132; x_wconf 86' lang='lat' dir='ltr'><strong>habetur,</strong></span> <span class='ocrx_word' id='word_1_80' title='bbox 1894 2040 2171 2138; x_wconf 87' lang='lat' dir='ltr'><strong>jurent.</strong></span> <span class='ocrx_word' id='word_1_81' title='bbox 2250 2040 2793 2140; x_wconf 80' lang='lat' dir='ltr'><strong>Jusjurandum</strong></span> <span class='ocrx_word' id='word_1_82' title='bbox 2842 2051 3093 2116; x_wconf 90' lang='lat' dir='ltr'><strong>autem</strong></span> <span class='ocrx_word' id='word_1_83' title='bbox 3137 2040 3215 2114; x_wconf 90' lang='lat' dir='ltr'><strong>in</strong></span> <span class='ocrx_word' id='word_1_84' title='bbox 3248 2037 3442 2112; x_wconf 88' lang='lat' dir='ltr'><strong>haec</strong></span> 
     </span>
     <span class='ocr_line' id='line_1_14' title="bbox 678 2160 3441 2265; baseline -0.001 -26"><span class='ocrx_word' id='word_1_85' title='bbox 678 2166 1265 2265; x_wconf 84' lang='lat' dir='ltr'><strong>verbajuretur:</strong></span> <span class='ocrx_word' id='word_1_86' title='bbox 1328 2161 1679 2260; x_wconf 84' lang='lat' dir='ltr'><strong>„Stabo</strong></span> <span class='ocrx_word' id='word_1_87' title='bbox 1734 2160 1883 2238; x_wconf 81' lang='lat' dir='ltr'><strong>his</strong></span> <span class='ocrx_word' id='word_1_88' title='bbox 1940 2163 2269 2263; x_wconf 87' lang='lat' dir='ltr'><strong>pactis</strong></span> <span class='ocrx_word' id='word_1_89' title='bbox 2319 2176 2609 2264; x_wconf 84' lang='lat' dir='ltr'><strong>atque</strong></span> <span class='ocrx_word' id='word_1_90' title='bbox 2662 2164 2811 2240; x_wconf 91' lang='lat' dir='ltr'><strong>his</strong></span> <span class='ocrx_word' id='word_1_91' title='bbox 2850 2163 3441 2242; x_wconf 85' lang='lat' dir='ltr'><strong>foederibus</strong></span> 
     </span>
     <span class='ocr_line' id='line_1_15' title="bbox 664 2288 1714 2392; baseline -0.003 -26"><span class='ocrx_word' id='word_1_92' title='bbox 664 2292 944 2390; x_wconf 87' lang='lat' dir='ltr'><strong>juste</strong></span> <span class='ocrx_word' id='word_1_93' title='bbox 1004 2301 1097 2366; x_wconf 89' lang='lat' dir='ltr'><strong>et</strong></span> <span class='ocrx_word' id='word_1_94' title='bbox 1151 2290 1361 2392; x_wconf 61' lang='lat' dir='ltr'><strong>sirie</strong></span> <span class='ocrx_word' id='word_1_95' title='bbox 1419 2288 1714 2365; x_wconf 88' lang='lat' dir='ltr'><strong>dolo“.</strong></span> 
     </span>
    </p>
   </div>
   <div class='ocr_carea' id='block_1_6' title="bbox 680 2397 3440 2885">
    <p class='ocr_par' dir='ltr' id='par_1_6' title="bbox 680 2397 3440 2885">
     <span class='ocr_line' id='line_1_16' title="bbox 1953 2397 2180 2471; baseline 0.004 -1"><span class='ocrx_word' id='word_1_96' title='bbox 1953 2397 2180 2471; x_wconf 83' lang='grc'><strong>1235.</strong></span> 
     </span>
     <span class='ocr_line' id='line_1_17' title="bbox 869 2511 3440 2622; baseline -0 -29"><span class='ocrx_word' id='word_1_97' title='bbox 869 2513 1040 2594; x_wconf 72' lang='grc' dir='ltr'><strong><em>’ἾῑῙν</em></strong></span> <span class='ocrx_word' id='word_1_98' title='bbox 1079 2517 1160 2594; x_wconf 78' lang='grc' dir='ltr'><strong>δέ</strong></span> <span class='ocrx_word' id='word_1_99' title='bbox 1191 2549 1260 2592; x_wconf 90' lang='grc' dir='ltr'><strong>τι</strong></span> <span class='ocrx_word' id='word_1_100' title='bbox 1304 2516 1682 2618; x_wconf 81' lang='grc' dir='ltr'><strong><em>διάφορον</em></strong></span> <span class='ocrx_word' id='word_1_101' title='bbox 1737 2511 1787 2614; x_wconf 84' lang='grc' dir='ltr'><em>ᾖ</em></span> <span class='ocrx_word' id='word_1_102' title='bbox 1843 2516 2027 2617; x_wconf 85' lang='grc' dir='ltr'><strong><em>πρὸς</em></strong></span> <span class='ocrx_word' id='word_1_103' title='bbox 2079 2516 2450 2611; x_wconf 82' lang='grc' dir='ltr'><strong><em>ἀλλήλους</em></strong></span> <span class='ocrx_word' id='word_1_104' title='bbox 2478 2579 2494 2610; x_wconf 86' lang='grc'><em>,</em></span> <span class='ocrx_word' id='word_1_105' title='bbox 2556 2517 2841 2622; x_wconf 79' lang='grc' dir='ltr'><strong><em>δικαίῳ</em></strong></span> <span class='ocrx_word' id='word_1_106' title='bbox 2882 2518 3260 2622; x_wconf 74' lang='grc' dir='ltr'><strong><em>χρήσθων</em></strong></span> <span class='ocrx_word' id='word_1_107' title='bbox 3300 2524 3440 2592; x_wconf 75' lang='grc' dir='ltr'><strong>καὶ</strong></span> 
     </span>
     <span class='ocr_line' id='line_1_18' title="bbox 680 2639 3221 2751; baseline 0.002 -32"><span class='ocrx_word' id='word_1_108' title='bbox 680 2641 983 2751; x_wconf 78' lang='grc' dir='ltr'><strong><em>ὅρκοις,</em></strong></span> <span class='ocrx_word' id='word_1_109' title='bbox 1027 2650 1235 2720; x_wconf 78' lang='grc' dir='ltr'><strong><em>,καθ’</em></strong></span> <span class='ocrx_word' id='word_1_110' title='bbox 1277 2639 1322 2719; x_wconf 84' lang='grc' dir='ltr'>ὅ</span> <span class='ocrx_word' id='word_1_111' title='bbox 1357 2676 1430 2718; x_wconf 87' lang='grc' dir='ltr'><strong>τι</strong></span> <span class='ocrx_word' id='word_1_112' title='bbox 1469 2639 1574 2718; x_wconf 69' lang='grc' dir='ltr'><strong>ἂν</strong></span> <span class='ocrx_word' id='word_1_113' title='bbox 1611 2643 2080 2735; x_wconf 75' lang='grc' dir='ltr'><strong><em>ξυνθῶνται.</em></strong></span> <span class='ocrx_word' id='word_1_114' title='bbox 2496 2649 2877 2749; x_wconf 81' lang='lat' dir='ltr'><strong>(Thucyd.</strong></span> <span class='ocrx_word' id='word_1_115' title='bbox 2917 2649 3010 2743; x_wconf 90' lang='lat' dir='ltr'><strong>V,</strong></span> <span class='ocrx_word' id='word_1_116' title='bbox 3056 2648 3221 2743; x_wconf 86' lang='lat'>18.)</span> 
     </span>
     <span class='ocr_line' id='line_1_19' title="bbox 1952 2809 2179 2885; baseline 0 -1"><span class='ocrx_word' id='word_1_117' title='bbox 1952 2809 2179 2885; x_wconf 84' lang='lat'><strong>1235.</strong></span> 
     </span>
    </p>
   </div>
   <div class='ocr_carea' id='block_1_7' title="bbox 677 2935 3440 3163">
    <p class='ocr_par' dir='ltr' id='par_1_7' title="bbox 677 2935 3440 3163">
     <span class='ocr_line' id='line_1_20' title="bbox 891 2935 3440 3038; baseline 0 -25"><span class='ocrx_word' id='word_1_118' title='bbox 891 2935 970 3013; x_wconf 86' lang='lat' dir='ltr'><strong>Si</strong></span> <span class='ocrx_word' id='word_1_119' title='bbox 1008 2962 1154 3036; x_wconf 86' lang='lat' dir='ltr'><strong>qua</strong></span> <span class='ocrx_word' id='word_1_120' title='bbox 1189 2962 1370 3013; x_wconf 86' lang='lat' dir='ltr'><strong>vero</strong></span> <span class='ocrx_word' id='word_1_121' title='bbox 1411 2936 1921 3014; x_wconf 86' lang='lat' dir='ltr'><strong>controversia</strong></span> <span class='ocrx_word' id='word_1_122' title='bbox 1954 2939 2150 3013; x_wconf 88' lang='lat' dir='ltr'><strong>inter</strong></span> <span class='ocrx_word' id='word_1_123' title='bbox 2186 2962 2313 3012; x_wconf 88' lang='lat' dir='ltr'><strong>eos</strong></span> <span class='ocrx_word' id='word_1_124' title='bbox 2352 2936 2671 3033; x_wconf 86' lang='lat' dir='ltr'><strong>oriatur,</strong></span> <span class='ocrx_word' id='word_1_125' title='bbox 2718 2938 2887 3037; x_wconf 88' lang='lat' dir='ltr'><strong>jure</strong></span> <span class='ocrx_word' id='word_1_126' title='bbox 2945 2949 3175 3038; x_wconf 79' lang='lat' dir='ltr'><strong>agant</strong></span> <span class='ocrx_word' id='word_1_127' title='bbox 3212 2950 3289 3013; x_wconf 89' lang='lat' dir='ltr'><strong>et</strong></span> <span class='ocrx_word' id='word_1_128' title='bbox 3317 2939 3440 3038; x_wconf 88' lang='lat' dir='ltr'><strong>ju-</strong></span> 
     </span>
     <span class='ocr_line' id='line_1_21' title="bbox 677 3061 2326 3163; baseline 0.001 -25"><span class='ocrx_word' id='word_1_129' title='bbox 677 3061 1112 3163; x_wconf 84' lang='lat' dir='ltr'><strong>rejurando,</strong></span> <span class='ocrx_word' id='word_1_130' title='bbox 1172 3074 1247 3138; x_wconf 90' lang='lat' dir='ltr'><strong>et</strong></span> <span class='ocrx_word' id='word_1_131' title='bbox 1281 3063 1708 3157; x_wconf 88' lang='lat' dir='ltr'><strong>conventis,</strong></span> <span class='ocrx_word' id='word_1_132' title='bbox 1767 3088 1957 3162; x_wconf 84' lang='lat' dir='ltr'><strong>quae</strong></span> <span class='ocrx_word' id='word_1_133' title='bbox 1995 3062 2326 3139; x_wconf 88' lang='lat' dir='ltr'><strong>fecerint.</strong></span> 
     </span>
    </p>
   </div>
   <div class='ocr_carea' id='block_1_8' title="bbox 676 3226 3442 3971">
    <p class='ocr_par' dir='ltr' id='par_1_8' title="bbox 676 3226 3442 3971">
     <span class='ocr_line' id='line_1_22' title="bbox 1949 3226 2177 3302; baseline 0.009 -2"><span class='ocrx_word' id='word_1_134' title='bbox 1949 3226 2177 3302; x_wconf 86' lang='lat'><strong>1236.</strong></span> 
     </span>
     <span class='ocr_line' id='line_1_23' title="bbox 897 3339 3437 3451; baseline 0 -29"><span class='ocrx_word' id='word_1_135' title='bbox 897 3343 1026 3437; x_wconf 81' lang='grc' dir='ltr'><strong>Μὴ</strong></span> <span class='ocrx_word' id='word_1_136' title='bbox 1086 3344 1544 3422; x_wconf 75' lang='grc' dir='ltr'><strong><em>σπένδεσθαι</em></strong></span> <span class='ocrx_word' id='word_1_137' title='bbox 1598 3344 2060 3447; x_wconf 79' lang='grc' dir='ltr'><strong><em>βαρβάροις,</em></strong></span> <span class='ocrx_word' id='word_1_138' title='bbox 2122 3358 2382 3448; x_wconf 84' lang='grc' dir='ltr'><strong><em>μισεῖν</em></strong></span> <span class='ocrx_word' id='word_1_139' title='bbox 2436 3345 2526 3423; x_wconf 87' lang='grc' dir='ltr'><strong>τὸ</strong></span> <span class='ocrx_word' id='word_1_140' title='bbox 2586 3354 2801 3451; x_wconf 79' lang='grc' dir='ltr'><strong><em>γένος</em></strong></span> <span class='ocrx_word' id='word_1_141' title='bbox 2858 3339 2958 3434; x_wconf 74' lang='grc' dir='ltr'><strong>ὦς</strong></span> <span class='ocrx_word' id='word_1_142' title='bbox 3019 3343 3437 3448; x_wconf 81' lang='grc' dir='ltr'><strong><em>ἀλιτήριον,</em></strong></span> 
     </span>
     <span class='ocr_line' id='line_1_24' title="bbox 676 3465 2803 3576; baseline 0.002 -29"><span class='ocrx_word' id='word_1_143' title='bbox 676 3468 1199 3547; x_wconf 79' lang='grc' dir='ltr'><strong><em>ἀδιάλλακτον</em></strong></span> <span class='ocrx_word' id='word_1_144' title='bbox 1236 3465 1588 3576; x_wconf 75' lang='grc' dir='ltr'><strong><em>ἡγεῖσθαι</em></strong></span> <span class='ocrx_word' id='word_1_145' title='bbox 1629 3469 1773 3548; x_wconf 84' lang='grc' dir='ltr'><strong>τὸν</strong></span> <span class='ocrx_word' id='word_1_146' title='bbox 1807 3470 1991 3572; x_wconf 81' lang='grc' dir='ltr'><strong><em>πρὸς</em></strong></span> <span class='ocrx_word' id='word_1_147' title='bbox 2030 3469 2406 3565; x_wconf 82' lang='grc' dir='ltr'><strong><em>ἀλλήλους</em></strong></span> <span class='ocrx_word' id='word_1_148' title='bbox 2444 3471 2803 3572; x_wconf 85' lang='grc' dir='ltr'><strong><em>πόλεμον.</em></strong></span> 
     </span>
     <span class='ocr_line' id='line_1_25' title="bbox 2230 3598 3218 3701; baseline -0.005 -21"><span class='ocrx_word' id='word_1_149' title='bbox 2230 3602 2581 3695; x_wconf 87' lang='lat' dir='ltr'><strong>(Himerii</strong></span> <span class='ocrx_word' id='word_1_150' title='bbox 2621 3603 2882 3701; x_wconf 82' lang='lat' dir='ltr'><strong>ecloga</strong></span> <span class='ocrx_word' id='word_1_151' title='bbox 2918 3601 3012 3697; x_wconf 92' lang='lat' dir='ltr'><strong>V,</strong></span> <span class='ocrx_word' id='word_1_152' title='bbox 3059 3598 3218 3692; x_wconf 87' lang='lat'><strong>11.)</strong></span> 
     </span>
     <span class='ocr_line' id='line_1_26' title="bbox 1950 3746 2175 3823; baseline 0.018 -4"><span class='ocrx_word' id='word_1_153' title='bbox 1950 3746 2175 3823; x_wconf 87' lang='grc'><strong>1236.</strong></span> 
     </span>
     <span class='ocr_line' id='line_1_27' title="bbox 889 3866 3442 3971; baseline -0.002 -24"><span class='ocrx_word' id='word_1_154' title='bbox 889 3870 962 3947; x_wconf 84' lang='grc' dir='ltr'>Ν</span> <span class='ocrx_word' id='word_1_155' title='bbox 965 3894 1004 3945; x_wconf 89' lang='lat' dir='ltr'><strong>e</strong></span> <span class='ocrx_word' id='word_1_156' title='bbox 1040 3866 1301 3945; x_wconf 87' lang='lat' dir='ltr'><strong>foedus</strong></span> <span class='ocrx_word' id='word_1_157' title='bbox 1338 3867 1632 3947; x_wconf 83' lang='lat' dir='ltr'><strong>ineatur</strong></span> <span class='ocrx_word' id='word_1_158' title='bbox 1670 3895 1840 3948; x_wconf 90' lang='lat' dir='ltr'><strong>cum</strong></span> <span class='ocrx_word' id='word_1_159' title='bbox 1874 3869 2254 3969; x_wconf 82' lang='lat' dir='ltr'><strong>barbaris3</strong></span> <span class='ocrx_word' id='word_1_160' title='bbox 2292 3870 2423 3948; x_wconf 87' lang='lat' dir='ltr'><strong>sed</strong></span> <span class='ocrx_word' id='word_1_161' title='bbox 2464 3869 2707 3947; x_wconf 85' lang='lat' dir='ltr'><strong>odisse</strong></span> <span class='ocrx_word' id='word_1_162' title='bbox 2747 3880 3046 3971; x_wconf 84' lang='lat' dir='ltr'><strong>oportet</strong></span> <span class='ocrx_word' id='word_1_163' title='bbox 3080 3870 3273 3947; x_wconf 84' lang='lat' dir='ltr'><strong>hanc</strong></span> <span class='ocrx_word' id='word_1_164' title='bbox 3309 3894 3442 3943; x_wconf 85' lang='lat' dir='ltr'><strong>na-</strong></span> 
     </span>
    </p>
   </div>
   <div class='ocr_carea' id='block_1_9' title="bbox 675 3996 3442 4202">
    <p class='ocr_par' dir='ltr' id='par_1_9' title="bbox 675 3996 3442 4202">
     <span class='ocr_line' id='line_1_28' title="bbox 675 3996 3442 4103; baseline -0.003 -26"><span class='ocrx_word' id='word_1_165' title='bbox 675 4001 994 4095; x_wconf 87' lang='lat' dir='ltr'><strong>tionem,</strong></span> <span class='ocrx_word' id='word_1_166' title='bbox 1073 4008 1453 4097; x_wconf 84' lang='lat' dir='ltr'><strong>tamquam</strong></span> <span class='ocrx_word' id='word_1_167' title='bbox 1507 4000 1986 4096; x_wconf 84' lang='lat' dir='ltr'><strong>sceleratam,</strong></span> <span class='ocrx_word' id='word_1_168' title='bbox 2064 4010 2551 4103; x_wconf 74' lang='lat' dir='ltr'><strong>mutuamque</strong></span> <span class='ocrx_word' id='word_1_169' title='bbox 2610 3999 2889 4077; x_wconf 90' lang='lat' dir='ltr'><strong>bellum</strong></span> <span class='ocrx_word' id='word_1_170' title='bbox 2944 3996 3442 4100; x_wconf 84' lang='lat' dir='ltr'><strong>implacabili-</strong></span> 
     </span>
     <span class='ocr_line' id='line_1_29' title="bbox 675 4126 1086 4202; baseline -0.005 0"><span class='ocrx_word' id='word_1_171' title='bbox 675 4138 790 4202; x_wconf 88' lang='lat' dir='ltr'><strong>ter</strong></span> <span class='ocrx_word' id='word_1_172' title='bbox 825 4126 1086 4202; x_wconf 85' lang='lat' dir='ltr'><strong>alatur.</strong></span> 
     </span>
    </p>
   </div>
   <div class='ocr_carea' id='block_1_10' title="bbox 1491 4334 2617 4585">
    <p class='ocr_par' dir='ltr' id='par_1_10' title="bbox 1491 4334 2617 4585">
     <span class='ocr_line' id='line_1_30' title="bbox 1841 4334 2270 4441; baseline 0.012 -29"><span class='ocrx_word' id='word_1_173' title='bbox 1841 4334 2270 4441; x_wconf 66' lang='grc' dir='ltr'><strong>Τμῆμαβ.</strong></span> 
     </span>
     <span class='ocr_line' id='line_1_31' title="bbox 1491 4482 2617 4585; baseline 0.003 -28"><span class='ocrx_word' id='word_1_174' title='bbox 1491 4482 2022 4584; x_wconf 80' lang='grc' dir='ltr'><strong><em>Εἰρήνης</em></strong></span> <span class='ocrx_word' id='word_1_175' title='bbox 2132 4482 2617 4585; x_wconf 85' lang='grc' dir='ltr'><strong><em>νόμιμα.</em></strong></span> 
     </span>
    </p>
   </div>
   <div class='ocr_carea' id='block_1_11' title="bbox 1903 4646 2148 4661">
    <p class='ocr_par' dir='ltr' id='par_1_11' title="bbox 1903 4646 2148 4661">
     <span class='ocr_line' id='line_1_32' title="bbox 1903 4646 2148 4661; baseline 0 1189"><span class='ocrx_word' id='word_1_176' title='bbox 1903 4646 2148 4661; x_wconf 95' lang='lat' dir='ltr'><strong> </strong></span> 
     </span>
    </p>
   </div>
   <div class='ocr_carea' id='block_1_12' title="bbox 2153 4646 2217 4659">
    <p class='ocr_par' dir='ltr' id='par_1_12' title="bbox 2153 4646 2217 4659">
     <span class='ocr_line' id='line_1_33' title="bbox 2153 4646 2217 4659; baseline 0 0"><span class='ocrx_word' id='word_1_177' title='bbox 2153 4646 2217 4659; x_wconf 56' lang='lat' dir='ltr'><strong>«tu-</strong></span> 
     </span>
    </p>
   </div>
   <div class='ocr_carea' id='block_1_13' title="bbox 1685 4740 2419 4982">
    <p class='ocr_par' dir='ltr' id='par_1_13' title="bbox 1685 4740 2419 4982">
     <span class='ocr_line' id='line_1_34' title="bbox 1866 4740 2244 4817; baseline -0.005 -2"><span class='ocrx_word' id='word_1_178' title='bbox 1866 4740 2112 4817; x_wconf 89' lang='lat' dir='ltr'><strong>Sectio</strong></span> <span class='ocrx_word' id='word_1_179' title='bbox 2175 4742 2244 4814; x_wconf 83' lang='lat'><strong>2.</strong></span> 
     </span>
     <span class='ocr_line' id='line_1_35' title="bbox 1685 4882 2419 4982; baseline -0.007 -23"><span class='ocrx_word' id='word_1_180' title='bbox 1685 4882 2041 4959; x_wconf 84' lang='lat' dir='ltr'><strong>Pacis</strong></span> <span class='ocrx_word' id='word_1_181' title='bbox 2120 4884 2419 4982; x_wconf 88' lang='lat' dir='ltr'><strong>jura.</strong></span> 
     </span>
    </p>
   </div>
   <div class='ocr_carea' id='block_1_14' title="bbox 1943 5061 2165 5138">
    <p class='ocr_par' dir='ltr' id='par_1_14' title="bbox 1943 5061 2165 5138">
     <span class='ocr_line' id='line_1_36' title="bbox 1943 5061 2165 5138; baseline 0.005 -1"><span class='ocrx_word' id='word_1_182' title='bbox 1943 5061 2165 5138; x_wconf 83' lang='lat'><strong>1237.</strong></span> 
     </span>
    </p>
   </div>
   <div class='ocr_carea' id='block_1_15' title="bbox 877 5192 3437 5303">
    <p class='ocr_par' dir='ltr' id='par_1_15' title="bbox 877 5192 3437 5303">
     <span class='ocr_line' id='line_1_37' title="bbox 877 5192 3389 5231; baseline 0 -8"><span class='ocrx_word' id='word_1_183' title='bbox 877 5196 898 5223; x_wconf 74' lang='lat' dir='ltr'><strong>e</strong></span> <span class='ocrx_word' id='word_1_184' title='bbox 1139 5199 1158 5223; x_wconf 77' lang='grc' dir='ltr'><strong><em>ι</em></strong></span> <span class='ocrx_word' id='word_1_185' title='bbox 1486 5198 1501 5223; x_wconf 80' lang='grc' dir='ltr'><strong><em>ι</em></strong></span> <span class='ocrx_word' id='word_1_186' title='bbox 2342 5208 2375 5227; x_wconf 65' lang='lat' dir='ltr'><em>n</em></span> <span class='ocrx_word' id='word_1_187' title='bbox 2490 5206 2507 5231; x_wconf 59' lang='lat'>5</span> <span class='ocrx_word' id='word_1_188' title='bbox 2628 5194 2666 5221; x_wconf 71' lang='grc' dir='ltr'><em>Μ</em></span> <span class='ocrx_word' id='word_1_189' title='bbox 2940 5200 2956 5225; x_wconf 75' lang='lat' dir='ltr'><em>e</em></span> <span class='ocrx_word' id='word_1_190' title='bbox 3140 5196 3180 5225; x_wconf 63' lang='grc' dir='ltr'>Ἃ</span> <span class='ocrx_word' id='word_1_191' title='bbox 3366 5192 3389 5222; x_wconf 73' lang='lat' dir='ltr'><strong>e</strong></span> 
     </span>
     <span class='ocr_line' id='line_1_38' title="bbox 915 5198 3437 5303; baseline -0 -25"><span class='ocrx_word' id='word_1_192' title='bbox 915 5206 980 5278; x_wconf 88' lang='grc' dir='ltr'><strong><em>Ο</em></strong></span> <span class='ocrx_word' id='word_1_193' title='bbox 1016 5212 1372 5303; x_wconf 77' lang='grc' dir='ltr'><strong><em>προξενος</em></strong></span> <span class='ocrx_word' id='word_1_194' title='bbox 1411 5205 1617 5276; x_wconf 86' lang='grc' dir='ltr'><strong><em>πολει</em></strong></span> <span class='ocrx_word' id='word_1_195' title='bbox 1659 5198 1985 5300; x_wconf 79' lang='grc' dir='ltr'><strong><em>δημοσίᾳ</em></strong></span> <span class='ocrx_word' id='word_1_196' title='bbox 2026 5211 2368 5300; x_wconf 76' lang='grc' dir='ltr'><strong><em>προξενει</em></strong></span> <span class='ocrx_word' id='word_1_197' title='bbox 2388 5258 2411 5291; x_wconf 86' lang='grc'>,</span> <span class='ocrx_word' id='word_1_198' title='bbox 2472 5231 2556 5277; x_wconf 80' lang='grc' dir='ltr'><strong>εν</strong></span> <span class='ocrx_word' id='word_1_199' title='bbox 2612 5205 2807 5298; x_wconf 83' lang='grc' dir='ltr'><strong><em>αλλῃ</em></strong></span> <span class='ocrx_word' id='word_1_200' title='bbox 2862 5205 3077 5276; x_wconf 88' lang='grc' dir='ltr'><strong><em>πολει</em></strong></span> <span class='ocrx_word' id='word_1_201' title='bbox 3116 5228 3269 5290; x_wconf 84' lang='grc' dir='ltr'><strong>ων,</strong></span> <span class='ocrx_word' id='word_1_202' title='bbox 3332 5234 3437 5289; x_wconf 85' lang='grc' dir='ltr'><strong>ως</strong></span> 
     </span>
    </p>
   </div>
  </div>
 </body>
</html>
