3725 5850
991 497 1605 549 commem-Amos
1647 498 1755 547 An
1794 496 1921 551 633.
1960 496 2087 551 689.
2127 496 2256 552 690.
2291 496 2420 552 693.
2905 478 3060 552 505

288 688 611 787 aliquem
650 698 919 766 testem
954 688 1345 784 excitavit,
1404 687 1603 766 dicto
1642 688 2070 766 testimonio
2109 691 2555 768 sententiam
2593 714 2684 768 ea
2717 692 2796 767 in
2831 717 3057 769 causa

288 840 389 895 ne
425 816 641 894 ferto,

1462 918 1613 1001 Aa
1654 919 1885 1003 683.

507 1087 793 1189 Legem
828 1088 1214 1188 composui
1254 1114 1347 1165 ex
1383 1087 1498 1164 his
1538 1088 1853 1164 oratoris
1890 1088 2182 1165 verbis:
2221 1080 2317 1162 οὐ
2359 1081 2508 1191 γὰρ
2541 1084 2770 1163 ἐῶσιν
2807 1081 3060 1161 αὐτὸν

290 1212 367 1287 οἱ
424 1207 653 1309 νόμοι
699 1220 1157 1311 μαρτυρεῖν·
1218 1204 1345 1286 ὅτε
1388 1270 1403 1285 .
1450 1271 1464 1286 .
1506 1270 1525 1291 .
1568 1271 1583 1285 .
1624 1216 1709 1288 ἐν
1758 1210 1870 1312 τῷ
1927 1208 2391 1314 δικαστηρίῳ
2449 1206 2604 1304 ἥλω
2657 1216 2799 1287 καὶ
2855 1202 3058 1302 ἦτι-

282 1368 346 1435 μ
366 1332 427 1411 ὦ
450 1343 513 1412 θ
532 1368 593 1427 η.
654 1340 869 1433 (Non
908 1339 1109 1416 enim
1142 1340 1398 1416 sinunt
1432 1340 1645 1441 leges
1683 1364 1853 1416 eum
1889 1339 2397 1419 testimonium
2433 1340 2678 1419 dicere
2714 1396 2735 1417 .
2773 1399 2792 1418 .
2832 1398 2849 1417 .
2885 1340 3061 1442 quia

288 1466 367 1543 in
395 1465 677 1562 judicio
716 1465 1107 1543 damnatus
1142 1464 1706 1566 ignominiaque
1742 1475 2048 1543 notatus
2085 1468 2262 1560 est.)

1468 1676 1619 1759 Aa
1664 1676 1898 1761 080.

508 1838 759 1920 Schol.
796 1841 875 1919 in
914 1839 1258 1921 Aeschin.
1298 1840 1459 1919 fals.
1516 1843 1741 1943 legat.
1774 1840 1928 1919 ‘192
1971 1831 2096 1915 ‘H
2120 1838 2262 1916 τοῦ
2303 1836 2412 1939 μὴ
2452 1837 2828 1941 παρόντος
2853 1868 3063 1940 μαρ-

292 1966 519 2064 τυρία
555 1968 905 2041 καλεῖται
941 1966 1456 2066 ἑκμαρτυρία·
1511 1964 1668 2041 τῶν
1706 1960 2319 2066 ἀποδημούντων
2372 1962 2520 2071 γάρ
2580 1971 2721 2043 καὶ
2765 1965 2924 2043 τῶν
2948 1961 3060 2065 μὴ

294 2088 749 2189 δυναμένων
782 2096 1051 2169 ἐλθεῖν
1084 2095 1192 2178 εἰς
1228 2087 1319 2169 τὸ
1360 2087 1854 2189 δικαστήριον
1889 2096 2029 2167 καὶ
2063 2087 2201 2179 τάς
2236 2090 2395 2169 τῶν
2419 2086 3062 2184 τετελευτηκότων

282 2218 711 2317 μαρτυρίας
766 2223 860 2294 ἐκ
896 2220 1444 2322 γραμματείων
1500 2212 2081 2322 ἀνεγίνωσκον,
2140 2218 2234 2294 az·
2280 2218 2717 2296 ἐκαλοῦντο
2773 2222 3065 2316 ἐκμαρ-

290 2344 570 2442 τυρίαι.
668 2344 1083 2440 (Absentis
1140 2346 1645 2424 testimonium
1702 2356 2014 2425 vocatur
2067 2346 2527 2425 contestatio,
2601 2344 3066 2423 Testimonia

290 2471 492 2547 enim
529 2494 843 2573 peregre
880 2472 1544 2573 proficiscentium,
1582 2471 1703 2547 vel
1743 2497 1998 2550 coram
2022 2470 2402 2572 judicibus
2441 2496 2876 2573 comparere
2911 2494 3067 2545 non

287 2597 743 2693 valentium,
800 2599 924 2674 vel
977 2606 1440 2675 mortuorum
1496 2624 1537 2673 e
1594 2598 1886 2702 scriptis
1925 2598 2202 2675 tabulis
2236 2598 2773 2700 praelegebant
2795 2654 2814 2693 ,
2873 2620 3064 2697 quae

289 2724 879 2801 contestationes
917 2722 1439 2815 vocabantur.)

1473 2933 1894 3054 Aseoo.

514 3098 875 3201 Polybius
910 3101 1081 3193 XII,
1122 3101 1247 3196 27,
1293 3101 1331 3173 1
1362 3129 1379 3176 ε
1435 3094 1639 3172 κατὰ
1676 3094 1821 3173 τόν
1842 3090 2408 3197 ςΗράκλειτον·
2461 3093 2872 3196 ὀφθαλμοὶ
2911 3095 3066 3171 τῶν

298 3215 519 3298 ὤτων
574 3217 1095 3324 ἀκριβέστεροι
1143 3220 1540 3323 μάρτυρες.
1602 3223 2072 3320 (Secundum
2127 3223 2593 3303 Heraclitum
2647 3224 2842 3302 oculi
2896 3233 3072 3301 sunt

298 3362 525 3429 testes
564 3353 915 3430 certiores
954 3352 1321 3447 auribus.)

1473 3506 1625 3589 Aa
1666 3506 1901 3590 693.

1106 3674 1633 3774 Exemplar
1686 3675 2270 3753 testimonii.

512 3816 901 3895 Demosth.
940 3817 1018 3893 in
1057 3815 1384 3894 Midiam.
1427 3817 1626 3892 540·
1684 3817 2214 3904 Καλλισθένης
2251 3811 2683 3910 Σφήττιος,
2742 3809 3072 3918 Διόγνη-

301 3971 431 4028 τος
496 3941 897 4038 Θορίκιος,
952 3941 1406 4031 Μνησίθεος
1454 3934 2016 4028 Ἀλωπεκῆθεν
2071 3936 2399 4038 οἴδαμεν
2453 3943 2950 4038 Δημοσθένη,
3009 3927 3073 4040 ᾧ

296 4094 885 4168 μαρτυρουμεν,
924 4067 1187 4163 κρίσιν
1222 4062 1655 4168 λελογχότα
1690 4062 1993 4164 Μειδίᾳ
2035 4064 2386 4157 εξούλης,
2425 4065 2540 4164 τῶ
2573 4069 2713 4140 καὶ
2752 4065 2904 4144 νῦν
2941 4057 3074 4143 ὑπ’
3171 4135 3174 4137 Α

306 4189 554 4271 αὐτοῦ
594 4197 1029 4290 κρινομένῳ
1070 4188 1397 4291 δημοσίᾳ
1423 4247 1443 4279 ,
1498 4195 1639 4264 καὶ
1680 4183 1820 4281 η’δη
1856 4189 1948 4288 τῇ
1986 4195 2234 4290 κρίσει
2272 4194 2532 4288 ἐκείνῃ
2573 4187 3078 4296 διαγεγονότα

305 4322 433 4410 ἔτη
470 4314 721 4410 ὀκτώ,
782 4322 924 4392 καὶ
978 4315 1120 4393 τοῦ
1168 4313 1472 4414 χρόνου
1528 4323 2043 4420 γεγενημένον
2097 4313 2382 4406 παντὸς
2437 4317 2698 4394 αἴτιον
2733 4315 3082 4394 Μειδίαν

306 4442 422 4522 ἀεὶ
461 4441 1135 4544 προφασιζόμενον
1168 4449 1307 4520 καὶ
1346 4440 2014 4542 ἀναβαλλόμενον.
2093 4445 2632 4540 (Callisthenes
2669 4444 3076 4549 Sphettius,

304 4576 721 4673 Diognetus
757 4572 1185 4666 'ssim-icius,
1244 4571 1705 4649 Mnesitheus
1742 4569 2232 4672 Alopecensis
2253 4629 2271 4666 ‚
2331 4572 2604 4650 scimus
2639 4571 3080 4649 Demosthe-

308 4724 479 4774 nem
500 4757 519 4792 ,
570 4699 687 4776 cui
724 4697 1227 4776 testimonium
1265 4699 1579 4779 dicimus
1600 4755 1619 4794 ,
1675 4697 1876 4774 diem
1915 4699 2188 4777 dixisse
2225 4699 2330 4778 rei
2356 4698 2742 4801 judicatae
2779 4695 3075 4791 Midiae,

310 4826 433 4924 qui
472 4825 693 4902 etiam
728 4851 927 4902 nunc
962 4825 1057 4900 ab
1098 4849 1189 4900 eo
1226 4821 1529 4926 publico
1567 4825 1879 4903 crimine
1937 4837 2326 4902 accusatur
2349 4880 2367 4917 ‚
2425 4835 2498 4902 et
2540 4824 2702 4925 jam
2740 4847 2874 4925 per
2911 4831 3080 4898 octo

310 4975 543 5029 annos
581 4948 783 5026 illam
819 4950 1025 5027 litem
1064 4935 1425 5050 pendere,
1482 4975 1569 5027 ac
1624 4952 1851 5026 totius
1900 4951 2116 5052 hujus
2153 4974 2404 5027 morse
2442 4975 2740 5028 causam
2779 4945 3080 5024 Midiam

312 5077 637 5154 extitisse
659 5131 677 5168 ‚
736 5089 1031 5176 semper
1066 5077 1685 5175 tergiversantem
1723 5085 1799 5152 et
1832 5075 2569 5181 procrastinantem.)
