3725 5850
65 4187 71 4234 -
65 4139 68 4144 >
58 3269 81 4078 -ἡῄ--ή-ἠήὴ·

738 442 895 519 180
1832 462 1958 513 ms
1995 458 2270 511 rustic
2278 459 2414 511 ms.

732 660 1221 752 καλουμένην
1254 648 1728 753 παράστασιν
1747 708 1768 740 ,
1832 644 2372 754 ἐγγράψαντος
2409 643 2673 725 αὐτοῦ
2727 656 2814 727 ἐν
2869 648 3376 757 γραμματείῳ
3423 633 3514 715 τό

732 786 1077 886 ἔγκλημα
1114 785 1253 857 καὶ
1289 776 1381 856 τὸ
1411 782 1724 879 τίμημα.
1799 771 2312 875 Λαμβάνουσι
2353 772 2432 851 δὲ
2471 781 2610 851 καὶ
2657 780 2922 879 ἑτέραν
2953 770 3154 876 ὑπὲρ
3187 770 3316 865 τῆς
3359 763 3511 843 ἀν·-

729 910 1133 1005 τωμοσίας.
2023 1010 2168 1085 651
2463 904 2774 997 (Pollux
2812 908 3023 1006 VIII,
3067 906 3290 995 127.)

942 1143 1343 1245 Recipiunt
1395 1140 1651 1219 arbitri
1708 1140 1802 1216 ab
1850 1148 2100 1215 actore
2160 1134 2588 1215 drachmam
2609 1198 2628 1235 ,
2709 1168 2900 1243 quae
2958 1140 3315 1219 exhibitio
3379 1160 3511 1211 vo-

730 1281 977 1366 catur,
1032 1267 1482 1345 inscribente
1519 1265 1683 1368 ipso
1720 1267 1799 1341 in
1835 1262 2168 1340 tabulam
2210 1264 2492 1341 crimen
2529 1266 2774 1367 ipsum
2813 1280 2885 1345 et
2922 1267 3296 1380 mulctam.
3361 1260 3510 1340 Ac-

730 1396 1019 1497 cipiunt
1059 1404 1134 1470 et
1172 1392 1619 1479 drachmam
1645 1392 1871 1468 aliam
1907 1415 2045 1493 pro
2070 1388 2499 1490 juramento
2539 1392 2665 1469 rei.

2024 1551 2202 1626 652.

950 1672 1163 1779 Πρὸς
1198 1670 1383 1761 τούς
1426 1680 1902 1775 θεσμοθέτας
1941 1671 2401 1774 παράστασις
2439 1677 2742 1750 τίθεται
2781 1678 3030 1765 ξενίας
3065 1680 3204 1751 καὶ
3245 1672 3504 1774 δωρο-

731 1808 1027 1899 ξενίας,
1086 1796 1191 1878 ἄν
1228 1830 1341 1889 τις
1380 1796 1581 1903 δῶρα
1622 1797 1807 1887 δούς
1854 1796 2228 1903 ἀποφύγῃ
2282 1796 2424 1891 τὴν
2469 1804 2777 1890 ξενίαν,
2835 1806 2973 1875 καί
3013 1798 3504 1906 ψευδεγγρα-

730 1928 920 2027 φῆς,
981 1932 1119 2003 καὶ
1178 1923 1820 2029 ψευδοκλητείας,
1891 1931 2030 2001 καὶ
2083 1922 2597 2025 βουλεύσεως,
2661 1932 2799 2003 καὶ
2857 1922 3299 2032 ἀγραφίου,
3357 1929 3501 2001 καὶ

720 2058 1099 2155 μοιχείας.
2067 2052 2603 2155 (Harpocratio
2641 2056 2722 2131 in
2759 2050 3286 2155 παράστασις.)

2032 2197 2210 2274 652.

943 2324 1171 2428 Apud
1209 2322 1748 2401 thesmothetas
1789 2320 2149 2401 exhibitio
2170 2321 2570 2424 deponitur
2598 2324 2909 2401 actionis
2945 2322 3500 2427 peregrinitatis

730 2465 807 2530 et
851 2452 1189 2554 judicum
1225 2452 1303 2527 in
1340 2448 1851 2525 controversia
1907 2448 2000 2525 de
2059 2448 2589 2550 peregrinitate
2643 2449 3072 2527 muneribus
3110 2461 3494 2551 corrupto·

732 2604 934 2672 rum,
976 2576 1208 2655 falsae
1247 2575 1751 2676 inscriptionis
1788 2575 1868 2649 in
1907 2574 2202 2651 tabulas
2242 2575 2664 2651 debitorum
2700 2576 3212 2679 publicorum,
3265 2572 3496 2653 falsae

730 2702 1139 2796 citationis,
1195 2700 1671 2795 insidiarum,
1748 2699 2072 2776 nominis
2129 2726 2170 2776 e
2225 2701 2501 2777 tabulis
2561 2700 2980 2777 debitorum
3037 2700 3499 2803 publicorum

730 2828 1125 2933 expuncti,
1164 2836 1241 2903 et
1277 2825 1638 2902 adulterii.
2033 2935 2190 3009 653

950 3061 1043 3137 Οἱ
1082 3054 1746 3159 ἀμφισβητοῦντες
1790 3057 2212 3154 χρημάτων
2247 3055 2486 3134 τινῶν
2523 3055 3098 3157 δεδημευμένων
3136 3053 3324 3158 πρὸς
3357 3055 3498 3148 τὴν

729 3187 962 3264 πόλιν
997 3192 1135 3260 καί
1176 3187 1248 3260 οἱ
1290 3189 1456 3282 περὶ
1510 3180 1821 3282 κλήρων
1867 3175 1917 3272 ἢ
1953 3180 2386 3282 ἐπικλήρων
2421 3183 2604 3282 πρὸς
2645 3183 2950 3271 ἰδιώτας
2991 3181 3498 3260 ἀντιδικοῦν-

728 3343 845 3402 τες
883 3308 1257 3416 ἀργύριόν
1289 3339 1361 3383 τι
1402 3313 1887 3382 κατατιθεῖσι
1914 3335 1928 3350 ·
1986 3313 2123 3382 καὶ
2181 3307 2467 3384 τούτου
2515 3308 2668 3408 χρὴ
2729 3307 3021 3396 αὐτούς
3059 3315 3452 3408 στέρεσθαι
3477 3365 3496 3398 ,

730 3443 805 3515 εἰ
836 3435 979 3529 τὴν
1020 3433 1251 3526 δίκην
1289 3427 1705 3527 ἢττηθεῖεν.
1764 3429 2011 3531 ”Οπερ
2049 3438 2403 3509 καλεῖται
2464 3466 2516 3510 π
2537 3465 2584 3510 α
2603 3465 2643 3536 ρ
2667 3466 2712 3510 α
2735 3468 2792 3510 κ
2813 3465 2860 3510 α
2882 3469 2924 3510 τ
2946 3465 2992 3511 α
3012 3437 3071 3535 β
3089 3465 3132 3510 ο
3154 3440 3194 3509 λ
3219 3433 3282 3527 ἡ.

2029 3669 2182 3744 653
2331 3563 2895 3666 (Harpocratio.
2953 3560 3286 3656 SuidaS.)

944 3796 1092 3891 Qui
1130 3795 1223 3874 de
1260 3795 1477 3874 bonis
1534 3797 1929 3898 publicatis
1987 3822 2158 3874 cum
2212 3796 2509 3874 civitate
2567 3797 2989 3900 disceptant
3044 3807 3118 3872 et
3153 3795 3246 3873 de
3283 3795 3490 3874 here-

733 3923 1087 4001 ditatibus
1144 3921 1509 4024 puellisve
1562 3923 1936 4000 dotalibus
1992 3950 2164 4000 cum
2221 3924 2530 4025 privatis
2577 3923 3070 4016 contendunt,
3127 3924 3180 3998 ii
3217 3935 3495 3999 certam

732 4049 1130 4152 pecuniam
1169 4048 1591 4150 deponunt,
1646 4075 1953 4151 eamque
1991 4049 2268 4126 debent
2303 4052 2681 4143 amittere,
2721 4051 2782 4124 si
2818 4073 3042 4125 causa
3078 4049 3497 4126 ceciderint.

732 4175 1058 4252 Pecunia
1092 4175 1278 4250 haec
1314 4185 1623 4251 vocatur
1660 4175 2066 4277 stipulatio.

946 4454 1585 4558 ,Παρακαταβολὴ
1621 4465 1871 4547 ἐστιν,
1933 4463 2050 4533 ἐπὶ
2102 4459 2252 4554 μὲν
2295 4453 2456 4532 τῶν
2493 4452 2679 4555 πρὸς
2712 4453 2804 4532 τὸ
2843 4453 3213 4556 δημόσιον
3249 4451 3495 4558 ἀμφι-

737 4580 1230 4684 σβητημάτων
1266 4579 1354 4658 τὸ
1394 4589 1782 4681 πέμπτον,
1841 4589 1964 4658 ἐπὶ
2025 4580 2099 4656 δὲ
2149 4582 2306 4658 τῶν
2347 4579 2765 4656 ἰδιωτικῶν
2800 4579 2888 4659 τὸ
2931 4580 3264 4660 δέκατον
3301 4581 3496 4678 (τῶν

736 4706 1537 4810 ἀμφισβητουμένων).
2029 4821 2184 4894 654
2521 4712 2830 4806 (Pollux
2869 4711 3078 4809 VIII,
3119 4712 3287 4804 39.)

950 4943 1344 5046 Stipulatio
1402 4956 1515 5022 est
1570 4971 1829 5022 eorum
1883 4945 2182 5044 quidem
2239 4945 2364 5044 qui
2436 4946 2528 5021 de
2605 4943 2925 5046 publicis
3000 4939 3492 5038 contendunt,

733 5075 994 5173 quinta
1029 5097 1243 5174 pars,
1281 5070 1576 5148 illorum
1616 5097 1833 5167 vem,
1885 5072 2009 5173 q'ui
2049 5071 2138 5148 de
2176 5072 2530 5171 privatis,
2592 5070 2878 5148 decima
2916 5097 3089 5173 pars
3129 5073 3346 5173 pretii
3390 5095 3492 5146 re·

732 5223 893 5274 rum
930 5207 1595 5274 contr-eversarum.
