3725 5850
1004 438 1624 495 connum-Annas
1666 438 1769 490 An
1806 436 1934 494 ⁹⁷³.
1977 436 2102 493 9⁷³.
2141 435 2266 493 sss.
2307 438 2435 493 ⁹02.
2491 506 2496 513 ,
2943 414 3100 495 ⁸⁸0

1507 659 1660 745 Ad
1710 659 1942 747 0⁷³.

528 826 1088 930 Xenophon
1126 828 1219 905 de
1256 825 1612 927 magistro
1653 826 1883 927 equit.
1925 826 1983 923 1,
2028 827 2170 902 19:
2227 826 2717 907 Commodum
2754 830 2832 907 id
2869 832 3096 907 etiam

314 954 395 1030 in
432 952 869 1031 memoriam
904 953 1245 1031 revocari
1266 1010 1285 1045 ,
1342 950 1542 1052 quod
1601 952 1863 1027 civitas
1899 952 1978 1029 in
2019 952 2424 1053 equitatum
2459 955 2555 1031 ad
2596 954 3097 1055 quadraginta

311 1077 599 1155 talenta
650 1078 1053 1180 quotannis
1108 1076 1493 1179 impendat
1512 1134 1530 1171 ,
1584 1088 1713 1171 ut,
1771 1078 1837 1151 si
1892 1075 2168 1155 bellum
2225 1079 2538 1174 existat,
2599 1080 2970 1180 equitatus
3025 1080 3092 1156 ei

314 1202 791 1303 quaerendus
828 1229 985 1281 non
1022 1202 1118 1281 sit
1138 1261 1157 1297 ,
1212 1202 1347 1280 sed
1400 1204 1480 1277 in
1536 1216 1892 1303 promptu
1943 1201 2222 1279 habeat
2243 1259 2262 1295 ,
2323 1228 2472 1302 quo
2525 1205 2888 1283 instructo
2925 1232 3093 1306 pos-

308 1340 409 1405 nt
453 1340 584 1407 uta.
1489 1427 1642 1513 M
1685 1430 1918 1515 ⁹⁷⁸·

521 1595 643 1674 Illi
698 1596 988 1697 equites
1040 1595 1561 1694 intelliguntur
1580 1652 1599 1691 ,
1658 1596 1787 1697 qui
1840 1594 2154 1695 triginta
2205 1595 2542 1697 tyrannis
2595 1596 3088 1674 serviverant.

304 1720 397 1795 In
436 1720 703 1820 regula
736 1714 1201 1803 κατάστασις
1236 1746 1393 1796 non
1428 1719 1978 1797 restituebatur.
2034 1718 2156 1799 cf.
2195 1720 2558 1799 Boeck'bii
2595 1718 2824 1821 Gorp.
2857 1722 3090 1799 Inscr.

306 1840 575 1921 Gracc.
616 1844 831 1922 Tom.
871 1846 929 1925 Ι.
968 1872 1043 1948 p.
1086 1846 1240 1921 119
1279 1855 1354 1923 et
1392 1844 1572 1921 896.

1485 2053 1642 2137 Ad
1684 2057 1915 2139 080.

519 2218 1023 2297 Plutarch.
1080 2218 1503 2322 reipubl.
1559 2219 1962 2318 gerend.
2022 2231 2574 2322 praecepta
2607 2218 2796 2296 XV:
2855 2218 3086 2296 Athe-

300 2342 417 2418 nis
454 2339 865 2423 Salaminia
902 2348 1119 2422 navis
1156 2356 1235 2423 et
1270 2346 1582 2423 Paralus
1617 2371 1769 2421 non
1804 2345 2136 2447 cujusvis
2189 2343 2476 2444 negotii
2502 2402 2520 2439 ,
2578 2344 2710 2421 sed
2751 2367 3084 2421 necessa·

302 2468 584 2544 riorum
621 2480 914 2573 tantum
950 2496 1041 2546 ac
1076 2492 1521 2569 magnorum
1556 2494 1784 2547 causa
1820 2467 2398 2546 deducebantur.

517 2611 832 2690 Paralus
888 2613 1110 2689 etiam
1168 2611 1388 2690 Delia
1440 2613 1872 2689 vocabatur.
1964 2612 2287 2689 Tardius
2345 2624 2500 2688 tres
2552 2610 2854 2688 additae
2914 2622 3092 2688 sunt

300 2762 575 2813 naves:
633 2735 1039 2837 Antigonis
1061 2796 1079 2828 ,
1141 2737 1542 2814 Ptolemais
1599 2746 1674 2813 et
1730 2737 2185 2815 Ammonias.
2261 2734 2383 2813 Of.
2443 2734 2722 2812 Lexica
2777 2732 3082 2835 Seguer.

296 2888 372 2963 p.
414 2860 592 2937 267.
652 2860 900 2940 Schol.
939 2862 1017 2938 in
1053 2861 1441 2940 Demosth.
1482 2860 1661 2940 Mid.
1702 2860 1884 2958 570,
1925 2861 1996 2938 3.

1487 3088 1640 3174 Ad
1680 3093 1912 3176 082.

514 3258 1228 3360 Harpocratio:
1292 3252 1634 3353 Θεωρικά
1694 3258 2031 3361 pecunia
2084 3259 2452 3364 quaedam
2502 3270 2661 3338 erat
2699 3258 3004 3360 publica
3039 3285 3084 3336 e

297 3382 625 3459 civitatis
661 3383 1025 3462 reditibus
1064 3385 1379 3464 collecta
1401 3443 1419 3480 ,
1477 3411 1669 3484 quae
1719 3385 1928 3487 prius
1967 3383 2062 3462 ad
2101 3410 2279 3460 usus
2315 3385 2626 3462 bellicos
2663 3385 3079 3486 reponeba-

296 3521 418 3585 tur
455 3519 531 3586 et
563 3509 905 3586 militaris
942 3509 1369 3604 dicebatur,
1427 3509 1555 3588 sed
1610 3521 1879 3612 postea
1915 3511 1993 3588 in
2029 3509 2374 3612 publicos
2413 3523 2820 3614 apparatus
2858 3521 2934 3586 et
2971 3510 3076 3588 di-

294 3633 783 3712 stributiones
821 3635 1345 3712 conferebatur
1367 3694 1386 3730 ,
1445 3659 1760 3735 quarum
1798 3646 2062 3712 auctor
2097 3635 2238 3711 fuit
2273 3634 2688 3736 Agyrrhius
2727 3633 3077 3732 demago·

292 3785 461 3857 gns.
499 3756 851 3835 Ceterum
886 3759 1371 3836 Philochorus
1407 3761 1597 3837 libro
1634 3759 1854 3836 tertio
1879 3759 2204 3838 Atthidis
2243 3758 2536 3837 scribit:
2583 3759 2832 3857 „Olim
2871 3786 3076 3836 more

294 3895 685 3986 receptum
720 3895 923 3980 erat,
958 3895 1045 3962 ut
1078 3885 1439 3963 drachma
1474 3887 1866 3986 spectandi
1903 3911 2130 3964 causa
2173 3885 2589 3964 solverem
2608 3944 2625 3979 ,
2675 3908 2865 3985 quac
2899 3885 3075 3963 inde

292 4010 523 4087 etiam
578 4009 911 4086 theorica
963 4007 1554 4112 appellabatur.“
1632 4009 1972 4086 Philinus
2031 4035 2208 4086 vero
2265 4008 2454 4088 haec
2505 4022 3074 4088 commemorat.

298 4127 694 4229 θεωρικόν
728 4160 824 4211 ex
862 4134 1003 4211 hoc
1040 4134 1361 4228 dictum,
1402 4134 1603 4234 quod
1644 4133 1980 4212 Eubulus
2027 4134 2479 4210 instantibus
2516 4135 2898 4235 Dionysiis
2943 4161 3073 4236 pe-

290 4259 593 4336 cuniam
630 4257 727 4336 ad
764 4259 1131 4337 sacrificia
1168 4258 1698 4351 distribuisset,
1756 4270 1840 4334 ut
1889 4258 2217 4336 universi
2253 4259 2530 4336 festum
2566 4259 3080 4354 celebrarent,

290 4409 433 4459 nec
472 4382 747 4460 civium
783 4383 977 4460 ullus
1034 4386 1133 4462 ob
1192 4385 1298 4461 rei
1352 4385 1737 4462 familiaris
1792 4384 2126 4484 inopiam
2181 4385 2626 4484 spectaculis
2673 4397 3074 4478 arceretur.

511 4523 869 4604 Snidas
920 4551 979 4602 s.
1016 4553 1091 4602 v.
1156 4521 1499 4623 Θοωρικά
1523 4555 1548 4597 .·
1604 4525 1794 4604 Cum
1832 4537 2170 4628 tempore
2205 4525 2842 4628 spectaculorum,
2883 4551 3072 4628 quae

288 4651 655 4754 Dionysia
690 4651 1196 4749 vocabantur,
1252 4654 1410 4732 ludi
1447 4655 1829 4753 magnifici
1869 4657 2172 4748 fierent,
2230 4651 2614 4732 accidebat
2651 4664 2732 4729 ut
2769 4651 3076 4753 quidam

290 4805 331 4854 e
370 4777 659 4854 civibus
713 4777 911 4854 inter
964 4802 1044 4854 se
1104 4779 1641 4856 contendentes
1696 4776 1793 4855 ad
1848 4777 2160 4878 injurias
2215 4787 2294 4852 et
2347 4779 2660 4854 vulnera
2706 4777 3070 4854 venirent.

290 4903 581 4980 Placuit
613 4904 843 5000 igitur
877 4904 1157 5006 populo
1180 4963 1197 4998 ,
1256 4929 1353 4980 ne
1414 4905 1579 5004 quis
1634 4905 1954 5005 amplius
1992 4904 2224 5002 gratis
2263 4913 2669 5004 spectaret,
2729 4901 2862 4976 sed
2899 4925 3068 5002 spe·

292 5028 749 5106 ctaculorum
804 5026 971 5104 loca
1025 5027 1366 5105 mercede
1424 5030 1863 5106 locarentur.
1942 5027 2132 5104 Cum
2185 5037 2434 5103 autem
2473 5051 2888 5130 pauperum
2926 5025 3070 5101 hac

288 5154 367 5228 in
402 5179 485 5230 re
522 5152 845 5230 deterior
881 5165 1074 5229 esset
1108 5153 1455 5246 conditio,
1498 5153 1697 5253 quod
1738 5153 2008 5231 divites
2048 5153 2323 5254 majore
2360 5154 2606 5253 pretio
2643 5149 2856 5226 facile
2895 5150 3062 5227 loca
