3725 5850
657 428 810 502 568
1371 442 1986 496 COMMENTARIUS
2024 440 2130 491 Ao
2176 440 2331 495 1143.
2377 440 2532 494 1145.
2578 442 2733 495 1147.

1830 623 1984 710 Ad
2029 630 2296 713 1143.

871 802 1089 876 Hanc
1128 798 1426 875 Solonis
1461 800 1712 897 legem
1749 794 2051 896 respicit
2090 792 2532 874 Aristoteles
2592 797 2777 893 (Rh
2804 810 2961 874 eto
2986 826 3039 873 r.
3082 798 3138 892 1,
3178 800 3251 895 7,
3292 799 3448 890 41)

656 926 951 1019 dicens,
1009 952 1162 1000 non
1205 924 1597 1025 aequalem
1643 910 1969 1023 poenam'
2014 945 2215 1013 esse,
2273 922 2334 995 si
2373 922 2539 1023 quis
2576 922 2807 999 altero
2850 923 3064 999 oculo
3106 933 3449 999 utentem

661 1051 1078 1128 caecaverit
1133 1063 1206 1127 et
1253 1049 1439 1126 duos
1494 1045 1920 1123 habentem.
2002 1037 2183 1117 Οὐκ
2242 1042 2363 1133 ἴση
2420 1049 2690 1143 ζημία,
2749 1038 2853 1120 ἄν
2904 1076 3018 1133 τις
3073 1042 3221 1121 τὸν
3278 1050 3447 1121 ἑτε-

656 1169 1133 1272 ρόφθαλμον
1170 1166 1534 1265 τυφλώσῃ
1574 1170 1711 1242 καὶ
1749 1162 1890 1241 τὸν
1931 1162 2050 1241 δύ’
2093 1168 2397 1261 ἔχοντα.

872 1319 1117 1413 Quum
1153 1314 1354 1419 apud
1392 1314 1671 1390 Locros
1708 1322 2096 1413 receptum
2134 1325 2361 1409 esset,
2420 1318 2481 1392 si
2540 1319 2703 1419 quis
2742 1320 3193 1397 excussisset
3228 1318 3445 1395 alteri

661 1445 959 1533 oculum
982 1500 1002 1537 ,
1052 1453 1135 1519 ut
1171 1452 1246 1517 et
1281 1440 1425 1541 ipsi
1467 1442 1726 1517 oculus
1765 1450 2277 1535 excuteretur,
2320 1467 2558 1543 neque
2600 1444 2753 1519 ulla
2788 1454 2985 1520 esset
3021 1444 3441 1520 aestimatio

658 1569 1020 1670 pecuniae
1043 1624 1060 1657 ,
1121 1566 1420 1668 quidam
1477 1566 1976 1643 comminatus
2034 1566 2268 1641 fertur
2324 1567 2625 1643 inimico
2680 1593 2907 1644 unum
2964 1568 3265 1645 oculum
3309 1569 3435 1646 ha-

659 1694 910 1788 benti,
969 1719 1050 1769 se
1105 1692 1212 1770 illi
1270 1718 1441 1769 eum
1492 1718 1725 1767 unum
1781 1688 2079 1767 oculum
2134 1715 2639 1791 excussurum.
2716 1692 2863 1768 Eas
2910 1694 3153 1769 minas
3188 1692 3441 1771 luscus

659 1818 782 1895 ille
822 1843 1046 1919 aegre
1086 1818 1376 1909 ferens,
1433 1829 1506 1891 et
1542 1815 1681 1891 sibi
1719 1816 1795 1891 in
1836 1816 2191 1892 caecitate
2234 1816 2463 1893 vitam
2504 1830 2737 1895 morte
2776 1818 3245 1894 acerbiorem
3276 1819 3437 1896 fore

662 1954 903 2040 ratus,
941 1942 1208 2020 dicitur
1244 1968 1465 2017 ausus
1506 1967 1668 2017 esse
1705 1942 1898 2017 ferre
1936 1939 2221 2039 legem:
2276 1941 2339 2017 si
2398 1942 2561 2043 quis
2602 1941 2901 2019 oculum
2936 1944 3145 2020 lusco
3184 1969 3435 2021 excus-

664 2071 881 2165 serit,
939 2066 1048 2144 illi
1091 2077 1352 2143 contra
1403 2077 1793 2166 utrumque
1855 2065 2425 2160 excutiendum,
2482 2076 2564 2141 ut
2598 2067 2763 2168 pari
2803 2067 3225 2145 calamitate
3263 2068 3437 2145 utri-

664 2220 808 2297 que
847 2194 1384 2270 conflictentur.
1427 2191 1525 2267 Et
1559 2192 1754 2267 hanc
1793 2189 2027 2267 solam
2063 2191 2307 2289 legem
2342 2191 2599 2269 tulisse
2640 2192 2988 2269 dicuntur
3026 2191 3249 2271 Locri
3288 2220 3437 2268 am-

666 2320 861 2423 plius
897 2343 1124 2419 quam
1161 2314 1504 2391 ducentis
1543 2315 1777 2390 annis.
1839 2317 1952 2410 (D
1975 2341 2014 2390 e
2036 2315 2505 2393 mosthen.
2546 2343 2607 2392 c.
2648 2317 3051 2395 Timocrat.
3089 2319 3313 2411 744.)

880 2458 1103 2558 Apud
1141 2460 1520 2537 Romanos
1557 2484 1854 2561 quoque
1891 2482 2135 2560 poena
2172 2486 2214 2535 e
2252 2460 2421 2557 lege
2460 2461 2630 2538 XII.
2672 2462 3096 2539 tabularum
3134 2474 3435 2565 propter

668 2586 1090 2663 membrum
1127 2594 1430 2685 ruptum
1467 2583 1648 2661 talio
1687 2594 1867 2659 erat.
1926 2582 2043 2677 [Gr
2061 2610 2107 2659 a
2111 2584 2195 2684 ji
2236 2585 2567 2663 Instit.
2607 2585 2741 2679 111,
2784 2586 3013 2681 223.)

883 2728 1222 2804 Talionis
1275 2728 1725 2803 mentionem
1777 2728 1940 2804 fieri
1977 2727 2054 2803 in
2092 2728 2264 2823 XII,
2324 2730 2429 2805 ait
2464 2727 2770 2805 Verrius
2808 2729 2953 2805 hoc
2992 2729 3254 2805 modo:
3314 2730 3435 2827 „Si

671 2854 1085 2933 membrum
1123 2853 1362 2957 rupit,
1417 2852 1494 2928 ni
1535 2878 1706 2929 cum
1746 2879 1832 2930 eo
1874 2852 2113 2954 pacit,
2175 2853 2352 2930 talio
2412 2853 2641 2930 est0.“
2702 2854 2996 2950 (Fest.
3055 2882 3111 2931 s.
3152 2884 3221 2932 v.
3281 2856 3433 2934 Ta·

668 2979 1042 3073 lionis.)

885 3123 1102 3200 Talio
1143 3132 1392 3200 autem
1429 3132 1544 3198 est
1591 3121 1989 3199 similitudo
2046 3122 2417 3200 vindictae
2440 3181 2457 3216 ,
2518 3136 2599 3199 ut
2636 3124 2882 3202 taliter
2918 3125 3083 3225 quis
3118 3128 3441 3227 patiatur

673 3262 757 3327 ut
792 3251 991 3326 fecit.

887 3391 1002 3468 Os.
1045 3391 1320 3468 Leonis
1357 3391 1826 3490 imperatoris
1868 3391 2156 3467 Novell.
2202 3391 2343 3466 92:
2394 3394 2584 3486 Περὶ
2624 3390 2768 3464 τοῦ
2806 3387 3439 3484 ἐκτυφλώσαντος

679 3518 966 3592 ἑκοντὶ.
1043 3517 1129 3595 Id
1170 3529 1322 3592 est:
1379 3496 1472 3591 de
1513 3543 1642 3610 ec,
1699 3517 1820 3615 qui
1882 3516 2202 3615 aliquem
2238 3517 2489 3594 dedita
2528 3544 2758 3619 opera
2794 3521 3263 3614 excaecavit3
3318 3519 3439 3594 ubi

681 3643 1082 3746 praecipit,
1141 3653 1221 3717 ut
1277 3640 1400 3741 qui
1459 3641 1774 3716 alterum
1814 3667 1965 3715 uno
2004 3633 2413 3740 privaverit
2450 3643 2708 3735 oculo,
2767 3643 2927 3742 ipse
2966 3670 3259 3744 quoque
3298 3669 3443 3719 uno

681 3770 1052 3872 privetur3
1108 3767 1232 3866 qui
1272 3791 1452 3840 vero
1493 3766 1703 3841 alteri
1745 3764 1929 3840 duos
1968 3768 2375 3842 excusserit
2415 3767 2709 3861 oculos,
2769 3769 2928 3868 ipse
2966 3793 3198 3843 unum
3238 3770 3438 3842 amit-

678 3908 824 3987 tat,
879 3920 1018 3995 pro
1077 3894 1312 3968 altero
1369 3902 1618 3968 autem
1674 3891 1919 3966 solvat
1972 3905 2369 3969 excaecato
2428 3893 2611 3970 duas
2669 3906 2919 3993 partes
2976 3917 3281 3970 suarum
3340 3893 3442 3969 fa-

680 4022 1062 4096 cultatum.

1839 4118 1991 4202 Ad
2043 4121 2308 4203 1145.

897 4290 1352 4366 Scholiastae
1407 4300 1932 4388 argumentum
1986 4287 2080 4362 ad
2138 4289 2516 4364 Demosth.
2580 4287 2872 4392 Leptin.
2916 4290 3111 4362 454:
3174 4280 3445 4382 θεσμός

686 4421 837 4489 ἐστι
880 4411 1110 4509 νόμος
1151 4409 1854 4510 παρακελευόμενος
1884 4469 1903 4499 ,
1966 4409 2117 4497 πῶς
2177 4409 2293 4484 δεῖ
2347 4417 2825 4508 νομοθετεῖν.
2884 4413 3296 4506 (Thesmus
3332 4411 3446 4486 lex

683 4555 793 4618 est
833 4541 1303 4619 ferendarum
1343 4541 1591 4637 legum
1629 4539 1989 4615 rationem
2029 4540 2611 4640 praescribens.)

1841 4750 1993 4832 Ad
2037 4751 2303 4832 114⁷.

901 4919 1188 5020 Syrian.
1225 4920 1306 4994 in
1345 4921 1798 5017 Hermogen.
1841 4919 2054 4995 Walz
2092 4918 2306 4993 Tom.
2346 4919 2413 4992 4.
2456 4946 2526 5058 p.
2554 4917 2741 4990 497:
2788 4905 3217 5009 Ἶερόσιλός
3255 4917 3445 4986 ἐστιν

687 5073 728 5117 ο
774 5041 1053 5137 φιάλας
1089 5048 1168 5132 ἐξ
1209 5041 1431 5138 ἱερῶν
1470 5039 2085 5140 ἀφαιρούμενος,
2148 5033 2191 5116 ὅ
2235 5037 2704 5135 στεφάνους,
2766 5071 2808 5114 0
2858 5035 3363 5137 θυμιατήρια,
3402 5065 3437 5110 o

686 5166 942 5264 λάθρα
983 5197 1274 5264 παριων
1312 5172 1420 5256 εἰς
1459 5165 1661 5264 ἱεροὶ,
1724 5159 1765 5241 ὅ
1826 5166 2091 5276 γνώμῃ
2149 5163 2575 5272 κακοιργῷ
2625 5170 2981 5265 χραίνων
3034 5159 3180 5248 τὸν
3220 5158 3437 5250 nativ,
