3725 5850
666 427 822 502 240
1751 449 1877 501 ms
1912 449 2335 500 ruamcma.

1952 640 2128 714 950.

875 770 948 844 Ν
949 767 1274 844 avalium
1311 778 1690 844 curatores
1728 763 2031 840 tradant
2084 764 2505 841 trierarchis
2542 791 2774 842 naves
2814 777 2888 842 et
2922 775 3427 862 armamenta3

659 893 1103 972 trierarehae
1143 905 1396 970 autem
1431 902 1886 995 praeparent
1921 917 2152 968 naves
2190 889 2285 968 ad
2322 892 2945 992 enavigationem.

1952 1054 2128 1129 951.

883 1176 1085 1266 Τούς
1123 1176 1578 1276 ὀφείλοντας
1617 1175 1710 1254 τά
1753 1173 1991 1270 σκεύη
2029 1177 2126 1276 τῇ
2160 1175 2370 1254 πόλει
2394 1235 2416 1268 ,
2478 1173 2525 1270 ἢ
2562 1171 2994 1253 ἀποδιδόνα
3030 1173 3124 1252 τά
3161 1173 3423 1268 σκεύη,

663 1312 735 1386 εἰ
772 1305 848 1384 δὲ
878 1304 985 1405 μὴ
1009 1364 1031 1398 ,
1089 1311 1412 1404 ἐνέχυρα
1449 1303 1859 1406 λήψεσθαι.

1568 1431 1989 1526 (Demosth.
2027 1433 2107 1507 in
2150 1431 2422 1532 Everg.
2464 1441 2537 1508 et
2578 1431 2897 1509 Mnesib.
2943 1431 3209 1526 1150.)
3278 1440 3287 1452 “

1959 1595 2135 1670 951.

872 1721 1019 1814 Qui
1055 1732 1516 1800 armamenta
1553 1722 1834 1799 debent
1869 1720 2191 1818 civitati,
2242 1719 2601 1817 reddant3
2656 1721 2717 1798 si
2758 1745 2953 1816 non,
2991 1719 3267 1820 pignus
3304 1741 3425 1794 oa·-

661 1845 818 1948 piat
853 1847 1137 1925 civitae.

1959 1954 2135 2028 952.

859 2071 964 2153 ‘0
999 2081 1274 2176 ταμίας
1311 2075 1720 2182 γενόμενος
1758 2081 1866 2163 εἰς
1904 2073 1997 2150 τά
2039 2073 2355 2176 νεώρια,
2412 2076 2567 2152 τῶν
2623 2074 2924 2152 σκευῶν
2980 2063 3093 2152 ὦν
3148 2076 3428 2174 ἔλαβεν

661 2200 862 2301 παρά
918 2201 1073 2279 τῶν
1125 2203 1599 2304 τριηραρχίαν
1655 2207 1792 2278 καὶ
1850 2197 2010 2278 οὐκ
2066 2200 2453 2307 εἰςήνεγκε
2509 2199 2813 2306 γράψας
2869 2208 2956 2277 ἐν
3009 2201 3101 2298 τῇ
3151 2198 3424 2294 στὴλη,

661 2325 1035 2434 ἀργύριον
1073 2326 1445 2406 ἀποδότω.
1558 2334 1715 2427 (Ex
1751 2330 2083 2433 inscript.
2124 2342 2326 2409 naut.
2368 2334 2429 2410 B
2454 2361 2495 2408 ο
2520 2358 2558 2409 e
2580 2331 2848 2410 okhii
2886 2359 2958 2433 p.
2983 2330 3205 2423 382.)

1952 2495 2128 2572 952.

869 2621 941 2697 Ν
943 2621 1272 2698 avalium
1325 2631 1709 2722 quaestor,
1767 2621 1831 2698 si
1890 2630 2353 2698 armamenta
2373 2678 2391 2715 ‚
2451 2645 2640 2721 quae
2677 2647 2723 2696 a
2758 2619 3155 2721 praefectis
3210 2619 3424 2698 trire-

657 2745 886 2822 mium
923 2746 1251 2849 aecepit‚
1289 2772 1445 2823 non
1482 2745 1814 2824 intulerit
1849 2747 1925 2822 in
1964 2746 2431 2841 columnam,
2467 2745 2789 2847 pretium
2824 2745 3121 2821 illorum
3156 2745 3425 2822 solvat.

1955 2907 2131 2983 953.

879 3030 1209 3138 Τριήρεις
1267 3036 1372 3119 εἰς
1427 3031 1681 3108 πλοῦν
1740 3029 2105 3119 δοθείσας
2160 3037 2251 3107 ἐκ
2306 3031 2462 3107 τῶν
2496 3035 2835 3131 νεωρίων
2871 3034 3013 3105 καὶ
3052 3026 3145 3105 τά
3186 3026 3427 3120 σκεύη

656 3153 862 3231 κατὰ
901 3155 1243 3255 πόλεμον
1280 3154 1699 3257 ἀχρήστους
1736 3162 2138 3261 γεγονέναι
2162 3214 2185 3247 ,
2244 3149 2291 3233 ὁ
2336 3155 2570 3255 δῆμος
2610 3162 3044 3259 ψηφίζεται.

1099 3288 1256 3380 (Ex
1291 3286 1832 3387 inscriptionib.
1872 3298 2074 3363 naut.
2114 3288 2175 3364 B
2196 3314 2240 3363 ο
2262 3312 2303 3363 e
2327 3314 2367 3363 e
2388 3287 2441 3366 k
2461 3287 2599 3364 hii
2654 3315 2726 3389 p.
2768 3286 2943 3361 403.
2984 3284 3204 3377 444.)

1956 3449 2131 3524 953.

871 3574 1138 3650 Utrum
1175 3574 1510 3652 triremes
1551 3600 1590 3649 e
1631 3574 2021 3651 navalibus
2062 3575 2158 3651 ad
2207 3575 2767 3673 navigationem
2803 3576 3021 3651 datae
3070 3585 3146 3653 et
3182 3598 3425 3651 anna-

656 3710 909 3775 menta
946 3697 1144 3776 bello
1182 3700 1381 3777 facta
1417 3700 1564 3775 sint
1600 3699 1927 3794 inutilia,
1987 3700 2065 3774 id
2102 3701 2425 3801 populus
2464 3702 2657 3777 votis
2694 3700 3043 3777 decernit.

1950 3862 2127 3939 954.

881 3981 1033 4071 Τάς
1067 3984 1225 4059 τῶν
1260 3980 1582 4083 τριήρων
1620 3983 1775 4059 τῶν
1813 3984 2317 4079 σκηφθεισοῖν
2353 3981 2559 4059 κατά
2608 3980 2961 4085 χειμῶνα
3001 3981 3115 4060 δεῖ
3148 3982 3255 4085 τῷ
3298 3983 3427 4059 δι-

660 4114 1050 4211 καστηρίῳ
1095 4109 1405 4203 δοκεῖν,
1464 4106 1664 4184 κατά
1691 4109 2047 4210 χειμῶνα
2086 4090 2636 4208 διαφθαρῆναι.

1543 4241 1697 4333 (Ex
1736 4241 2068 4342 inscript.
2106 4251 2310 4319 naut.
2352 4242 2413 4315 Β
2437 4264 2540 4316 oe
2565 4238 2831 4316 ekhii
2869 4265 2942 4339 p.
2985 4239 3204 4333 491.)

1952 4404 2127 4479 954.

877 4528 1242 4605 Tribunal
1299 4530 1688 4624 decernat,
1749 4540 1998 4605 utrum
2046 4530 2384 4606 triremes
2434 4528 2764 4632 procella
2818 4527 3262 4629 periverint,
3328 4528 3428 4607 de

659 4653 926 4753 quibus
963 4654 1039 4732 id
1077 4654 1437 4755 praefecti
1475 4656 1885 4732 triremium
1920 4666 2389 4757 praetexunt.

1954 4818 2131 4895 955.

882 4935 1080 5027 Τοῦς
1119 4932 1742 5042 ὁμολογήσαντας
1793 4937 2333 5039 τριηράρχους,
2392 4936 2670 5028 καινάς
2726 4936 3153 5019 ἀποδώσειν
3202 4938 3429 5039 τριὴ-

662 5092 806 5162 ρεις
843 5070 978 5139 καὶ
1009 5063 1118 5161 μή
1163 5062 1636 5155 ἀποδόντας,
1697 5063 2225 5165 καταβάλλειν
2261 5070 2881 5162 πεντακισχιλίας
2920 5064 3285 5165 δραχμάς.

893 5194 1048 5289 (Ex
1067 5195 1402 5295 inscript.
1423 5206 1627 5273 naut.
1667 5195 1732 5271 B
1755 5222 1798 5270 o
1821 5220 1860 5270 e
1884 5220 1927 5270 e
1946 5194 2001 5271 k
2020 5194 2111 5271 hi
2131 5195 2156 5269 i
2192 5220 2265 5297 p.
2290 5194 2466 5271 218.
2488 5194 2665 5270 449.
2691 5196 2866 5271 480.
2888 5194 3065 5275 483.
3086 5196 3309 5291 485.)
