3725 5850
1020 441 1218 490 ‘Lm-rs
1259 439 1397 490 vrA
1437 439 1518 488 m
1557 437 1816 488 cAusls
1856 437 2387 491 CAPITALIBUS.
2928 413 3089 491 209

337 629 492 708 dam
542 627 971 706 consobrini
1031 639 1106 708 et
1160 629 1782 707 consobrinorum
1855 629 2075 708 liberi
2143 642 2219 707 et
2270 631 2533 730 generi
2590 641 2667 708 et
2722 631 2956 707 soceri
3014 643 3091 708 et

335 755 722 858 pbr-atores.
795 755 932 834 Sin
971 781 1138 834 cum
1177 784 1266 833 oo
1305 755 1766 835 redeundum
1801 757 1883 835 in
1919 758 2243 856 gratiam
2293 757 2555 853 fuerit,
2618 758 2681 834 si
2718 767 2933 860 pater
2968 783 3087 833 su·

333 893 602 984 pel-stes
661 881 798 957 erit
853 893 982 957 aut
1037 883 1269 960 frater
1321 893 1454 958 aut
1491 881 1664 976 filii,
1723 881 2094 977 omnium,
2154 895 2283 960 aut
2320 884 2480 982 ejus
2516 883 2645 984 qui
2688 881 3087 984 prohibet,

331 1007 560 1084 valeat
596 1008 1017 1085 auotoritas.
1093 1005 1227 1082 Sin
1281 1005 1546 1084 horum
1601 1031 1816 1084 nemo
1876 1007 2057 1100 erit,
2122 1019 2196 1083 et
2245 1005 2551 1084 caedem
2607 1008 2885 1084 invitus
2923 1008 3088 1108 quis

299 1134 598 1230 'fecerit,
641 1145 716 1209 et
751 1131 1294 1234 quinquaginta
1331 1157 1554 1227 unus,
1595 1157 1728 1208 seu
1767 1133 2113 1234 ephetae‚
2155 1133 2722 1236 pronunciarint
2772 1132 3091 1208 invitum

329 1259 572 1336 fecisse
611 1259 960 1352 caedem,
1014 1258 1311 1332 veniam
1349 1255 1580 1335 danto
1619 1257 2049 1358 phratore3‚
2113 1259 2174 1334 si
2214 1257 2513 1352 volent,
2572 1246 2854 1335 deceni.
2928 1255 3089 1338 Hos

331 1395 559 1460 autem
612 1382 1156 1486 quinquaginta
1212 1395 1288 1458 et
1340 1406 1530 1464 unus
1581 1409 1674 1460 ex
1708 1383 2007 1488 optimis
2049 1385 2351 1484 eligant.
2432 1382 2679 1460 Etiam
2719 1383 2844 1484 qui
2883 1381 3089 1482 prius

328 1509 619 1586 caedem
657 1510 1033 1604 fecerunt,
1089 1509 1230 1585 hac
1267 1510 1651 1586 sanctione
1694 1516 2114 1587 teneantur.

527 1791 670 1886 Μῆ
747 1787 1346 1896 ἀπογράφεσθαι
1420 1788 1562 1872 τὸν
1634 1797 2103 1882 κτείναντα,
2181 1798 2365 1894 πρὶν
2418 1789 2559 1886 τὴν
2616 1796 2888 1871 οἰκίαν
2940 1789 3085 1870 τοῦ

329 1917 862 2006 ἀποθανόντος
897 1916 1250 2016 καθᾶραι
1288 1923 1426 1992 καὶ
1464 1913 1560 1992 τὰ
1599 1915 2069 2017 νομιζόμενα
2109 1919 2440 2010 ποιῆσαι.

1423 2045 1875 2148 (Antiphon.
1916 2073 2141 2149 super
2179 2042 2556 2126 choreuta.
2597 2043 2664 2149 ξ.
2710 2047 2878 2142 3¹7.)

1611 2207 1790 2284 831.

527 2335 598 2412 N
601 2363 640 2412 e
701 2336 1076 2413 deferatur
1130 2359 1404 2411 nomen
1459 2333 1957 2411 interfectoris
1982 2391 1999 2426 ,
2056 2336 2261 2437 prius
2296 2361 2519 2436 quam
2558 2334 2823 2412 domus
2862 2323 3089 2411 inter-

327 2463 487 2540 fecti
523 2463 842 2540 lustrata
865 2463 1215 2563 just-aque
1255 2458 1596 2536 funebria
1633 2471 1940 2562 peracta
1974 2460 2271 2538 fuerint.

1613 2619 1790 2697 832.

531 2766 668 2840 Δεῖ
717 2757 858 2836 τόν
921 2763 1278 2862 βασιλέα,
1355 2757 1606 2850 ἐπειδὴ
1686 2757 2239 2866 ἀπεγράψατο,
2320 2771 2515 2861 τρεῖς
2589 2759 3094 2861 προδὶκασίας

323 2895 707 2966 ποιεῖσθαι
747 2894 834 2965 ἐν
869 2893 1064 2988 τρισὶ
1095 2892 1324 2986 μησὶ,
1383 2883 1529 2979 τὴν
1567 2884 1798 2977 δίκην
1837 2884 1908 2961 δ’
1948 2885 2290 2993 εἰσάγειν
2326 2885 2660 2989 τετάρτῳ
2694 2891 2907 2989 μηνί.

1428 3015 1861 3123 (Antiphon
1900 3044 2127 3120 super
2167 3016 2559 3096 Choreuta.
2602 3014 2668 3120 ξ.
2710 3018 2879 3117 42.)

1619 3182 1798 3259 832.

527 3308 820 3407 Regem
857 3333 1276 3405 sacrorum,
1327 3308 1654 3385 admissa
1691 3309 1799 3385 rei
1837 3306 2243 3404 delatione,
2285 3318 2579 3409 oportet
2614 3310 2759 3387 tria
2796 3275 3101 3413 praejuss

325 3434 510 3511 dicia
565 3437 757 3527 (tres
798 3433 1264 3531 cognitiones
1304 3437 1615 3527 causae)
1673 3432 1988 3509 totidem
2042 3434 2423 3509 mensibus
2480 3434 2828 3511 distincta
2884 3434 3087 3511 insti-

324 3570 525 3635 tuere
548 3618 567 3657 ,
609 3571 685 3636 et
717 3568 986 3659 quarto
1026 3558 1322 3635 demum
1359 3582 1614 3635 mense
1654 3559 2029 3635 actionem
2068 3558 2553 3637 introducere.

534 3844 628 3919 Οἱ
667 3838 816 3947 γάρ
851 3840 986 3930 τὰς
1024 3847 1143 3920 ἐπὶ
1183 3840 1408 3943 φόνῳ
1467 3840 1694 3931 δίκας
1743 3838 2311 3949 ἐγκαλούμενοι
2349 3850 2436 3919 ἐν
2472 3844 2905 3945 πρυτανείῳ
2944 3840 3091 3943 πρὸ

322 3966 441 4061 τῆς
481 3966 699 4060 δίκης
737 3966 1221 4046 διατελοῦσιν
1256 3974 1380 4045 ἐπὶ
1419 3981 1612 4069 τρεῖς
1641 3970 1895 4069 μῆνας
1919 3998 1934 4012 ·
1991 3976 2077 4045 ἐν
2133 3964 2246 4055 οἷς
2299 3974 2377 4061 ἐξ
2417 3972 2783 4070 ἑκατέρου
2812 3968 3093 4071 μέρρυέ

324 4094 534 4199 λόγοι
577 4094 1052 4199 προάγονται
1080 4119 1095 4136 ·
1153 4092 1390 4171 τοῦτο
1432 4092 1499 4169 δ’
1541 4100 1694 4171 ἐστὶ
1738 4124 1853 4194 πρ
1879 4124 1920 4169 ο
1946 4090 2295 4169 δικασί
2315 4123 2383 4168 α.
2498 4096 2875 4195 (Suidas.)
2988 4196 2995 4203 .

1616 4260 1794 4337 833.

535 4384 684 4479 Qui
727 4386 926 4466 enim
981 4386 1232 4466 caedis
1285 4399 1732 4465 accusantur
1753 4446 1772 4483 ,
1827 4387 1913 4465 in.
1965 4396 2336 4489 prytaneo
2395 4412 2531 4487 per
2584 4396 2741 4465 tres
2792 4410 3096 4468 mense·

326 4522 492 4589 ante
515 4512 888 4614 judicium
923 4523 1414 4625 permanent3
1465 4538 1700 4615 eoque
1749 4526 2090 4615 tempore
2128 4514 2225 4591 ab
2260 4523 2575 4613 utraque
2610 4522 2822 4614 parte
2863 4511 3086 4590 ratio-

326 4664 454 4715 nes
489 4640 568 4716 in
605 4638 932 4717 medium
970 4641 1494 4753 proferuntur3
1550 4638 1750 4739 quod
1789 4639 2066 4739 praej
2090 4664 2137 4715 u
2161 4636 2521 4717 dicium
2558 4648 2893 4717 vocatur.

1611 4798 1790 4877 834.

512 4918 784 5012 ’Ὀστις
829 4910 1309 5017 καθίστησιν
1355 4920 1721 5028 ἐγγυητὰς
1780 4929 1975 5021 τρεῖς
1996 4977 2017 5009 ,
2070 4918 2363 5018 μηδένα
2391 4918 2703 4997 τούτων
2736 4920 3095 5013 δεθῆναι.-

329 5053 476 5123 Kal
529 5046 717 5138 τούς
769 5046 1212 5150 ἐπιμελητὰς
1271 5046 1428 5123 τῶν
1503 5044 1981 5149 κακούργων
2028 5045 2147 5145 ’τῷ
2200 5044 2420 5147 αὐτῷ
2463 5047 2811 5145 χρῆσθαι
2867 5042 3092 5144 νόμῳ

327 5170 591 5275 τούτῳ.
955 5168 962 5173 ’
1409 5176 1836 5277 (Antiphon
1876 5174 1967 5250 de
2008 5172 2255 5251 caede·
2278 5174 2556 5252 Herod.
2596 5170 2665 5275 ξ.
2711 5171 2873 5265 17.)
2998 5200 3008 5208 ·

2584 5298 2667 5361 14
