3725 5850
666 458 823 535 358
1752 476 1876 527 ms
1910 472 2352 527 pawn-on.

886 792 1125 894 Νόθῳ
1159 792 1267 892 μὴ
1309 791 1506 869 εἶναι
1548 788 2002 895 ἀγχιστείαν
2022 846 2042 879 ,
2105 787 2404 864 παίδων
2439 781 2694 867 ὄντων
2748 790 3122 890 γνησίων·
3181 783 3314 861 ε’·ἀν
3349 784 3423 860 δὲ

668 919 923 1008 παῖδες
970 918 1078 1019 μή
1134 912 1267 993 ὦσι
1321 915 1664 1021 γνήσιοι,
1724 924 1882 1001 τοῖς
1938 912 2326 1018 ἐγγυτάτω
2382 912 2524 988 τοῦ
2583 917 2853 1017 γένους
2902 922 3245 1009 μετεῖναι
3281 912 3432 987 τῶν

656 1046 1095 1149 χρημάτων.
1259 1044 1777 1146 (Aristophan.
1819 1040 2024 1121 Aves
2068 1039 2612 1119 1661--1665,
2664 1042 2824 1119 Lex
2862 1040 3226 1135 Solonis.)

1945 1202 2174 1280 1395.

880 1330 1169 1410 Nothus
1213 1332 1385 1433 jure
1444 1327 2020 1431 propinguitatis
2081 1326 2572 1405 hereditatem
2627 1353 2722 1403 ne
2779 1316 3037 1423 adeat,
3105 1326 3319 1403 liberi
3371 1328 3436 1403 si

668 1460 819 1539 sint
852 1458 1200 1559 genuini:
1258 1457 1373 1532 sin
1410 1456 1627 1533 liberi
1666 1482 1820 1531 non
1860 1456 2012 1531 sint
2047 1455 2400 1552 genuini,
2439 1452 2534 1529 ad
2575 1453 2956 1555 proximos
2992 1478 3273 1554 genere
3309 1452 3433 1530 he-

668 1585 943 1663 reditas
982 1584 1444 1659 devolvatur.

1953 1690 1988 1763 1
2004 1689 2179 1763 396.

891 1813 1002 1895 To}
1046 1826 1202 1901 τοῖς
1244 1811 1515 1901 νόθοις
1554 1820 1641 1889 ἐκ
1682 1811 1839 1888 τῶν
1877 1810 2251 1913 πατρῴων
2289 1810 2677 1910 διδόμενα,
2737 1816 3014 1888 νοθεῖα
3052 1814 3393 1886 καλεῖται
3419 1838 3434 1851 ·

542 1930 545 1933 ’
678 1942 837 2021 ἔστι
876 1938 953 2023 δὲ
984 1944 1213 2041 μέχρι
1241 1944 1529 2037 χιλίων
1568 1936 1958 2040 δραχμῶν.
2477 1939 2830 2035 (Suidasz
2887 1940 3230 2031 νοθεῖα.)

1939 2086 2168 2163 1396.

883 2212 1069 2288 Pars
1116 2213 1489 2289 bonorum
1546 2222 2068 2314 paternorum,
2129 2236 2318 2311 quae
2379 2209 2624 2286 nothis
2683 2210 2940 2307 datur,
2999 2213 3270 2283 νοθεῖα
3310 2236 3437 2285 vo·

672 2350 922 2435 eatur3
978 2350 1095 2416 est
1127 2349 1379 2419 autem
1414 2362 1649 2440 usque
1688 2337 1783 2415 ad
1822 2338 2026 2414 mille
2064 2337 2474 2414 drachmas·

1946 2496 2171 2573 1397.
2268 2572 2274 2578 .

892 2598 1056 2681 Τὸν
1092 2601 1413 2707 γνήσιον
1448 2608 1587 2679 καὶ
1624 2599 1767 2680 τὸν
1802 2602 2063 2681 νόθον
2121 2600 2774 2704 ἰσοκληρονόμους
2827 2600 3028 2680 εἶναι
3049 2658 3071 2693 ,
3129 2598 3268 2679 ἐὰν
3303 2596 3438 2676 τὸν

670 2726 931 2807 νόθον
966 2722 1009 2807 ό
1050 2726 1298 2827 πατὴρ
1334 2732 1439 2817 εἰς
1477 2725 1617 2821 τὴν
1655 2732 1926 2805 οἰκίαν
1963 2724 2356 2832 εἰσαγάγῃ.

1736 2856 2186 2952 (Marcellin.
2227 2858 2323 2935 ad
2362 2858 2814 2956 Hermogen.
2853 2868 3020 2936 stat.
3061 2860 3226 2954 65.)

1943 3019 2174 3097 1397.

888 3141 1279 3222 Genuinus
1322 3144 1511 3221 filius
1552 3171 1720 3222 oum
1761 3146 2016 3246 spurio
2058 3172 2150 3222 ex
2182 3147 2436 3246 aequis
2475 3147 2811 3247 partibus
2851 3156 3070 3222 sunto
3109 3145 3432 3240 heredeS,

671 3271 735 3348 si
770 3270 1105 3372 spurium
1144 3282 1360 3372 pater
1394 3270 1474 3346 in
1512 3297 1720 3348 suam
1760 3269 2118 3350 familiam
2151 3268 2669 3348 introduxerit.

1956 3436 1993 3509 1
2115 3434 2184 3512 8.

878 3552 1095 3635 Ἀλλ’
1135 3553 1333 3634 εἶναι
1370 3555 1479 3656 τῷ
1521 3561 1808 3662 γνησίῳ
1849 3555 1980 3651 τῆς
2008 3436 2388 3655 εξανομῆς
2425 3554 2570 3647 τήν
2617 3559 2998 3648 ἐξουσίαν.

1442 3685 1773 3789 (Syrian.
1816 3685 2185 3788 et·Sopat.
2226 3686 2322 3762 ad
2360 3687 2812 3787 Hermogen.
2853 3695 3020 3763 stat.
3063 3687 3228 3779 93.)

1956 3827 2181 3904 1398.
2627 3889 2636 3898 .

892 3954 1036 4034 Sed
1074 3956 1441 4057 genuinus
1482 3953 1674 4032 filius
1712 3955 1990 4033 habeat
2026 3965 2477 4057 potestatem
2515 3953 2955 4034 dividendae
2995 3954 3430 4033 hereditatis.

1850 4238 2282 4340 Τμῆμαβ·

1080 4388 1900 4485 Κληρονομία
1989 4383 3052 4478 κατὰ-’διαθήκην

1911 4549 2226 4562 NNWM

1873 4640 2122 4719 Sectio
2185 4643 2256 4720 2.

1394 4783 1924 4862 Successio
1999 4812 2038 4862 e
2114 4796 2741 4862 testamento

882 5081 1113 5162 ‘'Oooc
1158 5083 1267 5187 μὴ
1326 5090 1816 5179 ἐπεποίηντο,
1887 5083 2074 5164 ὥστε
2119 5086 2310 5188 μήτε
2367 5085 2718 5164 ἀπειπεῖν
2762 5087 2940 5188 μήτ’
2997 5085 3416 5166 ἐπιδικάσαψ

688 5221 874 5294 σθαι
893 5271 918 5309 ,
976 5209 1103 5296 ὅτε
1138 5210 1416 5294 Σόλων
1456 5211 1676 5317 εἰςῄει
1712 5211 1855 5306 τὴν
1904 5211 2196 5314 ἀρχὴν,
2255 5213 2347 5292 τά
2407 5215 2688 5292 ἑαυτοῦ
2749 5215 3168 5295 διαθέσθαι
3222 5212 3414 5297 εἶναι,
