3725 5850
697 400 857 479 4⁹0
1279 428 1895 481 counauTAnws
1932 426 2039 477 An
2076 422 2202 479 595.
2243 425 2366 481 59⁷.
2408 426 2531 481 sos.
2572 426 2697 482 ⁵99.
2736 426 2861 483 ⁶03.

1863 612 2015 697 Ad
2060 613 2293 699 595.

905 760 1172 839 Aetate
1209 762 1552 841 Isocratis
1588 762 1667 839 in
1705 760 2043 841 Palladio
2080 788 2234 839 non
2272 762 2591 865 amplius
2626 765 2963 867 Ephetae
2988 761 3459 867 judicabant.

691 886 886 963 Nam
921 885 998 961 in
1037 888 1368 965 oratione
1407 888 1575 965 adv,
1615 887 2157 967 Callimachum
2196 882 2309 991 (ξ.
2347 890 2488 985 54)
2527 890 2853 990 loquitur
2895 889 2987 967 de
3026 891 3451 991 septingen-

689 1011 784 1088 tis
825 1012 1206 1113 judicibus
1259 1014 1368 1091 rei
1425 1014 1764 1116 capitalis
1799 1014 1881 1090 in
1917 1014 2253 1091 Palladio
2301 1014 2749 1092 sedentibus.
2824 1015 2889 1090 E
2925 1012 3456 1093 Demosthenis

687 1160 870 1215 vero
909 1140 1240 1217 oratione
1291 1138 1372 1215 in
1407 1139 1776 1216 Neaeram
1833 1139 2125 1233 (1348)
2181 1150 2497 1241 apparet
2550 1140 2629 1215 in
2688 1166 2917 1218 causa
2969 1137 3455 1243 Apollodori,

688 1263 806 1339 cui
843 1263 1090 1341 caedis
1130 1263 1282 1340 dies
1322 1263 1518 1341 dicta
1553 1263 1692 1341 fuit
1738 1263 1939 1366 apud
1980 1263 2435 1361 Palladium,
2492 1264 2943 1365 quingentos
2968 1264 3264 1367 judices
3298 1262 3449 1341 sui-

687 1386 927 1490 fragia
963 1388 1243 1465 tulisse.

1858 1490 2013 1574 Ad
2053 1492 2283 1575 50⁷.

897 1637 1144 1717 Schol.
1203 1622 1678 1741 Aristophan.
1737 1638 1969 1741 Vesp.
2033 1639 2275 1717 1103:
2356 1638 2428 1713 οἱ
2470 1630 2813 1715 ’Ἑνδεκα
2872 1635 3025 1715 νῦν
3084 1641 3339 1735 θεσμ
3361 1666 3445 1711 ο-

683 1758 876 1859 φύλ
900 1790 1022 1837 ακ
1047 1792 1135 1851 ες
1189 1762 1641 1843 καλοῦνται.
1737 1764 2298 1861 (Undecimviri
2349 1792 2549 1845 nunc
2604 1766 3263 1870 thesmophylaces
3316 1792 3439 1843 vo-

683 1895 1009 1988 cantur.)

1851 1994 2003 2079 Ad
2052 1995 2283 2079 808.

891 2143 1116 2248 Apud
1155 2143 1526 2223 Cumaeos
1575 2143 2051 2244 magistratus
2108 2143 2292 2239 fuit,
2352 2144 2477 2245 qui
2534 2138 2931 2239 φυλάκτης
2988 2142 3365 2221 dicebatur
3400 2170 3441 2219 a

679 2269 1187 2348 custodiendo.
1260 2270 1453 2349 Eum
1490 2272 1614 2373 qui
1650 2271 1964 2370 gerebat
1985 2326 2007 2365 ,
2058 2271 2345 2373 reliquo
2405 2280 2737 2373 tempore
2792 2292 3171 2348 carcerem
3206 2281 3434 2347 custo-

679 2394 952 2471 diebat.
1027 2396 1100 2472 N
1105 2406 1416 2473 octurno
1471 2408 1722 2474 autem
1779 2397 2089 2473 concilio
2146 2398 2225 2473 in
2277 2408 2624 2475 senatum
2659 2397 2969 2475 veniens
2992 2456 3011 2493 ,
3068 2417 3298 2471 manu
3334 2396 3434 2469 in-

665 2520 874 2621 jecta
908 2544 1125 2619 reges
1163 2520 1562 2619 educebat,
1621 2548 1710 2599 ac
1770 2521 2155 2599 detinebat
2211 2522 2448 2599 donec
2504 2523 2791 2601 occulte
2842 2522 3015 2601 latis
3070 2520 3433 2619 suffragiis

679 2643 774 2723 de
805 2645 896 2723 iis
919 2644 1334 2747 judicasset
1367 2656 1704 2743 senatus,
1770 2646 2145 2747 injustene
2203 2658 2519 2747 agerent
2552 2671 2693 2725 nec
2729 2672 2847 2725 ne.
2904 2644 3431 2753 (Plutarch.

677 2780 1053 2874 quaest.
1099 2796 1227 2872 gr.
1268 2772 1381 2868 2.)

1846 2875 2001 2960 Ad
2038 2876 2271 2962 500.

888 3021 1192 3100 Bekker
1230 3020 1510 3102 Anecd.
1547 3049 1660 3123 gr.
1701 3023 1757 3101 Ι.
1797 3051 1872 3127 p.
1917 3025 2107 3102 226:
2164 3017 2419 3126 γραφή
2458 3027 2614 3098 ἐστι
2654 3015 2871 3112 δίκης
2910 3011 3165 3118 ὄνομα
3176 3077 3200 3112 ,
3240 3023 3425 3094 καθ’

66 3185 68 3234 y
673 3137 770 3236 ἣν
805 3135 997 3245 ὑπὲρ
1032 3143 1191 3224 τῶν
1234 3145 1534 3223 κοινῶν
1589 3141 1943 3238 ἀλλήλοις
1993 3145 2474 3252 γράφονται,
2532 3152 2670 3222 καί
2712 3137 3039 3234 ἆλόντος
3075 3143 3221 3221 τοῦ
3262 3142 3427 3220 διω-

66 3264 68 3346 l
671 3279 1017 3372 κομένου
1053 3269 1234 3373 τιμᾷ
1273 3268 1362 3347 τὸ
1403 3269 1921 3373 δικαστήριον,
1964 3267 2011 3351 ὅ
2048 3304 2121 3348 τι
2150 3267 2305 3373 χρὴ
2349 3277 2634 3350 παθεῖν
2672 3265 2718 3364 ἢ
2756 3267 3137 3348 ἀποτῖσαι.
3198 3275 3313 3368 (Γ
3304 3297 3427 3372 ρα-

673 3394 780 3494 φή
822 3411 935 3478 est
971 3400 1282 3476 actionis
1321 3425 1631 3492 nomen,
1693 3428 1842 3502 qua
1897 3400 1989 3478 de
2044 3401 2365 3503 publicis
2418 3400 2645 3478 rebus
2702 3399 3025 3476 invicem
3060 3409 3419 3491 accusant,

671 3536 744 3601 et
765 3523 1085 3602 tribunal
1107 3523 1449 3600 aestimat
1469 3524 1647 3624 quid
1668 3524 1945 3602 debeat
1978 3551 2148 3602 reus
2186 3523 2721 3602 condemnatus
2752 3525 2909 3627 pati
2930 3535 3059 3600 aut
3079 3523 3420 3625 solvere.)

883 3649 1420 3750 Harpocratio:
1464 3638 2010 3747 Ῥητορικὴ
2069 3643 2323 3751 γραφὴ
2382 3652 2730 3725 καλεῖται
2780 3638 2821 3738 ἦ
2864 3642 3069 3721 κατὰ
3130 3643 3424 3746 ῥήτορος

670 3769 1112 3878 γράψαντός
1150 3803 1219 3848 τι
1259 3765 1306 3866 ἢ
1342 3769 1692 3861 εἰπόντος
1730 3766 1777 3866 ἢ
1813 3768 2239 3872 πράξαντος
2278 3770 2753 3874 παράνομον.
2814 3817 2919 3828 -
2978 3765 3420 3872 Πρυτανικὴ

670 3895 926 4002 γραφή
992 3890 1032 3991 ἦ
1089 3895 1292 3976 κατὰ
1336 3896 1818 3998 Πρυτάνεως.
1880 3945 1983 3956 --
2030 3895 2529 3991 Ἐπιστατικὴ
2587 3895 2842 4003 γραφὴ
2905 3889 2945 3992 ἦ
3004 3905 3181 3973 κατ’
3216 3893 3423 3973 ‘Em-

671 4020 971 4100 στὰτου.
1031 4027 1475 4120 (Rhetorica
1529 4028 1718 4104 actio
1775 4039 2121 4122 vocatur,
2180 4054 2370 4128 quae
2426 4028 2829 4106 instituitur
2884 4038 3149 4106 contra
3202 4037 3423 4104 orato-

667 4177 867 4248 rem,
932 4152 1057 4255 qui
1097 4163 1360 4230 contra
1395 4154 1602 4251 leges
1639 4153 1936 4253 rogavit
1974 4164 2103 4229 aut
2142 4152 2328 4229 dixit
2365 4164 2495 4228 aut
2534 4154 2706 4253 egit.
2767 4197 2867 4210 -
2924 4149 3145 4230 Actio
3183 4163 3419 4254 pryta-

669 4276 874 4370 nica,
931 4302 1123 4377 quae
1181 4286 1444 4355 contra
1492 4278 1939 4379 Prytanem,
1996 4277 2422 4380 epistatica,
2481 4303 2670 4379 quae
2728 4288 2989 4354 contra
3044 4278 3419 4378 Epistaten

667 4401 1142 4497 instituitur.)

882 4524 994 4602 Cf.
1051 4524 1117 4603 Ο
1142 4539 1220 4604 tt
1241 4553 1325 4603 o:
1380 4529 1496 4604 De
1533 4526 2103 4604 Atheniensium
2158 4528 2575 4606 actionibus
2632 4529 3055 4606 forensibus
3090 4527 3413 4630 publicis.

669 4652 1019 4754 (Torpat.
1064 4651 1334 4745 1852.)
1839 4755 1991 4838 Ad
2031 4757 2233 4840 0⁰³

880 4903 1150 4980 Pollux
1185 4901 1396 4999 VIII,
1439 4903 1530 4978 41
1565 4931 1583 4979 :
1630 4896 2123 4978 Ἐκαλοῦντο
2163 4902 2239 4975 αἱ
2281 4906 2574 5003 γραφαὶ
2614 4904 2752 4976 καὶ
2794 4898 3046 4990 δι’και,
3112 4895 3205 4976 οὔ
3238 4905 3411 4998 μέν·

667 5057 784 5103 τοι
823 5031 962 5102 καὶ
1003 5029 1079 5102 αἱ
1124 5026 1334 5103 δίκαι
1360 5082 1382 5117 ,
1442 5030 1756 5130 γραφαί.
1836 5033 1929 5125 (1
1940 5031 2187 5126 ’ραφαί
2228 5029 2695 5108 vocabantur
2734 5029 2955 5106 etiam
2996 5021 3259 5116 δίκαι,
3295 5025 3409 5103 sed

668 5151 880 5228 δίκαι
920 5183 1068 5234 non
1107 5155 1573 5234 vocabantur
1610 5157 1973 5258 γραφαί.)
