<?xml version="1.0" encoding="UTF-8"?>
<!DOCTYPE html PUBLIC "-//W3C//DTD XHTML 1.0 Transitional//EN"
    "http://www.w3.org/TR/xhtml1/DTD/xhtml1-transitional.dtd">
<html xmlns="http://www.w3.org/1999/xhtml" xml:lang="en" lang="en">
 <head>
  <title>
</title>
<meta http-equiv="Content-Type" content="text/html;charset=utf-8" />
  <meta name='ocr-system' content='tesseract 3.04.00' />
  <meta name='ocr-capabilities' content='ocr_page ocr_carea ocr_par ocr_line ocrx_word'/>
</head>
<body>
  <div class='ocr_page' id='page_1' title='image "./synaggtnattiknn01tlgoog_0600.png"; bbox 0 0 3725 5850; ppageno 0'>
   <div class='ocr_carea' id='block_1_1' title="bbox 692 379 2756 457">
    <p class='ocr_par' dir='ltr' id='par_1_1' title="bbox 692 379 2756 457">
     <span class='ocr_line' id='line_1_1' title="bbox 692 379 2756 457; baseline 0.001 -3"><span class='ocrx_word' id='word_1_1' title='bbox 692 379 851 456; x_wconf 71' lang='lat'>5⁴74</span> <span class='ocrx_word' id='word_1_2' title='bbox 1392 403 2010 457; x_wconf 71' lang='lat' dir='ltr'>commaermus</span> <span class='ocrx_word' id='word_1_3' title='bbox 2049 401 2152 452; x_wconf 72' lang='lat' dir='ltr'>An</span> <span class='ocrx_word' id='word_1_4' title='bbox 2197 399 2351 455; x_wconf 75' lang='lat'><strong>1162.</strong></span> <span class='ocrx_word' id='word_1_5' title='bbox 2399 398 2556 455; x_wconf 74' lang='lat' dir='ltr'>uss.</span> <span class='ocrx_word' id='word_1_6' title='bbox 2601 400 2756 456; x_wconf 81' lang='lat'><strong>1167.</strong></span> 
     </span>
    </p>
   </div>
   <div class='ocr_carea' id='block_1_2' title="bbox 1854 587 2436 672">
    <p class='ocr_par' dir='ltr' id='par_1_2' title="bbox 1854 587 2436 672">
     <span class='ocr_line' id='line_1_2' title="bbox 1854 587 2436 672; baseline -0.01 -2"><span class='ocrx_word' id='word_1_7' title='bbox 1854 587 2009 671; x_wconf 73' lang='lat' dir='ltr'>Ad</span> <span class='ocrx_word' id='word_1_8' title='bbox 2043 589 2312 672; x_wconf 71' lang='lat' dir='ltr'>nea.</span> <span class='ocrx_word' id='word_1_9' title='bbox 2424 651 2436 664; x_wconf 91' lang='lat'><strong>.</strong></span> 
     </span>
    </p>
   </div>
   <div class='ocr_carea' id='block_1_3' title="bbox 692 733 3484 1958">
    <p class='ocr_par' dir='ltr' id='par_1_3' title="bbox 692 733 3484 1958">
     <span class='ocr_line' id='line_1_3' title="bbox 906 733 3478 839; baseline -0.002 -25"><span class='ocrx_word' id='word_1_10' title='bbox 906 739 993 814; x_wconf 88' lang='lat' dir='ltr'>In</span> <span class='ocrx_word' id='word_1_11' title='bbox 1033 737 1295 814; x_wconf 89' lang='lat' dir='ltr'>eodem</span> <span class='ocrx_word' id='word_1_12' title='bbox 1338 737 1861 839; x_wconf 86' lang='lat' dir='ltr'>Xenophontis</span> <span class='ocrx_word' id='word_1_13' title='bbox 1918 735 2085 813; x_wconf 93' lang='lat' dir='ltr'>loco</span> <span class='ocrx_word' id='word_1_14' title='bbox 2143 735 2326 812; x_wconf 90' lang='lat' dir='ltr'>dicit</span> <span class='ocrx_word' id='word_1_15' title='bbox 2363 735 2745 828; x_wconf 85' lang='lat' dir='ltr'>Socrates,</span> <span class='ocrx_word' id='word_1_16' title='bbox 2807 735 3176 812; x_wconf 87' lang='lat' dir='ltr'>civitatem</span> <span class='ocrx_word' id='word_1_17' title='bbox 3236 733 3478 810; x_wconf 88' lang='lat' dir='ltr'>alte-</span> 
     </span>
     <span class='ocr_line' id='line_1_4' title="bbox 692 861 3479 961; baseline -0 -23"><span class='ocrx_word' id='word_1_18' title='bbox 692 865 897 939; x_wconf 90' lang='lat' dir='ltr'>rius</span> <span class='ocrx_word' id='word_1_19' title='bbox 954 861 1332 938; x_wconf 90' lang='lat' dir='ltr'>nullius</span> <span class='ocrx_word' id='word_1_20' title='bbox 1388 861 1937 961; x_wconf 81' lang='lat' dir='ltr'>ingratitudinis</span> <span class='ocrx_word' id='word_1_21' title='bbox 1977 861 2250 940; x_wconf 84' lang='lat' dir='ltr'>habere</span> <span class='ocrx_word' id='word_1_22' title='bbox 2289 863 2684 950; x_wconf 80' lang='lat' dir='ltr'>rationem,</span> <span class='ocrx_word' id='word_1_23' title='bbox 2751 887 2890 938; x_wconf 89' lang='lat' dir='ltr'>nec</span> <span class='ocrx_word' id='word_1_24' title='bbox 2924 864 3004 938; x_wconf 92' lang='lat' dir='ltr'>in</span> <span class='ocrx_word' id='word_1_25' title='bbox 3045 887 3208 940; x_wconf 85' lang='lat' dir='ltr'>eam</span> <span class='ocrx_word' id='word_1_26' title='bbox 3247 862 3479 939; x_wconf 87' lang='lat' dir='ltr'>actio·</span> 
     </span>
     <span class='ocr_line' id='line_1_5' title="bbox 692 986 3484 1087; baseline -0.001 -23"><span class='ocrx_word' id='word_1_27' title='bbox 692 1013 863 1065; x_wconf 91' lang='lat' dir='ltr'>nem</span> <span class='ocrx_word' id='word_1_28' title='bbox 904 988 1118 1081; x_wconf 83' lang='lat' dir='ltr'>dare,</span> <span class='ocrx_word' id='word_1_29' title='bbox 1178 986 1310 1064; x_wconf 85' lang='lat' dir='ltr'>sed</span> <span class='ocrx_word' id='word_1_30' title='bbox 1368 1013 1641 1087; x_wconf 91' lang='lat' dir='ltr'>susque</span> <span class='ocrx_word' id='word_1_31' title='bbox 1698 987 1940 1085; x_wconf 83' lang='lat' dir='ltr'><strong>deque</strong></span> <span class='ocrx_word' id='word_1_32' title='bbox 1996 987 2233 1080; x_wconf 86' lang='lat' dir='ltr'>ferre,</span> <span class='ocrx_word' id='word_1_33' title='bbox 2293 987 2354 1063; x_wconf 90' lang='lat' dir='ltr'>si</span> <span class='ocrx_word' id='word_1_34' title='bbox 2410 986 2790 1063; x_wconf 87' lang='lat' dir='ltr'>beneficiis</span> <span class='ocrx_word' id='word_1_35' title='bbox 2847 989 3090 1065; x_wconf 88' lang='lat' dir='ltr'>affecti</span> <span class='ocrx_word' id='word_1_36' title='bbox 3148 989 3484 1086; x_wconf 80' lang='lat' dir='ltr'>gratiam</span> 
     </span>
     <span class='ocr_line' id='line_1_6' title="bbox 692 1086 3482 1212; baseline -0 -23"><span class='ocrx_word' id='word_1_37' title='bbox 692 1140 848 1190; x_wconf 83' lang='lat' dir='ltr'>non</span> <span class='ocrx_word' id='word_1_38' title='bbox 888 1111 1238 1190; x_wconf 83' lang='lat' dir='ltr'>referant.</span> <span class='ocrx_word' id='word_1_39' title='bbox 1280 1111 1497 1188; x_wconf 87' lang='lat' dir='ltr'>Unde</span> <span class='ocrx_word' id='word_1_40' title='bbox 1534 1121 1741 1212; x_wconf 87' lang='lat' dir='ltr'>patet</span> <span class='ocrx_word' id='word_1_41' title='bbox 1770 1110 2068 1186; x_wconf 90' lang='lat' dir='ltr'>nonnisi</span> <span class='ocrx_word' id='word_1_42' title='bbox 2109 1123 2369 1186; x_wconf 86' lang='lat' dir='ltr'>eontra</span> <span class='ocrx_word' id='word_1_43' title='bbox 2405 1086 2743 1208; x_wconf 75' lang='lat' dir='ltr'>ingratos</span> <span class='ocrx_word' id='word_1_44' title='bbox 2780 1113 2858 1186; x_wconf 90' lang='lat' dir='ltr'>in</span> <span class='ocrx_word' id='word_1_45' title='bbox 2895 1122 3241 1211; x_wconf 88' lang='lat' dir='ltr'>parentes</span> <span class='ocrx_word' id='word_1_46' title='bbox 3281 1112 3482 1188; x_wconf 90' lang='lat' dir='ltr'>filios</span> 
     </span>
     <span class='ocr_line' id='line_1_7' title="bbox 692 1229 3478 1338; baseline -0.001 -23"><span class='ocrx_word' id='word_1_47' title='bbox 692 1240 941 1315; x_wconf 88' lang='lat' dir='ltr'>datam</span> <span class='ocrx_word' id='word_1_48' title='bbox 999 1237 1223 1314; x_wconf 87' lang='lat' dir='ltr'>fuisse</span> <span class='ocrx_word' id='word_1_49' title='bbox 1278 1230 1593 1338; x_wconf 76' lang='grc' dir='ltr'><strong><em>γραφὴν</em></strong></span> <span class='ocrx_word' id='word_1_50' title='bbox 1630 1229 2104 1332; x_wconf 78' lang='grc' dir='ltr'><strong><em>ἀχαριστίας.</em></strong></span> <span class='ocrx_word' id='word_1_51' title='bbox 2181 1234 2261 1310; x_wconf 88' lang='lat' dir='ltr'>Si</span> <span class='ocrx_word' id='word_1_52' title='bbox 2317 1235 2548 1334; x_wconf 88' lang='lat' dir='ltr'>igitur</span> <span class='ocrx_word' id='word_1_53' title='bbox 2587 1236 2961 1313; x_wconf 87' lang='lat' dir='ltr'>Lucianus</span> <span class='ocrx_word' id='word_1_54' title='bbox 3017 1237 3196 1313; x_wconf 86' lang='lat' dir='ltr'>dicit</span> <span class='ocrx_word' id='word_1_55' title='bbox 3253 1236 3376 1329; x_wconf 89' lang='lat' dir='ltr'>(A</span> <span class='ocrx_word' id='word_1_56' title='bbox 3393 1239 3478 1312; x_wconf 91' lang='lat' dir='ltr'>b-</span> 
     </span>
     <span class='ocr_line' id='line_1_8' title="bbox 695 1361 3478 1462; baseline -0.001 -24"><span class='ocrx_word' id='word_1_57' title='bbox 695 1362 981 1439; x_wconf 87' lang='lat' dir='ltr'>dicat.</span> <span class='ocrx_word' id='word_1_58' title='bbox 1026 1361 1189 1455; x_wconf 87' lang='lat'>19),</span> <span class='ocrx_word' id='word_1_59' title='bbox 1247 1362 1444 1462; x_wconf 83' lang='lat' dir='ltr'>quod</span> <span class='ocrx_word' id='word_1_60' title='bbox 1501 1362 1702 1459; x_wconf 89' lang='lat' dir='ltr'>leges</span> <span class='ocrx_word' id='word_1_61' title='bbox 1758 1361 2034 1459; x_wconf 81' lang='lat' dir='ltr'>ingrati</span> <span class='ocrx_word' id='word_1_62' title='bbox 2091 1361 2318 1437; x_wconf 86' lang='lat' dir='ltr'>animi</span> <span class='ocrx_word' id='word_1_63' title='bbox 2365 1361 2724 1461; x_wconf 88' lang='lat' dir='ltr'>judicium</span> <span class='ocrx_word' id='word_1_64' title='bbox 2775 1361 2954 1437; x_wconf 85' lang='lat' dir='ltr'>dent</span> <span class='ocrx_word' id='word_1_65' title='bbox 3003 1375 3262 1438; x_wconf 87' lang='lat' dir='ltr'>contra</span> <span class='ocrx_word' id='word_1_66' title='bbox 3301 1389 3478 1454; x_wconf 78' lang='lat' dir='ltr'>eoS‚</span> 
     </span>
     <span class='ocr_line' id='line_1_9' title="bbox 700 1479 3480 1588; baseline -0.003 -23"><span class='ocrx_word' id='word_1_67' title='bbox 700 1488 830 1588; x_wconf 90' lang='lat' dir='ltr'>qui</span> <span class='ocrx_word' id='word_1_68' title='bbox 863 1490 1057 1565; x_wconf 89' lang='lat' dir='ltr'>bene</span> <span class='ocrx_word' id='word_1_69' title='bbox 1098 1486 1186 1563; x_wconf 89' lang='lat' dir='ltr'>de</span> <span class='ocrx_word' id='word_1_70' title='bbox 1226 1513 1304 1564; x_wconf 89' lang='lat' dir='ltr'>se</span> <span class='ocrx_word' id='word_1_71' title='bbox 1342 1486 1619 1562; x_wconf 90' lang='lat' dir='ltr'>meritis</span> <span class='ocrx_word' id='word_1_72' title='bbox 1656 1487 1974 1584; x_wconf 80' lang='lat' dir='ltr'>gratiam</span> <span class='ocrx_word' id='word_1_73' title='bbox 2013 1511 2166 1562; x_wconf 89' lang='lat' dir='ltr'>non</span> <span class='ocrx_word' id='word_1_74' title='bbox 2218 1485 2602 1562; x_wconf 80' lang='lat' dir='ltr'>retulerint</span> <span class='ocrx_word' id='word_1_75' title='bbox 2659 1485 2775 1578; x_wconf 83' lang='grc' dir='ltr'><strong><em>(οἱ</em></strong></span> <span class='ocrx_word' id='word_1_76' title='bbox 2818 1479 3048 1582; x_wconf 85' lang='grc' dir='ltr'><strong><em>νόμοι</em></strong></span> <span class='ocrx_word' id='word_1_77' title='bbox 3084 1487 3225 1558; x_wconf 82' lang='grc' dir='ltr'><strong><em>καὶ</em></strong></span> <span class='ocrx_word' id='word_1_78' title='bbox 3266 1479 3480 1579; x_wconf 79' lang='grc' dir='ltr'><strong><em>ἀχα-</em></strong></span> 
     </span>
     <span class='ocr_line' id='line_1_10' title="bbox 692 1600 3484 1712; baseline -0.002 -25"><span class='ocrx_word' id='word_1_79' title='bbox 692 1612 984 1711; x_wconf 83' lang='grc' dir='ltr'><strong><em>ριστίας</em></strong></span> <span class='ocrx_word' id='word_1_80' title='bbox 1043 1606 1503 1704; x_wconf 75' lang='grc' dir='ltr'><strong><em>δικάζεσθαι</em></strong></span> <span class='ocrx_word' id='word_1_81' title='bbox 1561 1605 1859 1684; x_wconf 84' lang='grc' dir='ltr'><strong><em>διδόασι</em></strong></span> <span class='ocrx_word' id='word_1_82' title='bbox 1915 1603 2120 1681; x_wconf 73' lang='grc' dir='ltr'><strong><em>κατὰ</em></strong></span> <span class='ocrx_word' id='word_1_83' title='bbox 2174 1604 2334 1682; x_wconf 76' lang='grc' dir='ltr'><strong><em>τῶν</em></strong></span> <span class='ocrx_word' id='word_1_84' title='bbox 2381 1605 2564 1696; x_wconf 77' lang='grc' dir='ltr'>τούς</span> <span class='ocrx_word' id='word_1_85' title='bbox 2601 1603 2996 1712; x_wconf 81' lang='grc' dir='ltr'><strong><em>εὐεργέτας</em></strong></span> <span class='ocrx_word' id='word_1_86' title='bbox 3022 1605 3132 1708; x_wconf 78' lang='grc' dir='ltr'>μὴ</span> <span class='ocrx_word' id='word_1_87' title='bbox 3175 1605 3350 1684; x_wconf 81' lang='grc' dir='ltr'><strong><em>ἀντ’</em></strong></span> <span class='ocrx_word' id='word_1_88' title='bbox 3391 1600 3484 1683; x_wconf 73' lang='grc' dir='ltr'><strong><em>εὖ</em></strong></span> 
     </span>
     <span class='ocr_line' id='line_1_11' title="bbox 696 1733 3469 1837; baseline 0.001 -27"><span class='ocrx_word' id='word_1_89' title='bbox 696 1733 1203 1829; x_wconf 78' lang='grc' dir='ltr'><strong><em>ποιούντων),</em></strong></span> <span class='ocrx_word' id='word_1_90' title='bbox 1260 1736 1337 1813; x_wconf 89' lang='lat' dir='ltr'>id</span> <span class='ocrx_word' id='word_1_91' title='bbox 1392 1737 1587 1813; x_wconf 87' lang='lat' dir='ltr'>forte</span> <span class='ocrx_word' id='word_1_92' title='bbox 1645 1735 1768 1812; x_wconf 89' lang='lat' dir='ltr'>vel</span> <span class='ocrx_word' id='word_1_93' title='bbox 1812 1734 1907 1812; x_wconf 90' lang='lat' dir='ltr'>de</span> <span class='ocrx_word' id='word_1_94' title='bbox 1945 1734 2206 1810; x_wconf 89' lang='lat' dir='ltr'>seriori</span> <span class='ocrx_word' id='word_1_95' title='bbox 2244 1745 2522 1829; x_wconf 87' lang='lat' dir='ltr'>aetate,</span> <span class='ocrx_word' id='word_1_96' title='bbox 2583 1736 2704 1814; x_wconf 92' lang='lat' dir='ltr'>vel</span> <span class='ocrx_word' id='word_1_97' title='bbox 2741 1735 2834 1812; x_wconf 89' lang='lat' dir='ltr'>de</span> <span class='ocrx_word' id='word_1_98' title='bbox 2873 1735 3188 1812; x_wconf 86' lang='lat' dir='ltr'>aliorum</span> <span class='ocrx_word' id='word_1_99' title='bbox 3225 1761 3469 1837; x_wconf 87' lang='lat' dir='ltr'>popu·</span> 
     </span>
     <span class='ocr_line' id='line_1_12' title="bbox 693 1859 2102 1958; baseline -0.004 -18"><span class='ocrx_word' id='word_1_100' title='bbox 693 1863 931 1940; x_wconf 88' lang='lat' dir='ltr'>lorum</span> <span class='ocrx_word' id='word_1_101' title='bbox 968 1862 1327 1940; x_wconf 88' lang='lat' dir='ltr'>institutis</span> <span class='ocrx_word' id='word_1_102' title='bbox 1366 1859 1934 1958; x_wconf 83' lang='lat' dir='ltr'>intelligendum</span> <span class='ocrx_word' id='word_1_103' title='bbox 1973 1871 2102 1936; x_wconf 90' lang='lat' dir='ltr'>est.</span> 
     </span>
    </p>
   </div>
   <div class='ocr_carea' id='block_1_4' title="bbox 1855 2068 2310 2153">
    <p class='ocr_par' dir='ltr' id='par_1_4' title="bbox 1855 2068 2310 2153">
     <span class='ocr_line' id='line_1_13' title="bbox 1855 2068 2310 2153; baseline 0 -1"><span class='ocrx_word' id='word_1_104' title='bbox 1855 2068 2008 2152; x_wconf 73' lang='lat' dir='ltr'>Ad</span> <span class='ocrx_word' id='word_1_105' title='bbox 2044 2072 2310 2153; x_wconf 75' lang='lat' dir='ltr'>noe.</span> 
     </span>
    </p>
   </div>
   <div class='ocr_carea' id='block_1_5' title="bbox 696 2235 3484 2940">
    <p class='ocr_par' dir='ltr' id='par_1_5' title="bbox 696 2235 3484 2940">
     <span class='ocr_line' id='line_1_14' title="bbox 910 2235 3476 2342; baseline -0.002 -26"><span class='ocrx_word' id='word_1_106' title='bbox 910 2239 973 2316; x_wconf 84' lang='lat' dir='ltr'>E</span> <span class='ocrx_word' id='word_1_107' title='bbox 1024 2237 1489 2342; x_wconf 87' lang='lat' dir='ltr'>praescripto</span> <span class='ocrx_word' id='word_1_108' title='bbox 1550 2237 1839 2335; x_wconf 83' lang='lat' dir='ltr'>Legum</span> <span class='ocrx_word' id='word_1_109' title='bbox 1877 2235 2210 2314; x_wconf 85' lang='lat' dir='ltr'>Platonis</span> <span class='ocrx_word' id='word_1_110' title='bbox 2269 2236 2489 2330; x_wconf 82' lang='lat'>(880,</span> <span class='ocrx_word' id='word_1_111' title='bbox 2527 2235 2836 2330; x_wconf 80' lang='lat' dir='ltr'>B—D)‚</span> <span class='ocrx_word' id='word_1_112' title='bbox 2897 2236 2956 2313; x_wconf 91' lang='lat' dir='ltr'>si</span> <span class='ocrx_word' id='word_1_113' title='bbox 2996 2239 3164 2335; x_wconf 89' lang='lat' dir='ltr'>quis</span> <span class='ocrx_word' id='word_1_114' title='bbox 3201 2235 3476 2335; x_wconf 87' lang='lat' dir='ltr'>viginti</span> 
     </span>
     <span class='ocr_line' id='line_1_15' title="bbox 696 2361 3484 2463; baseline -0.003 -23"><span class='ocrx_word' id='word_1_115' title='bbox 696 2365 912 2442; x_wconf 84' lang='lat' dir='ltr'>annis</span> <span class='ocrx_word' id='word_1_116' title='bbox 950 2364 1072 2438; x_wconf 89' lang='lat' dir='ltr'>vel</span> <span class='ocrx_word' id='word_1_117' title='bbox 1110 2362 1426 2463; x_wconf 88' lang='lat' dir='ltr'>amplius</span> <span class='ocrx_word' id='word_1_118' title='bbox 1464 2387 1543 2438; x_wconf 89' lang='lat' dir='ltr'>se</span> <span class='ocrx_word' id='word_1_119' title='bbox 1584 2362 1953 2438; x_wconf 81' lang='lat' dir='ltr'>seniorem</span> <span class='ocrx_word' id='word_1_120' title='bbox 1991 2363 2369 2455; x_wconf 84' lang='lat' dir='ltr'>verberat,</span> <span class='ocrx_word' id='word_1_121' title='bbox 2413 2361 2903 2438; x_wconf 81' lang='lat' dir='ltr'>contumeliae</span> <span class='ocrx_word' id='word_1_122' title='bbox 2939 2387 3111 2437; x_wconf 91' lang='lat' dir='ltr'>reus</span> <span class='ocrx_word' id='word_1_123' title='bbox 3149 2374 3320 2438; x_wconf 86' lang='lat' dir='ltr'>esto</span> <span class='ocrx_word' id='word_1_124' title='bbox 3343 2420 3362 2453; x_wconf 87' lang='lat'><strong>‚</strong></span> <span class='ocrx_word' id='word_1_125' title='bbox 3407 2370 3484 2436; x_wconf 87' lang='lat' dir='ltr'>et</span> 
     </span>
     <span class='ocr_line' id='line_1_16' title="bbox 700 2486 3475 2598; baseline -0 -36"><span class='ocrx_word' id='word_1_126' title='bbox 700 2487 1233 2564; x_wconf 87' lang='lat' dir='ltr'>condemnatus</span> <span class='ocrx_word' id='word_1_127' title='bbox 1268 2487 1347 2562; x_wconf 91' lang='lat' dir='ltr'>in</span> <span class='ocrx_word' id='word_1_128' title='bbox 1385 2487 1701 2598; x_wconf 73' lang='lat' dir='ltr'>vinculis</span> <span class='ocrx_word' id='word_1_129' title='bbox 1742 2497 2032 2564; x_wconf 88' lang='lat' dir='ltr'>tenetor</span> <span class='ocrx_word' id='word_1_130' title='bbox 2068 2513 2219 2564; x_wconf 89' lang='lat' dir='ltr'>non</span> <span class='ocrx_word' id='word_1_131' title='bbox 2257 2489 2504 2564; x_wconf 90' lang='lat' dir='ltr'>minus</span> <span class='ocrx_word' id='word_1_132' title='bbox 2553 2513 2775 2562; x_wconf 87' lang='lat' dir='ltr'>anno.</span> <span class='ocrx_word' id='word_1_133' title='bbox 2851 2486 2930 2562; x_wconf 89' lang='lat' dir='ltr'>Si</span> <span class='ocrx_word' id='word_1_134' title='bbox 2969 2499 3220 2568; x_wconf 87' lang='lat' dir='ltr'>autem</span> <span class='ocrx_word' id='word_1_135' title='bbox 3260 2511 3475 2588; x_wconf 88' lang='lat' dir='ltr'>pere·</span> 
     </span>
     <span class='ocr_line' id='line_1_17' title="bbox 696 2611 3476 2713; baseline -0.002 -22"><span class='ocrx_word' id='word_1_136' title='bbox 696 2612 955 2710; x_wconf 80' lang='lat' dir='ltr'>grinus</span> <span class='ocrx_word' id='word_1_137' title='bbox 995 2613 1112 2688; x_wconf 84' lang='lat' dir='ltr'>vel</span> <span class='ocrx_word' id='word_1_138' title='bbox 1153 2611 1687 2710; x_wconf 85' lang='lat' dir='ltr'>inquilinorum</span> <span class='ocrx_word' id='word_1_139' title='bbox 1722 2611 1992 2713; x_wconf 87' lang='lat' dir='ltr'>aliquis</span> <span class='ocrx_word' id='word_1_140' title='bbox 2031 2613 2294 2712; x_wconf 72' lang='lat' dir='ltr'>viginti</span> <span class='ocrx_word' id='word_1_141' title='bbox 2331 2613 2550 2692; x_wconf 82' lang='lat' dir='ltr'>annis</span> <span class='ocrx_word' id='word_1_142' title='bbox 2588 2637 2666 2690; x_wconf 90' lang='lat' dir='ltr'>se</span> <span class='ocrx_word' id='word_1_143' title='bbox 2685 2611 3058 2688; x_wconf 83' lang='lat' dir='ltr'>seniorem</span> <span class='ocrx_word' id='word_1_144' title='bbox 3097 2613 3476 2703; x_wconf 80' lang='lat' dir='ltr'>verberat,</span> 
     </span>
     <span class='ocr_line' id='line_1_18' title="bbox 702 2735 3479 2837; baseline -0.002 -22"><span class='ocrx_word' id='word_1_145' title='bbox 702 2738 1093 2815; x_wconf 86' lang='lat' dir='ltr'>damnatus</span> <span class='ocrx_word' id='word_1_146' title='bbox 1133 2738 1209 2812; x_wconf 90' lang='lat' dir='ltr'>in</span> <span class='ocrx_word' id='word_1_147' title='bbox 1237 2735 1523 2837; x_wconf 87' lang='lat' dir='ltr'>judicio</span> <span class='ocrx_word' id='word_1_148' title='bbox 1564 2736 2003 2837; x_wconf 86' lang='lat' dir='ltr'>peregrinus</span> <span class='ocrx_word' id='word_1_149' title='bbox 2043 2738 2228 2813; x_wconf 87' lang='lat' dir='ltr'>duos</span> <span class='ocrx_word' id='word_1_150' title='bbox 2268 2765 2508 2814; x_wconf 85' lang='lat' dir='ltr'>annos</span> <span class='ocrx_word' id='word_1_151' title='bbox 2547 2738 2842 2814; x_wconf 88' lang='lat' dir='ltr'>vinctus</span> <span class='ocrx_word' id='word_1_152' title='bbox 2881 2749 3192 2832; x_wconf 84' lang='lat' dir='ltr'>tenetor,</span> <span class='ocrx_word' id='word_1_153' title='bbox 3231 2737 3479 2834; x_wconf 89' lang='lat' dir='ltr'>inqui-</span> 
     </span>
     <span class='ocr_line' id='line_1_19' title="bbox 699 2863 1597 2940; baseline -0.002 -1"><span class='ocrx_word' id='word_1_154' title='bbox 699 2863 894 2939; x_wconf 81' lang='lat' dir='ltr'>linus</span> <span class='ocrx_word' id='word_1_155' title='bbox 931 2888 1112 2939; x_wconf 84' lang='lat' dir='ltr'>vero</span> <span class='ocrx_word' id='word_1_156' title='bbox 1150 2873 1302 2940; x_wconf 91' lang='lat' dir='ltr'>tres</span> <span class='ocrx_word' id='word_1_157' title='bbox 1339 2886 1597 2939; x_wconf 88' lang='lat' dir='ltr'>annos.</span> 
     </span>
    </p>
   </div>
   <div class='ocr_carea' id='block_1_6' title="bbox 1855 2961 2316 3050">
    <p class='ocr_par' dir='ltr' id='par_1_6' title="bbox 1855 2961 2316 3050">
     <span class='ocr_line' id='line_1_20' title="bbox 1855 2961 2316 3050; baseline 0.007 -3"><span class='ocrx_word' id='word_1_158' title='bbox 1855 2961 2009 3048; x_wconf 75' lang='lat' dir='ltr'>Ad</span> <span class='ocrx_word' id='word_1_159' title='bbox 2047 2968 2316 3050; x_wconf 76' lang='lat'><strong>110⁷.</strong></span> 
     </span>
    </p>
   </div>
   <div class='ocr_carea' id='block_1_7' title="bbox 702 3124 3480 5231">
    <p class='ocr_par' dir='ltr' id='par_1_7' title="bbox 702 3124 3479 3981">
     <span class='ocr_line' id='line_1_21' title="bbox 916 3124 3474 3231; baseline -0.002 -24"><span class='ocrx_word' id='word_1_160' title='bbox 916 3131 1110 3207; x_wconf 87' lang='lat' dir='ltr'>Lex</span> <span class='ocrx_word' id='word_1_161' title='bbox 1169 3124 1577 3205; x_wconf 84' lang='lat' dir='ltr'>Zaleuci</span> <span class='ocrx_word' id='word_1_162' title='bbox 1634 3128 1834 3231; x_wconf 83' lang='lat' dir='ltr'>apud</span> <span class='ocrx_word' id='word_1_163' title='bbox 1890 3130 2297 3207; x_wconf 88' lang='lat' dir='ltr'>Stobaeum</span> <span class='ocrx_word' id='word_1_164' title='bbox 2355 3156 2573 3206; x_wconf 90' lang='lat' dir='ltr'>serm.</span> <span class='ocrx_word' id='word_1_165' title='bbox 2634 3133 2758 3227; x_wconf 79' lang='lat'>44,</span> <span class='ocrx_word' id='word_1_166' title='bbox 2818 3132 2964 3205; x_wconf 80' lang='lat'>21:</span> <span class='ocrx_word' id='word_1_167' title='bbox 3047 3124 3340 3217; x_wconf 82' lang='grc' dir='ltr'><strong><em>Μηδεὶς</em></strong></span> <span class='ocrx_word' id='word_1_168' title='bbox 3399 3124 3474 3201; x_wconf 82' lang='grc' dir='ltr'>δὲ</span> 
     </span>
     <span class='ocr_line' id='line_1_22' title="bbox 703 3248 3474 3357; baseline -0.001 -29"><span class='ocrx_word' id='word_1_169' title='bbox 703 3258 975 3357; x_wconf 77' lang='grc' dir='ltr'><strong><em>λεγέτω</em></strong></span> <span class='ocrx_word' id='word_1_170' title='bbox 1032 3250 1343 3341; x_wconf 75' lang='grc' dir='ltr'><strong><em>κακῶς,</em></strong></span> <span class='ocrx_word' id='word_1_171' title='bbox 1401 3248 1594 3348; x_wconf 81' lang='grc' dir='ltr'><strong><em>μήτε</em></strong></span> <span class='ocrx_word' id='word_1_172' title='bbox 1648 3251 1880 3349; x_wconf 77' lang='grc' dir='ltr'><strong><em>κοινῇ</em></strong></span> <span class='ocrx_word' id='word_1_173' title='bbox 1936 3249 2081 3342; x_wconf 77' lang='grc' dir='ltr'><strong><em>τήν</em></strong></span> <span class='ocrx_word' id='word_1_174' title='bbox 2138 3249 2405 3341; x_wconf 88' lang='grc' dir='ltr'><strong><em>πόλιν,</em></strong></span> <span class='ocrx_word' id='word_1_175' title='bbox 2455 3252 2645 3351; x_wconf 82' lang='grc' dir='ltr'><strong><em>μήτε</em></strong></span> <span class='ocrx_word' id='word_1_176' title='bbox 2705 3253 2867 3353; x_wconf 78' lang='grc' dir='ltr'><strong><em>ἰδίᾳ</em></strong></span> <span class='ocrx_word' id='word_1_177' title='bbox 2925 3250 3066 3328; x_wconf 84' lang='grc' dir='ltr'><strong><em>τὸν</em></strong></span> <span class='ocrx_word' id='word_1_178' title='bbox 3123 3256 3474 3344; x_wconf 85' lang='grc' dir='ltr'><strong><em>πολίτην,</em></strong></span> 
     </span>
     <span class='ocr_line' id='line_1_23' title="bbox 704 3375 3476 3476; baseline 0 -25"><span class='ocrx_word' id='word_1_179' title='bbox 704 3375 871 3453; x_wconf 80' lang='grc' dir='ltr'><strong><em>ἀλλ’</em></strong></span> <span class='ocrx_word' id='word_1_180' title='bbox 930 3380 1003 3453; x_wconf 81' lang='grc' dir='ltr'><strong><em>οἶ</em></strong></span> <span class='ocrx_word' id='word_1_181' title='bbox 1060 3375 1215 3453; x_wconf 75' lang='grc' dir='ltr'><strong><em>τῶν</em></strong></span> <span class='ocrx_word' id='word_1_182' title='bbox 1274 3375 1535 3474; x_wconf 82' lang='grc' dir='ltr'><strong><em>νόμων</em></strong></span> <span class='ocrx_word' id='word_1_183' title='bbox 1590 3375 1934 3472; x_wconf 75' lang='grc' dir='ltr'><strong><em>φύλακες</em></strong></span> <span class='ocrx_word' id='word_1_184' title='bbox 2000 3380 2560 3475; x_wconf 75' lang='grc' dir='ltr'><strong><em>ἐπιμελείσθων</em></strong></span> <span class='ocrx_word' id='word_1_185' title='bbox 2614 3379 2770 3454; x_wconf 77' lang='grc' dir='ltr'><strong><em>τῶν</em></strong></span> <span class='ocrx_word' id='word_1_186' title='bbox 2827 3375 3476 3476; x_wconf 80' lang='grc' dir='ltr'><strong><em>πλημμελούντων</em></strong></span> 
     </span>
     <span class='ocr_line' id='line_1_24' title="bbox 704 3480 3479 3602; baseline 0.001 -26"><span class='ocrx_word' id='word_1_187' title='bbox 704 3500 1008 3602; x_wconf 75' lang='grc' dir='ltr'><strong><em>πρῶτον</em></strong></span> <span class='ocrx_word' id='word_1_188' title='bbox 1072 3506 1221 3601; x_wconf 81' lang='grc' dir='ltr'><strong><em>μὲν</em></strong></span> <span class='ocrx_word' id='word_1_189' title='bbox 1297 3500 1857 3588; x_wconf 74' lang='grc' dir='ltr'><strong><em>νουθετοῦντες</em></strong></span> <span class='ocrx_word' id='word_1_190' title='bbox 1881 3558 1901 3592; x_wconf 89' lang='grc'><strong>,</strong></span> <span class='ocrx_word' id='word_1_191' title='bbox 1960 3500 2102 3578; x_wconf 76' lang='grc' dir='ltr'><strong><em>ἐὰν</em></strong></span> <span class='ocrx_word' id='word_1_192' title='bbox 2174 3501 2252 3579; x_wconf 88' lang='grc' dir='ltr'>δὲ</span> <span class='ocrx_word' id='word_1_193' title='bbox 2317 3500 2427 3600; x_wconf 79' lang='grc' dir='ltr'><em>μή</em></span> <span class='ocrx_word' id='word_1_194' title='bbox 2515 3480 2938 3579; x_wconf 79' lang='grc' dir='ltr'><strong><em>πείθωνται</em></strong></span> <span class='ocrx_word' id='word_1_195' title='bbox 3015 3502 3479 3601; x_wconf 81' lang='grc' dir='ltr'><strong><em>ζημιοῦντες.</em></strong></span> 
     </span>
     <span class='ocr_line' id='line_1_25' title="bbox 704 3630 3476 3735; baseline -0 -28"><span class='ocrx_word' id='word_1_196' title='bbox 704 3630 989 3724; x_wconf 89' lang='lat' dir='ltr'>(Nemo</span> <span class='ocrx_word' id='word_1_197' title='bbox 1028 3632 1222 3709; x_wconf 89' lang='lat' dir='ltr'>male</span> <span class='ocrx_word' id='word_1_198' title='bbox 1263 3632 1462 3709; x_wconf 87' lang='lat' dir='ltr'>dicat</span> <span class='ocrx_word' id='word_1_199' title='bbox 1500 3633 1656 3709; x_wconf 88' lang='lat' dir='ltr'>sive</span> <span class='ocrx_word' id='word_1_200' title='bbox 1698 3631 1994 3733; x_wconf 91' lang='lat' dir='ltr'>publice</span> <span class='ocrx_word' id='word_1_201' title='bbox 2032 3631 2314 3719; x_wconf 78' lang='lat' dir='ltr'>civitati</span> <span class='ocrx_word' id='word_1_202' title='bbox 2353 3634 2510 3708; x_wconf 85' lang='lat' dir='ltr'>sive</span> <span class='ocrx_word' id='word_1_203' title='bbox 2569 3633 2920 3735; x_wconf 87' lang='lat' dir='ltr'>privatim</span> <span class='ocrx_word' id='word_1_204' title='bbox 2959 3632 3142 3727; x_wconf 88' lang='lat' dir='ltr'>civi,</span> <span class='ocrx_word' id='word_1_205' title='bbox 3201 3632 3337 3708; x_wconf 88' lang='lat' dir='ltr'>sed</span> <span class='ocrx_word' id='word_1_206' title='bbox 3375 3632 3476 3706; x_wconf 87' lang='lat' dir='ltr'>le-</span> 
     </span>
     <span class='ocr_line' id='line_1_26' title="bbox 704 3755 3478 3858; baseline 0.001 -29"><span class='ocrx_word' id='word_1_207' title='bbox 704 3781 883 3853; x_wconf 86' lang='lat' dir='ltr'>gum</span> <span class='ocrx_word' id='word_1_208' title='bbox 923 3755 1267 3831; x_wconf 86' lang='lat' dir='ltr'>custodes</span> <span class='ocrx_word' id='word_1_209' title='bbox 1306 3780 1563 3831; x_wconf 88' lang='lat' dir='ltr'>curam</span> <span class='ocrx_word' id='word_1_210' title='bbox 1599 3756 1932 3832; x_wconf 86' lang='lat' dir='ltr'>habeant</span> <span class='ocrx_word' id='word_1_211' title='bbox 1968 3756 2598 3855; x_wconf 85' lang='lat' dir='ltr'>delinquentium,</span> <span class='ocrx_word' id='word_1_212' title='bbox 2655 3758 2969 3858; x_wconf 90' lang='lat' dir='ltr'>primum</span> <span class='ocrx_word' id='word_1_213' title='bbox 3007 3756 3308 3856; x_wconf 87' lang='lat' dir='ltr'>quidem</span> <span class='ocrx_word' id='word_1_214' title='bbox 3354 3756 3478 3832; x_wconf 89' lang='lat' dir='ltr'>ad-</span> 
     </span>
     <span class='ocr_line' id='line_1_27' title="bbox 702 3880 2576 3981; baseline 0.002 -26"><span class='ocrx_word' id='word_1_215' title='bbox 702 3880 1119 3974; x_wconf 80' lang='lat' dir='ltr'>monendO,</span> <span class='ocrx_word' id='word_1_216' title='bbox 1179 3881 1239 3956; x_wconf 90' lang='lat' dir='ltr'>si</span> <span class='ocrx_word' id='word_1_217' title='bbox 1277 3907 1455 3956; x_wconf 85' lang='lat' dir='ltr'>vero</span> <span class='ocrx_word' id='word_1_218' title='bbox 1496 3906 1648 3956; x_wconf 89' lang='lat' dir='ltr'>non</span> <span class='ocrx_word' id='word_1_219' title='bbox 1688 3882 2077 3975; x_wconf 87' lang='lat' dir='ltr'>obediant,</span> <span class='ocrx_word' id='word_1_220' title='bbox 2133 3882 2576 3981; x_wconf 66' lang='lat' dir='ltr'>punienda)</span> 
     </span>
    </p>

    <p class='ocr_par' dir='ltr' id='par_1_8' title="bbox 702 4004 3480 4731">
     <span class='ocr_line' id='line_1_28' title="bbox 921 4004 3478 4107; baseline 0 -26"><span class='ocrx_word' id='word_1_221' title='bbox 921 4004 1347 4081; x_wconf 87' lang='lat' dir='ltr'>Secundum</span> <span class='ocrx_word' id='word_1_222' title='bbox 1386 4004 1720 4081; x_wconf 83' lang='lat' dir='ltr'>Platonis</span> <span class='ocrx_word' id='word_1_223' title='bbox 1759 4004 2002 4103; x_wconf 89' lang='lat' dir='ltr'>Leges</span> <span class='ocrx_word' id='word_1_224' title='bbox 2041 4006 2260 4099; x_wconf 81' lang='lat'>(954,</span> <span class='ocrx_word' id='word_1_225' title='bbox 2303 4008 2433 4102; x_wconf 84' lang='lat' dir='ltr'>E),</span> <span class='ocrx_word' id='word_1_226' title='bbox 2491 4006 2552 4081; x_wconf 91' lang='lat' dir='ltr'>si</span> <span class='ocrx_word' id='word_1_227' title='bbox 2609 4006 2774 4106; x_wconf 89' lang='lat' dir='ltr'>quis</span> <span class='ocrx_word' id='word_1_228' title='bbox 2811 4005 3136 4105; x_wconf 86' lang='lat' dir='ltr'>aliquem</span> <span class='ocrx_word' id='word_1_229' title='bbox 3171 4006 3249 4081; x_wconf 89' lang='lat' dir='ltr'>in</span> <span class='ocrx_word' id='word_1_230' title='bbox 3278 4004 3478 4107; x_wconf 85' lang='lat' dir='ltr'>judi-</span> 
     </span>
     <span class='ocr_line' id='line_1_29' title="bbox 704 4129 3480 4233; baseline -0.001 -27"><span class='ocrx_word' id='word_1_231' title='bbox 704 4131 818 4206; x_wconf 88' lang='lat' dir='ltr'>cio</span> <span class='ocrx_word' id='word_1_232' title='bbox 858 4130 1117 4206; x_wconf 85' lang='lat' dir='ltr'>adesse</span> <span class='ocrx_word' id='word_1_233' title='bbox 1158 4129 1539 4230; x_wconf 86' lang='lat' dir='ltr'>prohibuit</span> <span class='ocrx_word' id='word_1_234' title='bbox 1578 4130 1652 4204; x_wconf 88' lang='lat' dir='ltr'>vi</span> <span class='ocrx_word' id='word_1_235' title='bbox 1690 4132 1811 4205; x_wconf 85' lang='lat' dir='ltr'>vel</span> <span class='ocrx_word' id='word_1_236' title='bbox 1847 4132 2089 4233; x_wconf 90' lang='lat' dir='ltr'>ipsum</span> <span class='ocrx_word' id='word_1_237' title='bbox 2129 4132 2250 4208; x_wconf 88' lang='lat' dir='ltr'>vel</span> <span class='ocrx_word' id='word_1_238' title='bbox 2287 4144 2531 4226; x_wconf 81' lang='lat' dir='ltr'>testes,</span> <span class='ocrx_word' id='word_1_239' title='bbox 2583 4133 2645 4207; x_wconf 89' lang='lat' dir='ltr'>si</span> <span class='ocrx_word' id='word_1_240' title='bbox 2684 4132 2982 4231; x_wconf 86' lang='lat' dir='ltr'>quidem</span> <span class='ocrx_word' id='word_1_241' title='bbox 3014 4155 3319 4207; x_wconf 85' lang='lat' dir='ltr'>servum</span> <span class='ocrx_word' id='word_1_242' title='bbox 3359 4132 3480 4206; x_wconf 85' lang='lat' dir='ltr'>vel</span> 
     </span>
     <span class='ocr_line' id='line_1_30' title="bbox 702 4253 3480 4357; baseline 0 -29"><span class='ocrx_word' id='word_1_243' title='bbox 702 4256 937 4356; x_wconf 90' lang='lat' dir='ltr'>ipsius</span> <span class='ocrx_word' id='word_1_244' title='bbox 976 4256 1099 4330; x_wconf 85' lang='lat' dir='ltr'>vel</span> <span class='ocrx_word' id='word_1_245' title='bbox 1137 4253 1453 4329; x_wconf 88' lang='lat' dir='ltr'>alienum</span> <span class='ocrx_word' id='word_1_246' title='bbox 1494 4254 1908 4354; x_wconf 85' lang='lat' dir='ltr'>prohibuit,</span> <span class='ocrx_word' id='word_1_247' title='bbox 1966 4256 2324 4331; x_wconf 89' lang='lat' dir='ltr'>infectum</span> <span class='ocrx_word' id='word_1_248' title='bbox 2365 4267 2439 4331; x_wconf 88' lang='lat' dir='ltr'>et</span> <span class='ocrx_word' id='word_1_249' title='bbox 2474 4259 2762 4333; x_wconf 84' lang='lat' dir='ltr'>irritum</span> <span class='ocrx_word' id='word_1_250' title='bbox 2799 4258 2930 4333; x_wconf 86' lang='lat' dir='ltr'>fiat</span> <span class='ocrx_word' id='word_1_251' title='bbox 2956 4254 3364 4357; x_wconf 82' lang='lat' dir='ltr'>judicium3</span> <span class='ocrx_word' id='word_1_252' title='bbox 3423 4257 3480 4329; x_wconf 87' lang='lat' dir='ltr'>si</span> 
     </span>
     <span class='ocr_line' id='line_1_31' title="bbox 705 4378 3476 4479; baseline 0.001 -26"><span class='ocrx_word' id='word_1_253' title='bbox 705 4405 885 4456; x_wconf 88' lang='lat' dir='ltr'>vero</span> <span class='ocrx_word' id='word_1_254' title='bbox 926 4378 1277 4473; x_wconf 86' lang='lat' dir='ltr'>liberum,</span> <span class='ocrx_word' id='word_1_255' title='bbox 1335 4396 1849 4479; x_wconf 86' lang='lat' dir='ltr'>praeterquam</span> <span class='ocrx_word' id='word_1_256' title='bbox 1908 4380 2105 4478; x_wconf 92' lang='lat' dir='ltr'>quod</span> <span class='ocrx_word' id='word_1_257' title='bbox 2158 4382 2522 4457; x_wconf 87' lang='lat' dir='ltr'>infectum</span> <span class='ocrx_word' id='word_1_258' title='bbox 2572 4380 2703 4476; x_wconf 88' lang='lat' dir='ltr'>sit,</span> <span class='ocrx_word' id='word_1_259' title='bbox 2763 4384 2840 4455; x_wconf 83' lang='lat' dir='ltr'>in</span> <span class='ocrx_word' id='word_1_260' title='bbox 2879 4382 3190 4457; x_wconf 85' lang='lat' dir='ltr'>vinculis</span> <span class='ocrx_word' id='word_1_261' title='bbox 3227 4397 3476 4458; x_wconf 85' lang='lat' dir='ltr'>tenea-</span> 
     </span>
     <span class='ocr_line' id='line_1_32' title="bbox 703 4496 3476 4605; baseline 0 -28"><span class='ocrx_word' id='word_1_262' title='bbox 703 4517 823 4579; x_wconf 86' lang='lat' dir='ltr'>tur</span> <span class='ocrx_word' id='word_1_263' title='bbox 862 4531 1139 4580; x_wconf 88' lang='lat' dir='ltr'>annum</span> <span class='ocrx_word' id='word_1_264' title='bbox 1179 4516 1253 4578; x_wconf 91' lang='lat' dir='ltr'>et</span> <span class='ocrx_word' id='word_1_265' title='bbox 1290 4506 1524 4605; x_wconf 87' lang='lat' dir='ltr'>plagii</span> <span class='ocrx_word' id='word_1_266' title='bbox 1564 4528 1732 4579; x_wconf 89' lang='lat' dir='ltr'>reus</span> <span class='ocrx_word' id='word_1_267' title='bbox 1771 4507 1868 4580; x_wconf 86' lang='lat' dir='ltr'>ab</span> <span class='ocrx_word' id='word_1_268' title='bbox 1909 4530 2037 4599; x_wconf 87' lang='lat' dir='ltr'>eo,</span> <span class='ocrx_word' id='word_1_269' title='bbox 2078 4504 2203 4605; x_wconf 89' lang='lat' dir='ltr'>qui</span> <span class='ocrx_word' id='word_1_270' title='bbox 2240 4506 2471 4601; x_wconf 83' lang='lat' dir='ltr'>volet,</span> <span class='ocrx_word' id='word_1_271' title='bbox 2515 4507 2778 4604; x_wconf 86' lang='lat' dir='ltr'>agitor.</span> <span class='ocrx_word' id='word_1_272' title='bbox 2843 4496 2862 4523; x_wconf 86' lang='lat'>‘</span> <span class='ocrx_word' id='word_1_273' title='bbox 2889 4501 3276 4579; x_wconf 79' lang='grc' dir='ltr'><strong><em>Υπὸδικον</em></strong></span> <span class='ocrx_word' id='word_1_274' title='bbox 3315 4500 3366 4578; x_wconf 80' lang='grc' dir='ltr'><em>ἆ</em></span> <span class='ocrx_word' id='word_1_275' title='bbox 3393 4532 3476 4578; x_wconf 82' lang='grc' dir='ltr'><strong><em>ν·-</em></strong></span> 
     </span>
     <span class='ocr_line' id='line_1_33' title="bbox 706 4622 2441 4731; baseline 0.005 -34"><span class='ocrx_word' id='word_1_276' title='bbox 706 4622 811 4721; x_wconf 62' lang='lat' dir='ltr'>&amp;Q</span> <span class='ocrx_word' id='word_1_277' title='bbox 833 4652 879 4697; x_wconf 92' lang='grc' dir='ltr'><strong><em>α</em></strong></span> <span class='ocrx_word' id='word_1_278' title='bbox 909 4654 955 4699; x_wconf 87' lang='grc' dir='ltr'><em>π</em></span> <span class='ocrx_word' id='word_1_279' title='bbox 979 4655 1021 4699; x_wconf 93' lang='grc' dir='ltr'><strong><em>ο</em></strong></span> <span class='ocrx_word' id='word_1_280' title='bbox 1046 4622 1095 4698; x_wconf 85' lang='grc' dir='ltr'><em>δ</em></span> <span class='ocrx_word' id='word_1_281' title='bbox 1113 4654 1137 4700; x_wconf 89' lang='grc' dir='ltr'><strong><em>ι</em></strong></span> <span class='ocrx_word' id='word_1_282' title='bbox 1162 4650 1277 4725; x_wconf 86' lang='grc' dir='ltr'>σμ</span> <span class='ocrx_word' id='word_1_283' title='bbox 1302 4654 1344 4701; x_wconf 94' lang='grc' dir='ltr'><strong><em>ο</em></strong></span> <span class='ocrx_word' id='word_1_284' title='bbox 1366 4626 1421 4700; x_wconf 73' lang='grc' dir='ltr'><em>ὗ</em></span> <span class='ocrx_word' id='word_1_285' title='bbox 1472 4622 1581 4725; x_wconf 77' lang='grc' dir='ltr'>τῷ</span> <span class='ocrx_word' id='word_1_286' title='bbox 1622 4632 1968 4701; x_wconf 72' lang='grc' dir='ltr'><strong><em>ἐθέλοντι</em></strong></span> <span class='ocrx_word' id='word_1_287' title='bbox 2007 4632 2441 4731; x_wconf 74' lang='grc' dir='ltr'><strong><em>γίγνεσθαι.</em></strong></span> 
     </span>
    </p>

    <p class='ocr_par' dir='ltr' id='par_1_9' title="bbox 702 4752 3470 5231">
     <span class='ocr_line' id='line_1_34' title="bbox 924 4752 3469 4858; baseline 0 -28"><span class='ocrx_word' id='word_1_288' title='bbox 924 4752 1147 4857; x_wconf 87' lang='lat' dir='ltr'>Apud</span> <span class='ocrx_word' id='word_1_289' title='bbox 1187 4754 1530 4830; x_wconf 87' lang='lat' dir='ltr'>Lucanos</span> <span class='ocrx_word' id='word_1_290' title='bbox 1569 4756 1628 4828; x_wconf 91' lang='lat' dir='ltr'>si</span> <span class='ocrx_word' id='word_1_291' title='bbox 1670 4754 2049 4830; x_wconf 86' lang='lat' dir='ltr'>occidente</span> <span class='ocrx_word' id='word_1_292' title='bbox 2093 4756 2252 4853; x_wconf 83' lang='lat' dir='ltr'>jam</span> <span class='ocrx_word' id='word_1_293' title='bbox 2310 4757 2464 4831; x_wconf 87' lang='lat' dir='ltr'>sole</span> <span class='ocrx_word' id='word_1_294' title='bbox 2524 4758 2811 4832; x_wconf 85' lang='lat' dir='ltr'>venerit</span> <span class='ocrx_word' id='word_1_295' title='bbox 2867 4760 3308 4858; x_wconf 87' lang='lat' dir='ltr'>peregrinus</span> <span class='ocrx_word' id='word_1_296' title='bbox 3351 4782 3469 4833; x_wconf 81' lang='lat' dir='ltr'>vo-</span> 
     </span>
     <span class='ocr_line' id='line_1_35' title="bbox 703 4879 3470 4979; baseline 0.003 -27"><span class='ocrx_word' id='word_1_297' title='bbox 703 4879 1063 4979; x_wconf 76' lang='lat' dir='ltr'>lueritque</span> <span class='ocrx_word' id='word_1_298' title='bbox 1103 4881 1242 4955; x_wconf 91' lang='lat' dir='ltr'>sub</span> <span class='ocrx_word' id='word_1_299' title='bbox 1282 4892 1553 4956; x_wconf 88' lang='lat' dir='ltr'>tectum</span> <span class='ocrx_word' id='word_1_300' title='bbox 1595 4880 1908 4979; x_wconf 84' lang='lat' dir='ltr'>alicujus</span> <span class='ocrx_word' id='word_1_301' title='bbox 1947 4879 2328 4955; x_wconf 87' lang='lat' dir='ltr'>devertere</span> <span class='ocrx_word' id='word_1_302' title='bbox 2355 4938 2371 4971; x_wconf 89' lang='lat'>‚</span> <span class='ocrx_word' id='word_1_303' title='bbox 2431 4882 2492 4955; x_wconf 87' lang='lat' dir='ltr'>is</span> <span class='ocrx_word' id='word_1_304' title='bbox 2540 4906 2719 4957; x_wconf 86' lang='lat' dir='ltr'>vero</span> <span class='ocrx_word' id='word_1_305' title='bbox 2757 4882 3136 4959; x_wconf 87' lang='lat' dir='ltr'>hominem</span> <span class='ocrx_word' id='word_1_306' title='bbox 3174 4911 3328 4959; x_wconf 90' lang='lat' dir='ltr'>non</span> <span class='ocrx_word' id='word_1_307' title='bbox 3365 4912 3470 4959; x_wconf 88' lang='lat' dir='ltr'>re-</span> 
     </span>
     <span class='ocr_line' id='line_1_36' title="bbox 704 5004 3468 5108; baseline 0.001 -31"><span class='ocrx_word' id='word_1_308' title='bbox 704 5004 1025 5102; x_wconf 86' lang='lat' dir='ltr'>ceperit,</span> <span class='ocrx_word' id='word_1_309' title='bbox 1080 5004 1474 5081; x_wconf 85' lang='lat' dir='ltr'>mulctetur</span> <span class='ocrx_word' id='word_1_310' title='bbox 1530 5017 1601 5082; x_wconf 91' lang='lat' dir='ltr'>et</span> <span class='ocrx_word' id='word_1_311' title='bbox 1658 5030 1937 5106; x_wconf 87' lang='lat' dir='ltr'>poenas</span> <span class='ocrx_word' id='word_1_312' title='bbox 1977 5006 2131 5081; x_wconf 86' lang='lat' dir='ltr'>luat</span> <span class='ocrx_word' id='word_1_313' title='bbox 2168 5006 2772 5108; x_wconf 76' lang='lat' dir='ltr'>inhospitalitatis</span> <span class='ocrx_word' id='word_1_314' title='bbox 2815 5012 3365 5101; x_wconf 73' lang='grc' dir='ltr'><strong><em>(κακοξενίας)</em></strong></span> <span class='ocrx_word' id='word_1_315' title='bbox 3403 5023 3468 5083; x_wconf 86' lang='lat' dir='ltr'>et</span> 
     </span>
     <span class='ocr_line' id='line_1_37' title="bbox 702 5122 3466 5231; baseline 0.003 -32"><span class='ocrx_word' id='word_1_316' title='bbox 702 5122 810 5200; x_wconf 91' lang='lat' dir='ltr'>illi</span> <span class='ocrx_word' id='word_1_317' title='bbox 847 5130 971 5225; x_wconf 91' lang='lat' dir='ltr'>qui</span> <span class='ocrx_word' id='word_1_318' title='bbox 1010 5128 1329 5225; x_wconf 84' lang='lat' dir='ltr'>advenit,</span> <span class='ocrx_word' id='word_1_319' title='bbox 1372 5142 1441 5204; x_wconf 90' lang='lat' dir='ltr'>et</span> <span class='ocrx_word' id='word_1_320' title='bbox 1470 5129 1650 5207; x_wconf 85' lang='lat' dir='ltr'>Jovi</span> <span class='ocrx_word' id='word_1_321' title='bbox 1688 5128 2083 5229; x_wconf 86' lang='lat' dir='ltr'>Hospitali.</span> <span class='ocrx_word' id='word_1_322' title='bbox 2125 5132 2448 5225; x_wconf 84' lang='lat' dir='ltr'>(Aelia</span> <span class='ocrx_word' id='word_1_323' title='bbox 2475 5160 2544 5207; x_wconf 89' lang='lat' dir='ltr'>n.</span> <span class='ocrx_word' id='word_1_324' title='bbox 2584 5131 2793 5209; x_wconf 88' lang='lat' dir='ltr'>Var.</span> <span class='ocrx_word' id='word_1_325' title='bbox 2835 5134 3052 5210; x_wconf 88' lang='lat' dir='ltr'>hist.</span> <span class='ocrx_word' id='word_1_326' title='bbox 3095 5134 3232 5230; x_wconf 86' lang='lat' dir='ltr'>IV,</span> <span class='ocrx_word' id='word_1_327' title='bbox 3281 5137 3343 5231; x_wconf 86' lang='lat'>1,</span> <span class='ocrx_word' id='word_1_328' title='bbox 3379 5138 3466 5225; x_wconf 81' lang='lat'>1.)</span> 
     </span>
    </p>
   </div>
  </div>
 </body>
</html>
