3725 5850
562 387 732 464 360
1649 410 1774 464 ωε
1809 408 2254 460 vaA‘rnM.

1836 598 2063 674 1403.

779 747 1104 824 Habenti
1159 746 1359 821 bona
1413 744 1628 819 titulo
1682 742 1884 820 haud
1943 742 2281 842 legitimo
2346 769 2441 818 ne
2493 741 2717 818 liceat
2770 741 2863 818 de
2915 739 3169 817 iisdem
3206 765 3343 840 per

565 884 1092 949 testamentum
1131 872 1602 948 constituere.
1851 976 2058 1051 1404

783 1116 1086 1206 Παιδὸς
1128 1113 1288 1194 οὐκ
1329 1119 1566 1210 ἔξεστι
1607 1113 1999 1209 διαθήκην
2034 1121 2418 1220 γενέσθαι.

1848 1247 2143 1338 (Isaeus
2182 1244 2273 1321 de
2316 1245 2621 1323 Aristar.
2662 1245 2816 1323 her.
2857 1241 2922 1345 ξ.
2961 1243 3129 1338 10.)

1849 1407 2081 1482 1404.

781 1552 1022 1630 Puero
1063 1563 1420 1651 negatum
1458 1563 1574 1628 est
1610 1552 1703 1628 de
1741 1550 1963 1627 bonis
2002 1551 2152 1626 suis
2192 1551 2663 1627 constituere.

1855 1709 2084 1786 1405.

784 1847 923 1943 Mn}
965 1845 1155 1928 ἄνευ
1193 1850 1349 1927 τῶν
1388 1855 1702 1927 οἰκείων
1741 1851 1897 1926 τῶν
1956 1853 2244 1926 ἑαυτοῦ
2299 1849 2432 1940 τὰς
2493 1850 2872 1943 διαθήκας
2932 1856 3348 1938 ποιεῖσθαι,

577 1973 774 2052 ἀλλὰ
815 1977 1120 2078 πρῶτον
1149 1979 1302 2076 μὲν
1339 1990 1725 2083 συγγενεῖς
1763 1984 2316 2076 παρακαλέσας,
2377 1983 2632 2054 ἔπειτα
2672 1976 2747 2052 δὲ
2791 1975 3171 2078 φράτορας
3209 1979 3352 2048 καὶ

575 2101 898 2202 δημότας
922 2161 944 2194 ,
1003 2108 1258 2180 ἔπειτα
1296 2103 1451 2180 τῶν
1489 2100 1744 2181 ἄλλων
1782 2102 2225 2196 ἐπιτηδείων
2263 2101 2491 2193 ὅσους
2533 2103 2849 2181 δύναιτο
2900 2105 3301 2187 πλείστους
3326 2127 3341 2142 ·

575 2222 779 2304 οὕτω
837 2226 984 2333 γὰρ
1038 2229 1188 2306 εἴτε
1241 2227 1442 2306 κατὰ
1491 2237 1709 2335 γένος
1747 2231 1898 2306 εἴτε
1934 2228 2141 2305 κατὰ
2182 2227 2402 2307 δόσιν
2439 2227 2956 2330 ἀμφισβητοίη
2992 2258 3145 2317 τις,
3206 2235 3349 2333 ῥᾳ-

578 2351 752 2444 δίως
792 2350 898 2434 ἂν
933 2361 1326 2460 ἐλέγχοιτο
1367 2354 1862 2457 ψευδόμενος.

1898 2470 2192 2562 (Isaeus
2231 2468 2324 2545 de
2363 2467 2677 2573 Astyph.
2718 2469 2873 2545 her.
2912 2463 2980 2569 ξ.
3020 2468 3136 2561 8.)
3254 2549 3261 2558 ‚

1847 2630 2077 2706 1405.

793 2773 906 2848 Ne
946 2771 1108 2848 sine
1145 2773 1734 2849 necessariorum
1769 2772 2083 2849 scientia
2118 2783 2646 2850 testamentum
2676 2773 2843 2876 quis
2880 2773 3177 2868 scribat,
3220 2773 3359 2848 sed

580 2898 831 2977 ascitis
887 2898 1133 3000 potius
1186 2897 1512 3000 primum
1569 2899 1871 3001 quidem
1919 2900 2356 2977 necessariis
2378 2956 2396 2992 ,
2455 2910 2615 2977 tum
2651 2925 2828 2977 vero
2866 2899 3093 2977 etiam
3130 2895 3361 3000 phra-

581 3024 865 3102 toribus
905 3033 1126 3126 atque
1166 3025 1522 3122 demotiS,
1583 3037 1658 3102 et
1695 3026 2019 3125 denique
2058 3027 2515 3127 reliquorum
2554 3025 3031 3103 familiarium
3067 3035 3178 3101 tot
3214 3052 3355 3101 nu·

580 3176 783 3227 mero
824 3162 1006 3251 quot
1041 3176 1307 3248 cogere
1347 3162 1641 3251 posset3
1698 3150 1841 3227 hoc
1900 3151 2099 3229 enim
2140 3152 2340 3228 facto
2382 3154 2550 3246 fiet,
2611 3152 2767 3227 sive
2808 3152 2973 3251 quis
3012 3174 3104 3227 ex
3142 3150 3363 3225 titulo

582 3274 1250 3375 consanguinitatis
1289 3275 1456 3351 sive
1490 3301 1583 3351 ex
1621 3275 1836 3351 titulo
1876 3276 2103 3377 legati
2162 3276 2651 3353 hereditatem
2691 3278 2851 3379 ejus
2890 3285 3218 3378 peteret,
3276 3286 3366 3350 ut

581 3402 644 3478 is
682 3401 852 3478 falsi
889 3426 1108 3505 quam
1148 3400 1492 3477 facillime
1535 3401 2039 3478 convincatur.

1868 3562 2095 3639 1406.

781 3698 970 3823 bXon}
994 3759 1017 3791 ,
1093 3697 1345 3794 ἐπειδὴ
1420 3696 1744 3797 τάχιστα
1813 3699 2218 3800 τελευτήσῃ
2279 3695 2322 3779 o‘
2391 3700 2848 3801 διαθέμενος
2872 3759 2894 3793 ,
2972 3704 3370 3777 εἰσκαλεῖν

589 3829 978 3933 μάρτυρας
1034 3824 1370 3913 πολλοὺς
1426 3832 1565 3902 καὶ
1618 3822 2309 3927 παρασημήνασθαι
2366 3830 2725 3905 κελεῦσαι
2780 3825 2915 3914 τὰς
2954 3824 3367 3919 διαθήκας,

593 3962 724 4047 ἵν’,
749 3958 826 4032 εἴ
855 3988 924 4032 τι
963 3962 1260 4060 ἐγένετο
1301 3948 2008 4054 ἀμφισβητήσιμον,
2053 3950 2148 4047 ἦν
2185 3960 2290 4043 εἰς
2328 3942 2420 4031 τοὶ
2460 3952 2867 4061 γράμματα
2886 3952 3105 4029 ταῦτ’
3125 3960 3370 4031 ἐπαν-

591 4087 852 4161 ελθεῖν
874 4140 896 4173 ,
953 4087 1089 4158 καὶ
1127 4078 1266 4174 τὴν
1305 4077 1686 4174 ἀλήθειαν
1722 4080 2033 4159 πάντων
2070 4074 2341 4182 εὑρεῖν.

1875 4193 2305 4288 (Demosth.
2342 4194 2421 4271 in
2459 4190 2751 4295 Aphob.
2791 4194 2888 4289 II,
2928 4190 3149 4286 837.)

1859 4352 2090 4428 1406.

807 4494 1246 4576 Advocandi
1286 4508 1458 4574 sunt
1493 4522 1667 4572 mox
1703 4508 1879 4595 post
1916 4495 2201 4572 obitum
2237 4498 2607 4575 testatoris
2645 4508 2871 4574 testes
2911 4500 3365 4600 complure-«3,

597 4652 644 4701 a
679 4622 945 4725 quibus
982 4625 1328 4726 apposito
1383 4621 1630 4721 sigillo
1687 4631 2217 4699 testamentum
2273 4624 2865 4700 confirmandum
2912 4635 3063 4719 est,
3124 4634 3245 4718 ut,
3302 4625 3369 4700 si

600 4749 777 4851 quid
831 4750 1025 4827 forte
1081 4748 1632 4825 controversiae
1691 4746 2051 4841 oriretur,
2121 4748 2217 4824 ad
2276 4748 2460 4826 illud
2532 4750 2887 4851 scriptum
2944 4750 3218 4827 recurri
3294 4760 3373 4825 et

597 4876 926 4953 omnium
961 4901 1212 4952 rerum
1249 4873 1522 4952 veritas
1559 4874 1877 4949 inveniri
1916 4887 2192 4975 posset.

1880 5035 2106 5111 1407.

821 5158 998 5252 Τῶν
1035 5158 1590 5267 διατιθεμένων
1629 5152 1789 5243 οὔκ
1825 5166 1984 5243 ἐστι
2020 5154 2110 5237 τὸ
2153 5158 2372 5253 δέον,
2432 5164 2677 5266 λέγειν
2723 5171 2881 5251 τοῖς
2938 5187 3371 5267 παραγινο-
