3725 5850
1021 560 1634 612 COMMENTARIUS
1673 559 1780 608 AD
1823 557 1947 610 230.
1990 557 2112 612 232.
2158 559 2281 612 234.
2894 535 3049 610 453

274 758 406 852 ba,
463 756 585 855 qui
627 755 996 856 praelegit
1035 751 1383 828 mandata
1421 751 1710 827 senatui
1751 761 1825 826 et
1863 755 2167 854 populo.
2248 751 2675 828 Secundum
2712 760 3050 853 tempora

275 882 756 974 mutabatur.)

487 1005 601 1086 Of.
639 1008 708 1086 R
729 1032 776 1084 a
798 1032 920 1108 ng
939 1033 984 1084 a
1004 1007 1053 1082 b
1076 1006 1156 1082 ἐς
1212 1001 1637 1108 Antiquites
1676 1001 2175 1108 Helleniques.
2234 1007 2363 1084 Nr.
2405 1002 2581 1080 273.
2623 1001 2799 1080 274.

1446 1214 1598 1298 Ad
1639 1217 1869 1302 2³0.

485 1386 754 1466 Pollux
810 1385 1020 1480 VIII,
1075 1385 1217 1461 98:
1277 1383 1912 1467 Contrarotulator
1986 1385 2307 1488 primum
2382 1383 2685 1486 quidem
2761 1385 3041 1462 electus

277 1523 428 1592 erat
447 1571 468 1608 ,
521 1523 784 1616 postea
821 1539 1000 1590 vero
1037 1522 1234 1592 sorte
1275 1511 1685 1592 creabatur.

1443 1724 1593 1808 Ad
1638 1725 1872 1808 232.

483 1892 985 1971 Probabiliter
1049 1903 1222 1995 post
1295 1892 1704 1970 debellatos
1760 1892 2027 1970 Persas
2082 1892 2421 1972 instituti.
2516 1891 2633 1968 Gf.
2695 1887 2767 1966 Gr
2788 1917 2827 1966 r
2849 1899 3042 1965 ote:

275 2019 577 2122 History
615 2018 703 2094 of
731 2019 1041 2097 Greece.
1099 2018 1262 2095 Vol.
1305 2018 1397 2094 V.
1437 2048 1508 2120 p.
1551 2017 1728 2095 3⁷1.
2696 2118 2703 2129 ⁸

482 2140 1000 2221 Aristotel.
1048 2143 1338 2229 polit.
1380 2141 1513 2238 VI,
1555 2145 1624 2239 5,
1669 2143 1757 2219 3:
1815 2141 2077 2222 Altera
2113 2145 2536 2246 procuratio
2576 2144 3041 2240 (ἐπιμέλεια)

276 2280 380 2348 est
413 2293 664 2349 rerum
699 2269 1150 2346 urbanarum
1187 2295 1418 2369 quum
1451 2269 1917 2371 publicarum
1976 2280 2137 2347 tum
2194 2269 2657 2371 privatarum
2676 2329 2697 2366 ,
2754 2281 2835 2348 ut
2874 2297 3042 2348 cum

275 2395 577 2473 decente
635 2405 902 2472 ornatu
957 2393 1300 2471 aedificia
1357 2406 1430 2470 et
1485 2395 1650 2471 viae
1711 2406 1913 2471 tutae
1961 2407 2496 2474 conserventur
2516 2454 2553 2490 ,.
2593 2406 2667 2476 et
2714 2393 3040 2499 collapsa

277 2522 734 2615 reficiantur,
795 2530 868 2596 et
919 2520 1190 2597 limites
1247 2544 1677 2598 communes
1733 2520 1894 2598 sine
1953 2521 2411 2622 querimonia.
2470 2530 2905 2618 teneantur,
2966 2533 3042 2598 et

277 2658 520 2725 cetera
575 2671 766 2747 quae
823 2644 1138 2723 similem
1193 2672 1450 2725 curam
1487 2647 1883 2746 attingunt.
1961 2646 2370 2752 Appellant
2408 2659 2657 2725 autem
2697 2649 3035 2752 plerique

275 2775 495 2852 talem
547 2774 1069 2874 magistratum
1123 2776 1658 2878 astynomiam‚
1718 2801 1908 2876 quae
1968 2775 2219 2877 plures
2275 2801 2585 2853 numero
2623 2787 2874 2877 partes
2910 2776 3040 2888 ba·

276 2901 432 2979 bet:
507 2911 730 3002 atque
785 2899 1050 2977 harum
1104 2901 1266 2977 aliis
1322 2900 1504 2979 alios
1559 2903 1640 2978 in
1695 2900 2008 2979 urbibus
2069 2901 2361 3001 magnis
2419 2903 2903 3004 praeficiunt,
2960 2912 3043 2979 ut

277 3027 633 3129 quosdam
672 3023 1016 3103 curandis
1055 3027 1483 3122 moenibus,
1539 3027 1720 3104 alios
1758 3027 2093 3103 fontibus
2132 3038 2208 3103 et
2247 3027 2594 3104 ductibus
2634 3054 3033 3129 aquarum,

277 3150 662 3230 nonnullos
702 3152 1063 3254 portubus
1102 3150 1414 3228 tuendis,

481 3275 600 3356 Ad
636 3288 1066 3381 astynomos
1103 3277 1331 3376 igitur
1366 3289 1541 3353 sunt
1592 3274 1969 3355 referendi
2030 3279 2251 3354 etiam
2290 3265 2692 3366 ὁδοποιοὶ,
2750 3278 2839 3357 de
2881 3282 3037 3381 qui-

277 3406 408 3481 bus
461 3403 692 3480 schol.
748 3402 825 3478 in
880 3400 1229 3481 Aeschin.
1288 3400 1750 3505 Ctesiphont.
1808 3401 2001 3495 (25)
2061 3402 2279 3481 dicit:
2340 3402 2413 3476 οἱ
2452 3400 3038 3500 ἐπιμελούμενοι

277 3526 398 3617 τῆς
434 3522 964 3626 καθαρότητος
1003 3522 1158 3599 τῶν
1197 3514 1424 3599 ὁδῶν.
1505 3525 1791 3604 Deinde
1833 3516 2177 3624 ὅρισταὶ,
2237 3529 2328 3605 de
2390 3531 2657 3630 quibus
2718 3532 3037 3631 legimus

277 3656 349 3731 in
401 3654 779 3733 anecdotis
831 3652 1122 3751 graecis
1180 3652 1500 3730 Bekkeri
1558 3654 1657 3747 (Ι.
1715 3682 1787 3756 p.
1830 3653 2067 3748 287):
2145 3647 2341 3751 ἀρχή
2396 3656 2511 3739 τίς
2568 3660 2818 3745 ἐστιν,
2879 3652 3037 3747 ἥτις

280 3774 602 3881 ἀφώριζε
652 3771 748 3851 τοὶ
808 3774 970 3851 ἴδια
1026 3780 1162 3850 καὶ
1223 3772 1317 3849 τὰ
1375 3772 1695 3873 δημόσια
1753 3774 2340 3875 οἰκοδομήματα
2398 3774 2584 3877 πρὸς
2632 3777 2727 3855 τά
2764 3784 3039 3857 οἰκεῖα

281 3900 598 3979 ἑκάστου
626 3910 906 4003 μέτρα,
948 3898 1176 4000 ὥςπέρ
1215 3932 1410 3989 τινες
1447 3894 1662 3991 ὄντες
1700 3909 2111 4007 γεωμέτραι
2148 3908 2287 3979 καὶ
2326 3896 2819 4007 ὁριοδεῖκται.
2891 3914 3035 3989 De-

277 4033 488 4132 nique
545 4033 690 4111 huc
740 4032 1034 4111 videtur
1088 4030 1534 4135 pertinuisse
1594 4032 1820 4111 etiam
1876 4030 2510 4127 κρυνοφυλάκων
2564 4030 2807 4133 ἀρχή,
2871 4038 3034 4115 fon-

280 4158 446 4235 tium
481 4170 904 4238 curatorum
939 4184 1241 4255 munus,
1302 4160 1513 4261 cujus
1551 4158 1887 4235 meminit
1924 4158 2191 4237 Pollux
2232 4160 2440 4258 VIII,
2485 4162 2657 4239 113.

477 4286 703 4389 Apud
739 4284 1378 4363 Lacedaemonios
1417 4284 1508 4361 de
1547 4283 1687 4360 viis
1726 4284 2044 4387 publicis
2082 4310 2296 4388 reges
2328 4286 2786 4388 judicabant.
2829 4291 2944 4388 (Η
2958 4318 3032 4371 e-

279 4411 575 4490 rodot.
619 4412 752 4510 VI,
797 4410 919 4507 57,
963 4413 1075 4507 5.)
1435 4512 1587 4596 Ad
1628 4514 1832 4599 2³⁴

478 4680 688 4759 Haec
722 4685 844 4762 lex
881 4683 1179 4762 videtur
1215 4696 1457 4763 aetate
1519 4681 1804 4763 mediae
1859 4685 2291 4762 comoediae
2340 4687 2492 4763 lata
2530 4687 2803 4787 fuisse;
2859 4716 3030 4767 nam

279 4807 351 4882 in‘
385 4807 736 4885 Timoclis
772 4809 1152 4889 comoedia
1188 4805 1738 4903 φιλοδικαστὴς
1791 4812 2153 4912 inscripta
2206 4812 2481 4912 legitur
2534 4816 2733 4917 apud
2794 4813 3024 4892 Athe-

280 4957 532 5010 naeum
567 4934 744 5030 (VI,
784 4937 1019 5031 2453:
1079 4936 1377 5039 Aperite
1426 4939 1583 5039 jam
1633 4937 1828 5014 fores
1852 4996 1870 5031 ‚
1924 4946 2007 5012 ut
2043 4936 2139 5011 ad
2174 4938 2418 5015 lucem
2458 4942 2692 5040 magis
2731 4944 3023 5044 conspi-

280 5058 388 5133 cui
430 5059 692 5156 simus‚
747 5062 809 5139 si
864 5062 1300 5139 circumiens
1357 5088 1967 5163 gynaeconomus
2027 5088 2417 5141 numerare
2481 5066 2645 5143 vult
2698 5094 3025 5148 secun-

282 5180 474 5261 dum
523 5212 883 5263 novam
937 5188 1248 5289 legem
1323 5180 1712 5285 (ἀριθμὸν
1786 5186 2055 5285 λαβεῖν
2122 5182 2327 5263 κατὰ
2384 5184 2527 5266 τὸν
2578 5188 2827 5289 νόμον
2880 5189 3027 5271 τὸν

283 5312 610 5408 καινόν),
665 5324 749 5389 ut
783 5312 970 5390 solet
990 5372 1009 5410 ,
1063 5313 1570 5397 convivantes.
