3725 5850
1092 472 1329 525 msa-A
1366 472 1897 525 ΡῩΑΝΕΡειοΝΕ
1933 474 2206 524 MENSE.
2886 450 3040 525 115

284 690 523 741 sacros
556 664 779 741 libros
819 675 895 740 et
929 664 1501 765 supplicantium
1558 663 1781 741 modo
1838 666 2120 741 abeunt
2175 662 2271 741 ad
2309 663 2638 741 Coliadis
2676 691 3028 767 promon-

284 791 567 867 toriums

1565 899 1743 975 473.

486 1022 582 1094 Αἱ
617 1030 981 1125 γυναῖκες
1018 1023 1096 1095 αἱ
1152 1019 1308 1096 τῶν
1366 1018 1717 1119 δημοτῶν
1775 1028 2391 1120 προκρινέτωσαν
2429 1018 2574 1097 δύο
2612 1032 3033 1126 γυναῖκας,

285 1138 545 1243 ἄρχειν
580 1150 683 1232 εἰς
717 1142 813 1219 τὰ
861 1145 1348 1248 Θεσμοφόρια
1387 1152 1527 1221 καὶ
1566 1158 1813 1222 ποιεῖν
1848 1143 1944 1220 τὰ
1984 1145 2471 1246 νομιζόμενα.

1504 1252 1929 1368 (Isaeus‘de
1969 1275 2222 1351 airon.
2261 1275 2511 1351 hered.
2553 1270 2618 1377 ξ.
2663 1274 2828 1367 19.)

1569 1416 1747 1494 473.

492 1526 968 1604 Demotarum
1022 1551 1291 1602 uxores
1347 1525 1681 1623 deligant
1734 1525 1922 1602 duas
1973 1525 2356 1622 mulierem,
2419 1552 2605 1627 quae
2660 1528 3040 1629 principes

287 1652 425 1727 sint
459 1652 535 1725 in
570 1677 851 1753 pompa
885 1648 1649 1752 Thesmophoriorum
1687 1664 1763 1727 et
1800 1677 2016 1729 sacra
2055 1662 2352 1729 vetusto
2389 1653 2538 1727 ritu
2575 1652 2878 1733 faciant.

498 1939 677 2021 Τοῖς
716 1930 1237 2035 (θεσμοφόροις
1276 1930 1611 2033 νόμιμόν
1644 1940 1802 2009 ἐστι
1851 1929 1941 2011 τὸ
1999 1939 2087 2009 Χ
2099 1963 2147 2009 α
2171 1937 2212 2007 λ
2233 1964 2291 2005 κ
2311 1963 2337 2006 ι
2360 1931 2408 2008 δ
2424 1964 2450 2007 ι
2470 1964 2528 2008 κ
2549 1930 2592 2011 ὁ
2615 1963 2663 2009 ν
2720 1932 3042 2037 δίωγμα.

2459 2042 2829 2138 (Suidas.)
2865 2110 2874 2121 .

1563 2152 1743 2227 474.

488 2260 711 2337 Festo
786 2258 1557 2361 Thesmophoriorum
1632 2260 1994 2337 celebrari
2070 2260 2296 2337 debet
2369 2260 2797 2338 Chalcidica
2874 2286 3042 2362 per-

290 2374 573 2462 secutio,

356 2510 367 2519 ‘
1564 2494 1742 2571 475.
2046 2586 2052 2591 ¹

499 2612 697 2702 Τούς
737 2612 1115 2712 δεσμώτας
1155 2612 1483 2692 λύεσθαι
1520 2626 1681 2703 τοῖς
1728 2620 2304 2717 Θεσμοφορίοις.

1640 2746 2140 2841 (Hermogen.
2179 2756 2364 2823 state
2389 2746 2514 2821 28.
2553 2770 2616 2821 ο.
2653 2746 2836 2838 ΙΠ.)

442 3071 449 3078 .
491 2993 1097 3098 Thesmophoriis
1134 2996 1307 3074 nexi
1343 2888 2110 3076 vincuiiigzblvuntor.

1575 3157 1753 3233 476.

482 3273 1006 3378 Ἀπατούρια,
1067 3276 1281 3378 ἑορτὴ
1322 3282 1680 3377 ἐπίσημος
1737 3275 2186 3377 δημοτελὴς,
2246 3273 2584 3383 ἀγομένη
2639 3274 2844 3352 κατὰ
2904 3273 3050 3354 τόν

296 3403 825 3505 Πυανεψιῶνα
866 3403 1079 3503 μῆνα
1134 3411 1256 3481 ἐπὶ
1304 3415 1498 3504 τρεῖς
1540 3397 1807 3504 ἡμέρας
1832 3429 1847 3444 ·
1905 3406 2236 3480 καλοῦσι
2276 3402 2354 3483 δὲ
2392 3401 2533 3496 τήν
2558 3406 2709 3504 μὲν
2749 3401 3053 3506 πρώτην

296 3534 675 3630 Δορπὶαν,
740 3526 988 3621 ἐπειδὴ
1048 3527 1416 3630 φράτορες
1474 3525 1711 3630 ὀψίας
1768 3527 2279 3616 συνελθόντες
2328 3525 2853 3626 εὐωχοῦνται·
2910 3525 3051 3620 τὴν

297 3651 365 3729 δὲ
403 3654 758 3754 δευτέραν
799 3651 1274 3756 Ἀνάρρυσιν
1292 3713 1315 3745 ,
1374 3652 1531 3730 ἀπὸ
1570 3654 1719 3729 τοῦ
1756 3651 2055 3754 ἀναρρύ
2064 3683 2221 3745 ειν,
2261 3655 2411 3731 τοῦ
2451 3653 2718 3731 θύειν·
2764 3653 3048 3731 θύουσι

298 3775 369 3854 δε
402 3786 524 3858 Διὶ
566 3785 914 3880 φρατρίῳ
952 3785 1091 3855 καὶ
1136 3776 1445 3879 Ἀθηνᾷ
1475 3808 1489 3823 ·
1546 3777 1687 3871 τὴν
1748 3777 1825 3856 δὲ
1862 3785 2126 3880 τρίτην
2164 3781 2602 3880 Κουρεῶτιν
2620 3838 2643 3871 ,
2703 3775 2856 3855 ἀπὸ
2896 3781 3042 3856 τοῦ

295 3903 462 3994 τούς
498 3903 838 4007 κούρους
874 3913 1011 3982 καὶ
1047 3903 1181 3992 τοὶς
1220 3903 1460 4006 κόρας
1498 3909 1921 4010 ἐγγράφειν
1959 3911 2066 3993 εἰς
2099 3903 2234 3994 τὰς
2271 3910 2665 4007 φρατρίας.

1395 4033 1679 4128 (Schol.
1718 4037 1797 4110 in
1834 4034 2212 4137 Aristoph.
2253 4033 2574 4112 Acharn.
2619 4035 2838 4126 146.)

1577 4180 1755 4256 476.

494 4285 895 4389 Apaturia‚
969 4289 1243 4365 festum
1313 4287 1608 4390 insigne
1640 4347 1657 4384 ,
1737 4285 2172 4390 publicum,
2250 4284 2451 4390 quod
2522 4286 3048 4390 Pyanepsione

294 4437 535 4490 mense
576 4413 811 4489 tribus
849 4413 1108 4490 diebus
1147 4413 1586 4490 celebratur.
1662 4411 1997 4491 Vocatur
2045 4423 2296 4488 autem
2334 4413 2575 4512 prima
2612 4414 2769 4490 dies
2806 4413 3048 4491 Cena-

294 4540 428 4615 tiea
450 4598 468 4635 ,
528 4538 705 4639 quia
740 4539 1047 4616 curiales
1086 4538 1379 4641 vesperi
1415 4565 1567 4614 una
1604 4539 2140 4634 convivantur3
2195 4538 2526 4614 secunda
2562 4537 3048 4636 Sacrificatioq

294 4665 705 4740 sacrificent
750 4666 953 4742 enim
984 4667 1167 4743 Jovi
1205 4666 1549 4742 Phratrio
1592 4675 1667 4741 et
1701 4661 2125 4762 Minervae3
2179 4666 2403 4741 tertia
2439 4661 2810 4763 Prolium,
2851 4665 3048 4767 quod

294 4799 441 4866 tum
479 4791 751 4892 pueros
791 4803 865 4866 et
899 4791 1185 4892 puellas
1221 4789 1302 4866 in
1338 4788 1722 4866 curialium
1756 4789 2010 4866 album
2045 4787 2400 4866 referunt.

1575 4949 1755 5028 4⁷7.

374 5101 381 5106 ·
496 5081 603 5152 Μ
614 5105 649 5150 ε
668 5085 831 5153 ῖον
882 5073 974 5152 τὸ
1036 5075 1257 5174 θῦμα
1312 5083 1518 5153 ἐστιν
1556 5069 1603 5151 ὃ
1641 5085 1797 5162 τοῖς
1834 5073 2222 5176 φράτορσι·
2245 5080 2715 5176 παρέχουσιν
2754 5077 2828 5150 οἳ
2864 5071 3048 5161 τούς

299 5199 559 5288 παῖδας
598 5199 1028 5306 εἰσάγοντες
1066 5205 1169 5288 εἰς
1204 5201 1546 5287 τούτους.
2237 5205 2836 5304 (Harpocratio.)
2860 5217 2901 5246 ·-
2949 5243 2960 5252 -

2541 5327 2626 5392 8*
