3725 5850
623 465 779 540 644
1572 485 2189 540 commnumAums
2224 489 2333 542 AD
2374 485 2533 540 1576.

837 680 1107 757 Pollux
1145 677 1354 775 VIII,
1395 679 1538 756 22:
1595 671 1690 750 τοὶ
1735 673 2316 773 προστιμήματα
2354 671 2636 752 Σόλων
2672 676 2973 752 ἐπαίτιοι
3009 677 3253 750 καλεῖ.

833 805 1190 882 Suidas
1246 833 1301 882 s.
1342 833 1410 882 v.
1463 799 1949 892 Ποδοκάκη.·
2010 807 2144 882 Est
2199 807 2525 904 lignum,
2582 806 2660 880 in
2716 804 2916 904 quod
2971 802 3207 904 pedes
3259 801 3395 874 im-

617 933 818 1007 missi
859 933 1488 1030 constringuntur.
1566 930 1885 1008 Romani
1926 931 2145 1030 cipp
2169 957 2310 1006 um
2350 925 2788 1027 (κοῦσπος)
2828 939 3121 1006 vocant.
3197 925 3395 1002 Dici·

619 1068 739 1132 tur
775 1059 996 1134 etiam
1037 1052 1547 1154 ποδοστράβῃ

832 1183 937 1260 Id
961 1209 1092 1258 em
1130 1213 1185 1260 s.
1227 1212 1296 1261 v.
1341 1177 1838 1270 Ποδοκάκκη
1861 1211 1885 1252 .·
1924 1177 2049 1256 Sic
2090 1180 2611 1284 appellabatur
2649 1207 2922 1257 nervus
2960 1181 3038 1254 in
3078 1201 3398 1272 carcere;

618 1308 739 1384 vel
773 1309 1052 1402 inserto
1093 1309 1326 1385 altero
1365 1335 1444 1393 κ,
1504 1307 1704 1406 quod
1745 1319 1945 1383 esset
1981 1305 2351 1407 quaedam
2389 1305 2668 1407 pedum
2705 1307 3004 1382 vexatio
3027 1359 3045 1396 ,
3106 1304 3269 1398 vel,
3317 1315 3399 1376 ut

615 1434 982 1535 Didymus
1037 1436 1178 1527 ait,
1247 1460 1384 1536 per
1439 1459 1849 1536 syncopem
1910 1433 2109 1508 dicta
2166 1443 2315 1528 est,
2374 1432 2587 1532 quasi
2646 1425 3188 1524 ποδοκατοχή,
3250 1455 3397 1527 quo

615 1559 847 1660 pedes
885 1559 1378 1636 detineantur.

1765 1661 1916 1744 Ad
1950 1663 2239 1744 15⁷0.

831 1830 920 1908 In
946 1829 1118 1929 jure
1154 1827 1455 1927 publico
1496 1821 1653 1928 (βξ.
1701 1827 1929 1921 1150,
1976 1825 2223 1918 1151)
2262 1823 2618 1921 vidimus,
2672 1849 2843 1900 eum
2880 1827 3004 1926 qui
3044 1851 3087 1902 e
3122 1825 3397 1902 balneo

546 1968 548 1970 ’
617 1965 746 2032 aut
783 1979 823 2028 e
865 1954 1230 2055 palaestra
1268 1965 1396 2028 aut
1435 1979 1474 2029 e
1514 1954 1676 2028 foro
1716 1963 1846 2026 aut
1886 1979 1975 2027 ex
2014 1952 2266 2049 aliquo
2307 1949 2667 2048 ejusmodi
2704 1951 2873 2027 1000
2913 1952 3201 2028 furatus
3240 1951 3395 2026 fue-

613 2092 766 2174 rat,
823 2089 1056 2154 morte
1097 2080 1436 2180 punitum
1473 2079 1720 2154 fuisse.
1799 2077 1953 2154 Cur
2006 2077 2273 2175 igitur,
2332 2077 2460 2176 qui
2513 2103 2551 2150 e
2603 2076 2826 2154 domo
2864 2079 3161 2177 privata
3194 2077 3394 2152 fura-

621 2216 778 2301 tur,
817 2206 1114 2283 nonnisi
1153 2205 1465 2306 duplum
1504 2204 1679 2280 furti
1716 2202 2037 2304 pretium
2072 2200 2475 2302 rependit?

829 2349 1228 2425 Rationem
1263 2350 1452 2447 legis
1491 2375 1580 2423 eo
1619 2347 1837 2423 sitam
1898 2373 2057 2422 esse
2103 2346 2287 2421 dicit
2340 2357 2601 2422 auctor
2639 2347 3193 2424 Problematum
3232 2347 3393 2426 Ari-

616 2473 902 2550 stotelis
942 2475 1267 2570 (XXIX,
1312 2475 1497 2566 14),
1557 2474 1758 2572 quod
1816 2474 1893 2546 in
1933 2472 2277 2549 domibus
2316 2472 2614 2572 quidem
2652 2473 3025 2548 custodire
3066 2494 3395 2573 quocun-

616 2625 760 2699 que
817 2597 1116 2673 tandem
1177 2600 1398 2675 modo
1455 2597 1664 2692 licet,
1721 2626 1891 2676 nam
1954 2619 2028 2674 et
2084 2601 2327 2700 paries
2386 2601 2640 2675 firmus
2697 2609 2773 2674 et
2830 2600 3062 2676 clavis
3116 2608 3267 2689 est,
3322 2609 3399 2672 et

617 2725 848 2801 servis
886 2725 1310 2801 domesticis
1369 2749 1590 2801 curae
1648 2738 1762 2801 est
1805 2726 2155 2802 omnibus
2194 2736 2275 2800 ut
2312 2736 2704 2801 serventur
2740 2750 2930 2824 quae
2968 2725 3263 2821 insunt,
3319 2735 3396 2799 at

615 2853 692 2928 in
729 2851 1015 2929 balneis
1073 2853 1486 2952 ceterisque
1545 2853 1726 2929 locis
1783 2877 2021 2951 aeque
2083 2851 2603 2928 communibus
2641 2878 2730 2927 ac
2765 2852 3121 2929 balneum
3158 2849 3395 2928 facilis

615 2979 684 3053 ei
722 2979 848 3077 qui
885 2978 1084 3071 vult,
1146 2979 1499 3055 facinoris
1531 2979 2023 3079 ‘perpetratio
2064 2988 2193 3054 est.
2269 2978 2395 3054 Nil
2437 2980 2637 3053 enim
2676 2977 2770 3053 ad
2810 2976 3228 3054 custodiam
3266 3002 3393 3051 va-

613 3102 850 3179 lidum
905 3105 1031 3203 qui
1085 3128 1223 3179 sua
1276 3114 1723 3202 posuerunt,
1783 3102 2063 3178 habent
2117 3112 2417 3202 praeter
2472 3102 2729 3178 oculos
2785 3127 3001 3193 suos,
3056 3101 3163 3177 ita
3206 3110 3291 3176 ut
3326 3101 3388 3174 si

613 3227 838 3302 modo
873 3226 1312 3328 adspectum
1351 3227 1736 3303 diverterit
1791 3228 1955 3328 quis
1978 3282 2000 3319 ,
2055 3228 2134 3301 in
2173 3252 2327 3303 rem
2370 3239 2483 3302 est
2518 3228 2703 3304 furi:
2762 3228 3251 3327 quamobrem
3288 3226 3391 3300 le-

613 3354 924 3452 gislator
985 3363 1189 3427 ratus
1247 3379 1400 3428 non
1456 3354 1913 3429 sufficientes
1970 3353 2228 3429 adesse
2288 3354 2672 3447 custodes,
2750 3354 2999 3453 legem
3056 3352 3393 3427 adhibuit

611 3477 700 3551 iis
739 3479 1206 3553 minitantem
1260 3479 1654 3573 acerrime,
1713 3491 1954 3553 morte
2014 3480 2363 3580 punitum
2410 3480 2540 3572 iri,
2604 3480 2728 3579 qui
2769 3479 3052 3554 alienas
3091 3502 3208 3553 res
3250 3477 3389 3552 sibi

612 3602 1125 3678 vindicaverit.
1202 3605 1388 3680 Item
1426 3606 1503 3680 in
1545 3605 1849 3680 domum
1900 3605 2199 3704 quidem
2234 3630 2468 3706 penes
2510 3605 2885 3682 dominum
2926 3617 3081 3699 est,
3138 3627 3388 3702 quem-

613 3752 904 3827 cunque
935 3729 1158 3818 ·velit,
1203 3730 1574 3830 recipere,
1635 3742 1709 3805 et
1747 3732 1865 3805 cui
1906 3754 2060 3805 11011
2098 3730 2431 3805 confidat
2468 3730 2563 3805 ad
2601 3728 3257 3823 introducendum,
3314 3739 3389 3803 at

613 3856 680 3928 ei
717 3855 842 3953 qui
880 3855 958 3929 in
998 3856 1290 3931 balneis
1350 3856 1756 3956 quidquam
1812 3858 2101 3957 posuit,
2160 3856 2557 3958 prohibere
2614 3858 2993 3933 neminem
3042 3856 3219 3931 licet
3255 3879 3391 3930 nec

610 3978 941 4078 ingredi,
1000 4006 1140 4055 nec
1177 3980 1602 4079 ingressum
1640 3992 1929 4055 vestem
1948 4006 2175 4057 suam
2213 3991 2515 4059 exutam
2553 4007 2705 4056 non
2742 3982 3117 4083 deponere
3156 4006 3391 4083 prope

611 4103 892 4199 furem,
947 4108 1082 4181 sed
1139 4107 1404 4181 eodem
1453 4106 1529 4179 in
1565 4108 1732 4181 loco
1771 4106 1953 4180 furis
1993 4118 2067 4181 et
2104 4108 2441 4182 amissuri
2482 4109 2931 4183 vestimenta
2968 4107 3391 4208 promiscue

599 4232 897 4330 jacent:
957 4242 1412 4333 quapropter
1470 4232 1852 4331 legislator
1910 4232 1976 4305 ei
2034 4232 2332 4330 quidem
2390 4235 2515 4332 qui
2552 4259 2690 4308 sua
2725 4244 2995 4333 sponte
3035 4234 3281 4309 furem
3316 4234 3393 4307 in

609 4382 819 4433 suam
859 4356 1163 4431 domum
1221 4358 1598 4457 exceperit
1653 4358 1961 4457 ipseque
2003 4360 2403 4453 erraverit,
2462 4385 2615 4434 non
2652 4359 2947 4456 magnis
2985 4358 3391 4436 admodum

609 4481 996 4582 suppliciis
1016 4482 1410 4575 consuluit,
1430 4483 1508 4556 in
1527 4483 1846 4578 gratiam
1886 4510 2067 4557 vero
2108 4509 2363 4559 eorum
2400 4484 2529 4584 qui
2568 4509 3044 4561 communem
3081 4482 3385 4559 balneo-

611 4633 776 4682 rum
798 4605 1082 4685 aditum
1107 4608 1898 4707 conversationemque
1920 4608 2223 4700 habent,
2248 4609 2617 4709 supplicia
2636 4610 2925 4685 furibus
2946 4636 3225 4709 magna
3243 4621 3389 4686 sta-

505 4800 515 4810 ,
610 4735 770 4810 tuit.
845 4736 1038 4811 Item
1091 4735 1141 4808 ii
1199 4734 1497 4835 quidem
1536 4734 1662 4833 qui
1697 4735 1774 4808 in
1813 4734 2035 4830 lociS,
2096 4761 2412 4835 quorum
2450 4735 2689 4812 aditus
2726 4747 2939 4837 patet
2977 4738 3387 4838 cuicunque

610 4859 828 4955 velit,
885 4861 1166 4936 furtum
1203 4860 1711 4954 committunt,
1771 4860 2118 4935 omnibus
2176 4862 2548 4938 manifesti
2587 4864 2813 4957 fiunt,
2875 4864 3050 4963 quia
3088 4864 3383 4964 conspi-

611 4986 725 5059 cui
765 4996 970 5080 sunt,
1009 4986 1110 5063 ita
1148 4996 1230 5061 ut
1265 4986 1462 5064 vitae
1501 4988 1778 5063 servati
1813 5013 1911 5063 ne
1950 4988 2317 5063 commodi
2355 4988 2655 5088 quidem
2691 4988 2935 5088 gratia
2968 4988 3189 5089 probi
3226 5012 3386 5065 esse

609 5109 846 5187 videri
877 5112 1158 5208 -velint,
1217 5124 1470 5215 utpote
1528 5140 1754 5212 quum
1811 5116 2188 5190 incassum
2242 5114 2329 5190 iis
2390 5127 2542 5209 est,
2602 5116 2663 5189 si
2720 5142 2801 5191 se
2855 5115 3131 5217 probos
3186 5113 3385 5215 apud

613 5259 737 5310 eos
775 5240 1310 5334 ementiantur,
1373 5239 1690 5338 quirem
1727 5250 2037 5317 norunt:
2086 5241 2249 5339 jam
2304 5264 2483 5338 ergo
2543 5242 2805 5341 palam'
2845 5239 3165 5354 improbi
3222 5266 3383 5315 esse
