3725 5850
1053 375 1668 426 command-Amos
1713 372 1814 419 An
1853 369 1978 421 241.
2018 369 2145 422 242.
2183 369 2311 422 243.
2350 371 2479 423 246.
3000 359 3155 432 455

367 597 531 664 χος.
595 571 1041 664 (Har-mosta
1077 567 1488 644 vocabatur
1525 564 1724 666 apud
1761 564 2396 645 Lacedaemonios
2435 573 2705 648 missus
2744 586 3044 652 curator
3078 576 3156 649 in

377 697 750 776 subditam
787 697 1088 790 urbem,
1145 691 1671 798 praesidiariae
1709 689 2034 766 cohortis
2068 693 2565 794 praefectus.)

1545 921 1973 1007 Adam..

585 1091 762 1167 Fuit
799 1091 1028 1192 igitur
1065 1089 1540 1190 magistratus
1579 1086 2253 1185 extraordinarius,
2310 1115 2509 1167 anno
2566 1092 2727 1168 413
2765 1119 2829 1170 a.
2871 1093 3007 1171 Ch.
3046 1095 3154 1170 in·
3186 1171 3199 1190 κ

376 1217 692 1292 stitutus.
751 1215 865 1294 Of.
905 1215 1245 1317 Thucyd.
1287 1215 1498 1310 VIII,
1549 1215 1614 1289 1.

1545 1411 1696 1528 Aa
1746 1447 1978 1530 242.

583 1609 1084 1716 Harpocratio
1125 1637 1178 1687 s.
1220 1639 1290 1688 v,
1333 1605 1850 1706 τετρακόσιοιε
1912 1609 2460 1716 Quadringenti
2498 1616 2637 1691 viri
2677 1613 2905 1718 apud.
2922 1611 3151 1717 Athe-

373 1741 664 1817 nienses
723 1748 1014 1842 septem
1071 1739 1286 1814 an‘nis
1346 1749 1520 1814 ante
1582 1739 1891 1841 triginta
1941 1751 2303 1840 tyrannos
2360 1743 2740 1819 constituti
2798 1751 3007 1836 sunt,
3066 1769 3157 1820 ac

373 1891 666 1942 menses
707 1875 1060 1965 quattuor
1095 1865 1373 1941 civitati
1427 1865 1929 1966 praefuerunt.
2008 1868 2424 1970 (Tempore
2464 1869 2813 1946 nimirum
2852 1869 3152 1946 seditio-

373 1991 486 2067 nis
526 1989 1075 2092 oligarcharum
1117 2017 1314 2066 anno
1353 1990 1499 2064 411
1549 2015 1612 2065 a.
1655 1989 1836 2082 Ch.)

585 2116 700 2194 Cf.
742 2115 990 2194 Schol.
1032 2117 1109 2192 in
1152 2113 1492 2192 Aeschin.
1535 2113 1860 2215 Ctesiph.
1905 2113 2079 2190 176.

1545 2299 1698 2426 Aa
1741 2345 1975 2428 243.

583 2512 1252 2614 Harpocratio
1331 2537 1386 2586 s.
1445 2537 1513 2584 v.
1589 2513 2128 2610 Συγγραφεῖςε
2201 2510 2659 2588 Consvetum
2732 2513 2874 2589 fuit
2948 2515 3151 2616 apud

371 2639 904 2734 AthenienseS‚
965 2647 1046 2713 ut
1105 2637 1691 2736 quotiescunque
1750 2637 1842 2712 de
1901 2635 2286 2737 republica
2324 2636 2897 2716 consultandum
2936 2654 3150 2737 esset,

371 2775 646 2840 statuto
687 2763 804 2840 die
842 2763 1212 2840 sententia
1249 2762 1342 2839 ad
1380 2761 1744 2864 populum
1799 2763 2217 2842 referretur.
2296 2762 2507 2839 Idem
2545 2765 2767 2840 etiam
2808 2777 2980 2841 ante
3022 2769 3149 2842 fie-

369 2893 500 2967 bat
539 2915 762 2990 quam
803 2889 1182 2967 constituti
1221 2899 1432 2964 erant
1471 2885 2032 2987 Quadringenti.
2122 2889 2455 2964 Fuerunt
2513 2898 2765 2965 autem
2819 2891 3150 2969 universi

376 3018 916 3117 conscriptores
977 3018 1520 3117 (συγγραφεῖς)
1575 3024 1753 3089 tunc
1809 3015 2023 3090 electi
2080 3040 2394 3090 numero
2452 3016 2797 3113 triginta,
2855 3027 2936 3092 ut
2992 3015 3148 3095 An-

374 3144 612 3219 drotio
670 3154 744 3219 et
799 3141 1290 3219 Philochorus
1347 3140 1672 3217 tradunt.
1767 3138 2250 3240 Thucydides
2308 3166 2491 3217 vero
2548 3150 2839 3216 tantum
2894 3141 3150 3219 decem

371 3269 1070 3371 praeconsultorum
1107 3262 1649 3365 (προβούλων)
1689 3267 2146 3343 mentionem
2187 3266 2385 3343 fecit.

583 3416 673 3491 In
729 3413 1022 3491 Lexicis
1082 3411 1556 3511 Seguerianis
1613 3438 1685 3513 p.
1747 3410 1895 3485 301
1966 3419 2429 3513 συγγραφεῖς
2502 3423 2866 3489 vocantur
2922 3413 3146 3490 etiam

373 3542 843 3642 καταλογεῖς.

1544 3658 1697 3742 Λᾶ
1738 3660 1969 3742 240.

585 3826 1264 3929 Harpocratio
1303 3853 1360 3902 s.
1403 3854 1470 3902 ν.
1511 3820 1862 3909 Μόλπιςε
1923 3824 2186 3926 Lysias
2223 3826 2302 3901 in
2343 3824 2677 3902 oratione
2719 3825 2811 3902 de
2850 3824 3140 3904 heredi-

371 3963 516 4031 tate
552 3951 920 4051 Diogenis
957 3952 1230 4053 inquit:
1293 3950 1721 4053 „Tempore
1758 3950 2070 4051 triginta
2105 3960 2588 4053 tyrannorum
2627 3950 3026 4029 decemviri
3064 3954 3143 4030 in

372 4082 680 4157 Piraeeo
727 4078 950 4156 rebus
987 4078 1510 4181 praefuerunt,
1552 4104 1873 4179 quorum
1909 4103 2103 4152 unus
2141 4076 2279 4153 fuit
2314 4076 2659 4179 Molpis.“

583 4223 1182 4300 Plutarchus
1257 4224 1352 4297 in
1426 4223 1634 4298 vita
1708 4220 2207 4322 Lysandri
2268 4220 2495 4317 (15):
2571 4218 3145 4303 Atheniensium

371 4350 908 4454 rempublicam
943 4349 1297 4442 mutavit,
1357 4348 1669 4448 triginta
1703 4348 1781 4424 in
1818 4346 2043 4443 urbe,
2103 4346 2365 4423 decem
2401 4347 2479 4423 in
2516 4348 2827 4439 Piraeeo
2868 4350 3139 4427 consti-

368 4480 540 4556 tutis
575 4473 993 4581 praefectis.

581 4619 886 4698 Bekker
941 4616 1228 4696 Anecd.
1285 4643 1400 4715 gr.
1457 4619 1514 4694 Ι.
1571 4646 1648 4719 p.
1705 4616 1897 4692 235:
1967 4618 2224 4691 Δέκα
2296 4618 2570 4700 τίνες
2644 4618 2895 4690 εἰσί.·
2952 4612 3141 4690 δέκα

377 4740 569 4837 ἦσάν
603 4759 800 4831 τινες
838 4750 924 4819 ἐν
943 4748 1298 4841 Πειραιεῖ
1333 4743 1408 4817 οἱ
1446 4733 1810 4837 ἄρξαντες
1849 4737 2054 4815 κατὰ
2091 4738 2231 4831 τὴν
2267 4738 2691 4839 τυραννίδα
2729 4740 2887 4817 τῶν
2921 4738 3140 4839 τριά-

373 4899 659 4950 κοντα·
719 4865 918 4945 ἀλλὰ
975 4874 1115 4943 καὶ
1170 4871 1642 4965 προσέταξαν
1687 4862 1953 4954 αὐτοῖς
1991 4863 2338 4954 εὐθύνας
2374 4865 2504 4957 τῆς
2543 4861 2779 4965 ἀρχῆς
2821 4864 3137 4943 δοῦναι·

369 4995 470 5097 μή
531 4990 940 5102 ἀγνοῶμεν
995 4994 1116 5086 δὲ,
1195 4990 1319 5071 ὅτι
1373 4998 1614 5093 ἕτεροί
1671 4998 1816 5070 εἰσι
1876 4992 2063 5070 δέκα
2082 5050 2105 5084 ,
2166 4986 2305 5080 οὓς
2352 4989 2771 5085 Ἀθηναῖοι
2828 5000 3135 5072 εἵλοντο

370 5122 572 5223 μετὰ·
617 5123 761 5215 τὴν
813 5122 973 5207 τῶν
1024 5120 1447 5224 τριάκοντα
1505 5120 1957 5199 κατάλυσιν.
2036 5128 2361 5219 (Decem
2401 5126 2527 5225 qui
2564 5124 2801 5201 sunt?
2854 5125 3139 5201 Decem
