3725 5850
718 432 871 507 362
1799 458 1925 510 ms
1959 454 2402 509 PnlvA'roM.

1986 646 2212 724 1411.

929 775 1074 869 Qui
1114 802 1329 851 suum
1368 786 1892 852 testamentum
1941 775 2202 851 tollere
2241 775 2438 867 vult,
2493 762 2744 852 coram
2781 776 3138 853 archonte
3179 778 3468 878 ejusque

717 899 1215 977 assessoribus
1274 912 1349 977 et
1404 903 1715 977 testibus
1773 902 2320 1003 professionem
2377 902 2518 977 sibi
2577 902 2739 979 dari
2777 915 3024 1000 curet,
3085 902 3288 1005 quod
3323 902 3469 1006 ipse

715 1028 1136 1103 testamenti
1176 1029 1520 1130 pactione
1559 1026 1757 1105 haud
1799 1027 2118 1128 amplius
2157 1013 2517 1103 teneatur.

928 1311 1035 1389 Εἴ
1060 1341 1131 1385 τι
1172 1309 1657 1416 προσγράψαι
1697 1340 1807 1398 τις
1842 1305 2233 1409 βούλεται,
2271 1316 2356 1385 ἐν
2396 1315 2621 1411 ἑτέρῳ
2657 1308 2958 1416 γράψας
2997 1311 3200 1391 αὐτὰ
3238 1342 3474 1419 γραμ-

706 1440 1003 1536 ματείῳ
1042 1441 1597 1527 καταλειπέτω,
1656 1433 1797 1513 ἐὰν
1834 1432 1930 1511 τοὶ
1982 1433 2394 1540 γράμματα
2452 1433 2658 1537 παρὰ
2713 1436 2873 1513 τῶν
2929 1434 3330 1536 ἀρχόντων
3381 1436 3470 1517 οὖ

716 1558 1032 1653 δύνηται
1072 1564 1361 1661 λαβεῖν.
1903 1565 2200 1659 (Isacus
2239 1563 2330 1641 de
2369 1562 2756 1665 Cleonym.
2795 1565 2950 1642 her.
2994 1562 3062 1667 ξ.
3103 1568 3272 1663 25.)

1998 1726 2223 1801 1412.

927 1852 1005 1929 Si
1046 1852 1208 1954 quis
1248 1853 1523 1931 addere
1562 1852 1843 1954 aliquid
1873 1856 2036 1956 jam
2075 1854 2366 1955 scriptis
2423 1853 2689 1949 vellet,
2749 1851 3132 1931 codicillos
3171 1854 3472 1946 condat,

719 1980 781 2055 si
817 1980 1058 2081 ipsum
1101 1982 1525 2057 testamenti
1566 1982 1995 2083 exemplum
2033 2008 2077 2058 a
2113 1979 2670 2080 magistratibus
2706 1979 2994 2058 auferre
3032 2006 3186 2058 non
3207 1991 3473 2083 posset.

1888 2298 2163 2399 Τμῆμα
2219 2298 2317 2406 γ,’.

1640 2448 1889 2543 Περὶ
1965 2442 2554 2543 ἐπικλήρων.

1943 2608 2032 2621 RNV
2042 2608 2093 2621 v...
2112 2608 2180 2621 15⁶⁸ss
2216 2608 2227 2616 *

1911 2718 2155 2797 Sectio
2215 2720 2284 2797 3.

1402 2863 1536 2942 De
1603 2861 2022 2940 filiabus
2097 2863 2782 2943 hereditarii&

1989 3046 2217 3123 1413.

908 3161 1163 3242 ’Ὀταν
1197 3178 1373 3254 παῖς
1412 3163 1716 3266 ὀρφανὴ
1758 3160 1807 3266 ᾗ
1831 3223 1851 3258 ,
1913 3165 2191 3264 πατρὸς
2229 3172 2368 3243 καί
2412 3163 2697 3268 μητρὸς
2737 3163 3096 3260 ἀδελφῶν
3149 3195 3230 3242 τε
3283 3157 3468 3240 οὖσα

715 3295 1024 3391 ἔρημος,
1092 3297 1231 3368 καὶ
1287 3292 1530 3392 ταύτῃ
1588 3293 1785 3393 τύχῃ
1841 3285 2310 3392 ὑποκειμένη
2387 3289 2664 3383 οὐσία,
2735 3289 3026 3381 ταύτην
3097 3289 3466 3365 καλοῦσιν

712 3423 1165 3516 ἐπίκληρον·
1222 3410 1504 3518 ὁμοίως
1543 3417 1617 3496 δὲ
1660 3427 1795 3496 καὶ
1833 3418 1979 3512 τὴν
2037 3413 2172 3514 ἤδη
2229 3427 2799 3527 γεγαμημένην,
2858 3412 3051 3494 ὅταν
3103 3409 3156 3514 ᾗ
3207 3421 3326 3492 ἐπὶ
3378 3413 3462 3512 τῇ

713 3539 944 3644 οὐσίᾳ
985 3539 1123 3642 ὅλῃ
1160 3550 1843 3644 καταλελειμμένῃ·
1899 3551 2248 3624 καλεῖται
2289 3545 2366 3622 δὲ
2429 3548 2832 3643 ἐπίκληρος
2883 3548 3023 3618 καὶ
3079 3534 3124 3635 ἦ
3173 3539 3466 3641 μηδέπω

716 3677 1233 3773 γεγαμημένη,
1292 3667 1487 3746 ἀλλὰ
1528 3668 1729 3768 παρὰ
1786 3673 1901 3771 τῷ
1953 3679 2176 3770 πατρὶ
2237 3666 2479 3762 οὖσα,
2537 3667 2828 3746 καθότι
2883 3665 3227 3762 καθήκει
3281 3662 3463 3762 αὐτῇ

714 3787 981 3889 πᾶσαῆ
1010 3793 1272 3872 οὐσία·
1316 3795 1749 3873 καλοῦνται
1790 3795 1866 3874 δὲ
1907 3801 2332 3898 ἐπίκληροι,
2373 3792 2532 3874 κᾶν
2571 3791 2712 3874 δύο
2752 3787 2914 3885 ὦσι,
2955 3789 3115 3870 κᾶν
3151 3799 3458 3880 πλείους.

2401 3924 2709 4018 (Suidas
2729 3953 2746 4001 t
2802 3923 3266 4020 ἐπίκληρος.)

1981 4035 2014 4108 1
2030 4034 2123 4109 41
2137 4035 2204 4110 3.

927 4158 1187 4236 Puella
1242 4185 1435 4260 quae
1492 4171 1701 4262 patre
1760 4171 1837 4236 et
1891 4172 2127 4238 matre
2183 4161 2444 4238 orbata
2501 4159 2746 4236 nullos
2801 4157 3030 4235 habet
3086 4158 3352 4235 fratres
3393 4165 3458 4230 et

716 4284 1047 4360 omnium
1099 4286 1466 4364 bonorum
1521 4286 1738 4364 heres
1792 4295 1946 4384 est,
2021 4297 2332 4364 vocatur
2385 4285 2540 4363 filia
2597 4283 3086 4381 hereditaria;
3142 4283 3458 4361 similiter

716 4411 939 4486 etiam
976 4422 1251 4513 nupta,
1308 4411 1370 4488 si
1426 4412 1651 4490 totius
1704 4413 2132 4518 patrimonii
2169 4413 2384 4490 heres
2424 4412 2648 4490 fuerit
2682 4411 2962 4488 relicta.
3039 4409 3232 4488 Filia
3266 4409 3451 4485 here·

717 4536 984 4613 ditaria
1018 4549 1329 4616 vocatur
1367 4539 1595 4616 etiam
1628 4539 1880 4642 puella
1915 4537 2248 4615 nondum
2285 4548 2561 4640 nupta,
2615 4535 2748 4613 sed
2785 4535 2984 4639 apud
3020 4545 3312 4637 patrem
3345 4531 3449 4610 ad-

716 4661 861 4737 huc
898 4660 1212 4762 degenS,
1276 4665 1475 4765 quod
1514 4664 1737 4740 totius
1778 4663 2209 4742 hereditatis
2236 4664 2362 4764 jus
2401 4663 2496 4738 ad
2534 4687 2700 4739 eam
2735 4662 3128 4765 pertineat.
3198 4659 3450 4737 Eadem

718 4788 1123 4892 appellatio
1163 4789 1507 4868 tribuitur
1544 4791 1851 4894 puellis,
1912 4789 2197 4867 etiamsi
2236 4790 2424 4868 duae
2463 4788 2587 4866 vel
2623 4788 2878 4891 plures
2916 4787 3084 4864 sint.

910 5069 1042 5152 ”H
1068 5105 1236 5153 τινα
1275 5073 1432 5152 τῶν
1467 5073 1843 5181 ἐγγύτατα
1883 5081 2151 5181 γένους
2188 5070 2839 5173 ἐπιδικασάμενον
2887 5079 3076 5164 ἕξειν
3103 5083 3443 5178 ,γυναῖκα

720 5202 861 5300 τήν
896 5208 1335 5307 ἐπίκληρον,
1378 5197 1423 5298 ἢ
1460 5207 1533 5279 εί
1555 5202 1815 5305 μηδεὶς
1852 5200 2114 5282 αὐτῶν
2148 5201 2516 5305 βούλεται
2555 5197 3007 5302 λαμβάνειν,
3045 5200 3204 5276 τῶν
3237 5202 3442 5277 θείων
