3725 5850
1118 404 1736 460 comminuamus
1775 407 1883 461 An
1921 404 2083 462 1370.
2125 405 2287 462 1373.
2922 386 3076 462 605

517 594 670 672 Sed
704 595 873 694 lege
911 596 967 671 J
969 596 1122 674 ulia
1157 595 1888 676 nullum‘divortium
1923 611 2173 677 ratum
2210 610 2323 678 est
2342 658 2361 694 ,
2414 601 2477 676 si
2513 599 2907 702 repudium
2944 625 3085 703 per

299 720 735 797 libertinum
771 722 1077 798 missum
1111 748 1264 798 non
1305 733 1420 798 est
1456 733 1742 824 septem
1780 725 2073 803 civibus
2106 727 2465 802 Romanis
2504 726 2915 828 puberibus
2955 726 3079 803 ad-

296 845 554 924 hibitis
610 858 906 948 praeter
958 848 1310 925 libertum
1347 848 1544 950 ejus,
1603 849 1730 950 qui
1768 850 2171 930 divortium
2214 852 2411 930 facit.
2468 851 2707 956 (Ulp
2728 854 2754 930 i
2775 880 2913 930 an.
2972 853 3079 930 fr.

293 997 444 1048 un.
502 971 668 1050 fin.
723 973 976 1052 unde
1031 975 1180 1051 vir
1232 985 1323 1053 et
1378 1001 1642 1053 uxor.
1691 1019 1786 1029 —
1828 976 2059 1080 Gaji
2114 977 2222 1057 fr.
2280 979 2404 1056 43.
2464 979 2600 1058 ad.
2656 980 2839 1080 leg.
2891 977 3084 1056 Jul.

294 1095 412 1172 de
473 1093 812 1194 adult.)
1458 1203 1613 1288 Ad
1654 1206 1913 1290 ¹³⁷⁰

516 1368 812 1448 Odeum
845 1371 1048 1448 intus
1085 1372 1342 1450 multis
1379 1372 1736 1450 sedilibus
1783 1399 1873 1450 ac
1928 1374 2295 1451 columnis
2348 1375 2782 1454 distinctum
2804 1430 2823 1466 ,
2884 1383 3083 1450 tecto

290 1505 548 1572 autem
603 1496 876 1574 declivi
930 1507 1006 1572 et
1059 1522 1212 1573 uno
1268 1496 1566 1595 fastigio
1621 1497 1877 1574 clauso
1934 1509 2363 1576 contentum
2386 1554 2405 1590 ,
2466 1509 2627 1575 erat
2680 1498 2969 1596 effigies
3008 1509 3083 1574 et

292 1622 720 1723 exemplum
776 1622 964 1722 regii
1019 1620 1520 1712 tabernaculi,
1577 1647 1626 1698 a
1660 1621 1951 1700 Pericle
2008 1623 2429 1717 conditum,
2488 1624 2569 1701 in
2606 1648 2755 1724 quo
2793 1623 3080 1700 musica

291 1747 705 1824 certamina
741 1748 1290 1850 spectabantur.
1352 1747 1899 1840 (Plutarch.
1938 1749 2297 1826 Pericl.
2341 1749 2511 1844 13.)

507 1873 598 1950 In
637 1872 852 1950 Odeo
909 1872 1132 1950 etiam
1185 1870 1467 1948 archon
1511 1872 1637 1974 jus
1695 1870 2013 1949 dicebat.
2076 1870 2476 1966 (Suidas
2514 1901 2570 1950 s.
2612 1901 2683 1949 v.
2726 1863 3077 1969 ᾠδεῖον.)

509 1997 780 2076 Pollux
816 1996 1026 2091 VIII,
1069 1997 1210 2073 33:
1269 1989 1428 2080 Τοές
1463 1999 1585 2070 ἐπὶ
1623 1993 1736 2094 τῷ
1773 1997 1965 2094 σίτῳ
2003 1991 2229 2082 δίκας
2266 2001 2348 2072 ἐν
2392 1991 2643 2095 ᾠδείῳ
2682 1991 3071 2086 ἐδίκαζον.

291 2124 529 2206 Σῖτος
587 2117 671 2196 δέ
719 2127 930 2198 ἐστιν
986 2122 1066 2194 αἱ
1124 2115 1623 2217 ὀφειλόμεναι
1679 2123 1987 2217 τροφαί.
2046 2123 2474 2216 (Frumenti
2533 2124 2703 2202 lites
2739 2123 2819 2198 in
2857 2120 3073 2198 Odeo

275 2246 746 2345 judicabant.
820 2249 1310 2324 Frumentum
1347 2260 1600 2325 autem
1638 2257 1751 2324 est
1786 2246 2084 2325 debitus
2122 2247 2393 2341 cibus.)

507 2371 729 2473 Apud
768 2371 1092 2448 Thurios
1128 2372 1404 2449 licebat
1439 2371 1654 2448 uxori
1707 2372 2111 2448 divortium
2147 2398 2315 2449 cum
2354 2373 2516 2450 viro
2557 2373 2803 2449 facere
2843 2387 2918 2450 et
2952 2375 3065 2450 in-

288 2499 395 2573 ire
433 2497 884 2574 matrimonii
920 2498 1185 2576 foedus
1224 2523 1398 2576 cum
1442 2523 1893 2598 quocunque
1951 2498 2218 2593 vellet,
2276 2497 2503 2574 modo
2542 2523 2638 2574 ne
2662 2499 3071 2599 juniores-

285 2633 404 2697 set
463 2622 728 2698 marito
783 2621 1052 2724 priori3
1109 2622 1532 2723 eademque,
1574 2624 1901 2716 ratione,
1956 2622 2019 2697 si
2078 2622 2242 2724 quis
2300 2623 2699 2725 conjugem
2753 2624 2871 2699 vir
2921 2627 3071 2726 eje-

289 2746 550 2843 cisset,
607 2747 888 2824 nullam
925 2747 1226 2826 dimissa
1254 2748 1630 2849 juniorem
1685 2745 1826 2822 sibi
1873 2749 2195 2848 jungere
2251 2759 2567 2848 poterat.
2626 2749 2851 2841 (Dio
2874 2751 2921 2828 d
2945 2778 2988 2827 o
3011 2778 3069 2828 r.

287 2867 586 2950 Sicul.
626 2873 799 2970 XII,
847 2873 1009 2965 18.)
1778 2950 1787 2958 ,

504 2998 731 3101 Apud
784 3001 1168 3077 Romanos
1224 2999 1470 3076 soluto
1529 2999 1716 3076 citra
1769 3000 2071 3100 culpam
2125 2997 2377 3075 uxoris
2435 2998 2951 3092 matrimonio,
3007 3000 3070 3075 si

287 3123 552 3200 mulier
591 3124 688 3200 ob
728 3150 974 3203 mores
1013 3125 1154 3200 viri
1192 3124 1534 3217 divortit,
1595 3126 1710 3200 vir
1747 3149 1911 3200 eam
1951 3123 2242 3215 dotem,
2282 3148 2471 3223 quae
2511 3148 2805 3215 annua,
2840 3123 3065 3219 bima,

285 3248 509 3325 trima
546 3248 662 3325 die
700 3248 912 3327 reddi
953 3248 1217 3346 debet,
1257 3250 1356 3325 ob
1391 3250 1712 3352 majores
1749 3275 1997 3325 mores
2037 3258 2545 3350 praesentem,
2584 3259 2896 3349 propter
2930 3249 3065 3325 mi-

285 3401 510 3450 nores
564 3400 826 3451 senum
881 3375 1250 3450 mensium
1306 3374 1426 3450 die
1487 3373 1797 3452 reddere
1853 3373 2095 3450 debet.
2164 3372 2393 3466 Quod
2451 3372 2545 3448 ad
2587 3398 2747 3449 eam
2787 3373 3065 3469 dotem,

286 3525 476 3597 quae
514 3525 867 3601 praesens
924 3500 1132 3578 reddi
1189 3501 1415 3595 solet,
1471 3511 1548 3577 et
1584 3499 1946 3600 quidquid
1984 3524 2023 3576 e
2061 3499 2277 3576 bonis
2316 3499 2566 3575 uxoris
2607 3496 2726 3575 vel
2763 3498 3064 3576 liberto-

287 3648 452 3700 rum
489 3626 648 3725 ejus
686 3624 782 3703 ad
823 3651 996 3702 eum
1031 3626 1416 3727 pervenit,
1481 3636 1563 3700 ut
1601 3635 1716 3719 et,
1773 3624 1834 3701 si
1875 3623 2049 3701 dolo
2090 3624 2289 3700 malo
2328 3624 2609 3700 factum
2647 3624 2827 3720 erit,
2882 3651 3062 3724 quo-

285 3750 530 3825 minus
569 3752 1029 3849 perveniret,
1090 3761 1370 3851 quanta
1424 3751 1744 3851 pecunia
1793 3749 1972 3845 erit,
2033 3760 2321 3826 tantam
2358 3750 2515 3847 ipse
2556 3749 2809 3849 ejusve
2850 3748 3060 3825 here-

287 3876 419 3952 des
454 3876 844 3977 pecuniam
883 3877 1096 3970 dato,
1156 3885 1228 3949 et
1263 3876 1378 3951 vir
1417 3876 1637 3951 simul
1673 3875 1961 3951 fructus
2001 3874 2467 3974 quadriennii
2505 3882 2891 3976 praestare
2931 3873 3057 3949 de-

286 4001 435 4078 bet.
502 3999 634 4078 Sin
670 4002 998 4078 mulieris
1034 3998 1255 4103 culpa
1293 4001 1686 4078 discidium
1724 4001 2046 4095 factum,
2087 4026 2380 4076 morum
2417 3999 2719 4099 quidem
2758 4001 3059 4077 nomine

285 4128 593 4203 maritus
639 4127 1067 4226 graviorum
1128 4126 1429 4228 quidem
1483 4138 1808 4222 sextam,
1867 4126 2233 4203 leviorum
2273 4136 2617 4202 octavam
2656 4126 2851 4202 dotis
2888 4152 3057 4227 par-

283 4264 437 4329 tem
472 4252 765 4328 retinet.
825 4250 1261 4353 (Ulpian.
1312 4252 1470 4328 lib.
1520 4251 1690 4330 VII.
1743 4249 1858 4325 ad
1908 4250 2087 4350 leg.
2136 4250 2326 4325 Jul.
2381 4261 2474 4325 et
2525 4250 2746 4352 Pap.
2802 4251 2891 4327 fr.
2928 4250 3055 4328 46.

287 4390 360 4454 et
416 4376 644 4478 Gaji
700 4377 863 4453 lib.
918 4376 1049 4455 VI.
1107 4377 1222 4454 ad
1277 4378 1460 4478 leg.
1516 4378 1710 4454 Jul.
1779 4387 1873 4453 et
1930 4376 2147 4477 Pap.
2205 4375 2292 4452 fr.
2336 4376 2450 4467 7.)

1438 4586 1591 4672 Aa
1631 4589 1918 4672 1³73.

499 4754 725 4857 Apud
763 4754 1182 4851 Romanos,
1240 4756 1508 4858 quibus
1564 4740 2012 4833 testamento
2068 4751 2368 4854 quidem
2408 4760 2607 4828 tutor
2646 4752 2862 4830 datus
2900 4778 3057 4830 11011

287 4886 416 4979 sit,
471 4884 562 4959 iis
619 4909 658 4960 e
716 4882 884 4984 lege
938 4882 1110 4960 XII.
1167 4886 1421 4981 agnati
1489 4894 1660 4960 sunt
1715 4893 2043 4977 tutores,
2121 4881 2244 4979 qui
2304 4891 2669 4955 vocantur
2721 4878 3053 4974 legitimi.

287 5011 478 5087 Sunt
513 5021 762 5085 autem
814 5008 1074 5107 agnati
1129 5035 1266 5109 per
1319 5009 1552 5087 virilis
1608 5034 1828 5085 sexus
1886 5030 2247 5109 personas
2287 5006 2735 5105 cognatione
2761 5002 3013 5102 juncti
3034 5061 3053 5097 ‚

286 5136 494 5235 quasi
551 5162 596 5211 a
649 5146 863 5237 patre
922 5136 1262 5231 cognati,
1321 5134 1552 5211 veluti
1613 5134 1840 5211 frater
1899 5131 2159 5209 eodem
2216 5142 2422 5231 patre
2483 5138 2741 5223 natus,
2801 5127 3057 5206 fratris
