3725 5850
1190 526 1817 585 coMMsu'rAmus
1856 530 1964 579 An
2005 522 2130 579 7⁰7.
2904 490 3068 582 51'5'

266 716 427 801 ὑπὸ
464 752 697 811 τινος.
777 725 1135 819 (Actione
1190 726 1285 801 de
1323 725 1395 798 vi
1436 721 1783 799 utebatur
1822 724 2044 797 etiam
2084 720 2443 814 creditor,
2503 724 2626 823 qui
2667 746 2897 824 quum
2933 746 3058 801 co·

267 855 574 931 naretui·
619 854 815 929 bona
854 847 1212 927 debitoris
1253 850 1610 941 retinere,
1669 845 1765 921 ab
1804 844 2052 945 aliquo
2089 847 2701 949 impediebatur.)

1454 1110 1606 1193 Ad
1646 1112 1880 1195 ⁷0⁷.

483 1316 748 1400 Suidas
786 1346 843 1397 s.
882 1344 953 1395 v.
984 1309 1352 1405 Ἐξούλης
1374 1342 1397 1385 .·
1456 1315 1675 1393 Actio
1712 1313 1809 1392 de
1846 1314 1922 1389 vi
1957 1313 2207 1396 locum
2243 1313 2598 1407 habebat,
2631 1337 2804 1395 cum
2841 1340 2882 1393 e
2921 1314 3047 1393 de-

264 1448 533 1525 bitoris
587 1447 809 1525 bonis
864 1443 1157 1545 expulsi
1204 1450 1453 1519 essent
1474 1499 1491 1534 ,
1546 1440 1672 1541 qui
1702 1438 1987 1539 judicio
2031 1442 2386 1519 vicerant.
2466 1442 2654 1519 ltem
2691 1438 3051 1520 adversus

278 1572 697 1667 debitores,
756 1570 883 1671 qui
920 1594 1147 1647 causa
1182 1566 1625 1645 ceciderant.

486 1714 601 1791 Of.
642 1712 889 1791 Schol.
928 1710 1005 1788 in
1042 1709 1433 1789 Demosth.
1476 1706 1780 1786 Midian.
1826 1708 2004 1805 528,
2029 1710 2156 1807 22,
2197 1722 2271 1787 et
2309 1712 2636 1807 540,24.
2688 1710 3058 1814 Apostolii

278 1839 639 1918 Proverb.
680 1836 891 1935 XVI,
931 1838 1057 1914 47.

488 1981 910 2059 Secundum
948 1978 1287 2057 Platonis
1328 1978 1391 2055 L
1414 1999 1587 2077 ege
1608 2003 1643 2051 s
1684 1978 1906 2075 (958,
1947 1974 2228 2071 A—B)
2279 1978 2626 2081 judicans
2663 1982 3056 2082 magistra-

270 2122 395 2185 tus
435 2108 771 2187 damnati
808 2105 1012 2181 bona
1066 2104 1318 2180 omnia
1368 2112 1667 2204 praeter
1722 2104 2180 2179 necessarias
2234 2106 2750 2205 possessiones
2803 2109 3056 2185 statim

268 2235 429 2311 lata
468 2232 838 2311 sententia
874 2230 1135 2306 victori
1174 2256 1312 2331 per
1348 2252 1800 2330 praeconem
1842 2230 2230 2305 attribuito
2282 2228 2757 2309 audientibus
2783 2232 3057 2334 judici-

266 2361 457 2457 bus3
512 2384 767 2436 mense
808 2380 985 2432 vero
1024 2382 1069 2430 a
1093 2354 1429 2456 judiciali
1469 2378 1763 2455 quoque
1801 2354 2190 2456 proximo,
2249 2356 2312 2431 si
2350 2355 2889 2435 condemnatus
2925 2384 3058 2435 no-

264 2486 495 2561 luerit
530 2510 697 2561 cum
732 2483 1033 2559 volente
1074 2480 1355 2556 victore
1395 2478 1664 2581 pacisci
1690 2538 1707 2573 ,
1746 2480 2267 2578 magistratus,
2323 2482 2449 2581 qui
2474 2480 2880 2581 judicavit,
2937 2508 3058 2560 co-

268 2614 549 2689 mitans
604 2611 962 2686 victorem
1020 2606 1497 2683 condemnati
1556 2605 1757 2682 bona
1793 2606 1861 2681 ei
1899 2606 2194 2684 tradito.
2271 2606 2406 2685 Sin
2447 2619 2697 2685 autem
2734 2634 2889 2685 non
2926 2610 3056 2687 ha-

265 2738 457 2813 bent
510 2735 711 2812 unde
768 2735 1103 2825 solvant,
1179 2758 1321 2809 nec
1376 2732 1621 2809 minus
1675 2731 2035 2809 drachma
2091 2732 2345 2829 deest,
2401 2733 2572 2810 huic
2627 2732 2706 2809 in
2763 2736 3058 2812 nullum

264 2864 501 2942 alium
537 2862 732 2939 actio
770 2858 989 2938 detur
1012 2917 1031 2954 ,
1087 2858 1521 2962 priusquam
1575 2858 1913 2936 debitum
1972 2884 2194 2937 omne
2247 2860 2694 2962 persolverit
2741 2862 3048 2961 victori3

267 2991 438 3066 aliis
478 3013 658 3065 vero
694 2989 771 3064 in
810 2987 1011 3062 hunc
1049 2998 1266 3062 sunto
1306 2985 1633 3062 actiones
1672 2996 1901 3062 ratae.

492 3131 718 3234 Apud
774 3131 1155 3207 Romanos
1213 3129 1317 3204 sic
1373 3139 1589 3204 erant
1644 3128 1880 3204 verba
1931 3127 2124 3227 legis
2159 3157 2178 3205 z
2250 3125 2319 3204 A
2341 3155 2380 3205 e
2405 3156 2441 3204 r
2460 3130 2484 3205 i
2506 3155 2542 3205 s
2601 3155 2642 3205 c
2663 3157 2708 3207 o
2727 3159 2779 3207 n
2801 3131 2841 3208 f
2859 3159 2899 3208 e
2919 3158 2956 3207 s
2978 3135 3057 3210 si

268 3259 781 3356 rebusque
835 3256 1057 3356 jure
1124 3252 1622 3355 judicatis
1676 3253 2114 3352 triginta
2169 3253 2382 3330 dies
2427 3257 2686 3355 justi
2741 3268 3056 3336 sunto.

266 3385 517 3460 Post
564 3381 921 3458 deinde
978 3404 1312 3456 manus
1367 3379 1797 3480 injectio
1853 3391 2100 3476 esto,
2159 3379 2462 3479 injus
2520 3381 2882 3460 ducito.
2942 3385 3058 3462 Ni

264 3507 837 3608 judicatum
892 3506 1143 3582 facit
1199 3513 1362 3580 aut
1419 3504 1635 3604 quis
1692 3504 1948 3581 endo
2007 3505 2124 3598 (id
2183 3515 2332 3582 est:
2385 3507 2525 3600 in)
2585 3532 2796 3584 eum
2835 3509 3058 3610 jure

269 3632 750 3727 vindicit,
804 3657 1135 3708 secum
1173 3631 1553 3726 ducito,
1608 3631 2004 3707 vincito
2054 3643 2217 3707 aut
2267 3657 2572 3708 nervo
2623 3644 2788 3710 aut
2823 3659 3056 3713 com-

272 3757 724 3860 pedibus.
803 3755 1393 3850 Quindecim
1448 3756 1777 3857 pondo
1833 3781 1947 3832 ne
2004 3756 2376 3833 minore
2436 3767 2599 3834 aut
2653 3759 2734 3834 si
2791 3758 3056 3837 volet

270 3885 461 3985 maj
490 3909 650 3958 ore
707 3883 1112 3958 vincito,
1208 3879 1306 3958 Si
1364 3882 1637 3958 volet
1692 3907 1863 3958 suo
1915 3882 2261 3958 vivito.
2356 3883 2471 3960 Ni
2528 3907 2698 3959 suo
2754 3886 3054 3984 vivit,

273 4011 706 4112 quicum
760 4009 1200 4083 vinctum
1275 4005 1725 4104 habebit,
1799 4007 2120 4084 libras
2175 4007 2480 4085 farris
2539 4008 2788 4085 endo
2845 4010 3053 4089 dies

274 4135 322 4210 d
347 4160 395 4209 a
416 4145 447 4208 t
468 4163 533 4211 o.
592 4131 688 4209 Si
740 4161 790 4209 v
813 4133 900 4209 ol
921 4160 960 4209 e
983 4145 1014 4208 t
1066 4161 1117 4235 p
1139 4132 1227 4207 lu
1248 4161 1283 4208 s
1341 4132 1388 4210 d
1410 4143 1503 4208 at
1525 4159 1588 4209 o.
1647 4131 1826 4207 Erat
1863 4142 2113 4208 autem
2139 4133 2266 4233 jus
2305 4133 2592 4209 interea
2628 4135 3058 4235 paciscendi

274 4286 366 4338 ac
408 4259 551 4336 nisi
590 4259 789 4360 pacti
829 4258 1079 4334 forent
1135 4255 1610 4336 habebantur
1664 4258 1743 4333 in
1799 4257 2110 4334 vinculis
2172 4257 2330 4342 dies
2367 4260 2780 4360 sexaginta.
2854 4261 3060 4340 Inter

275 4413 409 4463 eos
444 4385 610 4462 dies
646 4385 857 4461 trinis
894 4381 1251 4462 nundinis
1304 4383 1679 4462 continuis
1735 4380 1831 4460 ad
1890 4394 2312 4485 praetorem
2347 4386 2428 4460 in
2465 4385 2848 4462 comitium
2883 4413 3056 4490 pro·
3083 4445 3092 4456 .

274 4511 750 4589 ducebantur
769 4567 786 4602 ,
827 4521 1343 4610 quantaequae
1380 4509 1744 4609 pecuniae
1772 4507 2086 4608 judicati
2125 4519 2409 4603 essent,
2469 4509 3056 4610 praedicabatur.

274 4637 561 4715 Tertiis
612 4645 863 4711 autem
918 4633 1270 4709 nundinis
1326 4633 1575 4733 capite
1630 4657 1914 4734 poenas
1969 4633 2255 4710 dabant
2310 4644 2438 4709 aut
2469 4645 2682 4712 trans
2719 4635 3060 4715 Tiberim

274 4787 598 4864 peregre
635 4785 917 4836 venum
952 4758 1189 4835 ibant.
1266 4756 1417 4834 Sed
1474 4782 1641 4833 eam
1698 4752 1960 4859 capitis
2018 4783 2342 4859 poenam
2398 4761 2848 4840 sanciendae
2883 4763 3059 4842 fidei

274 4888 527 4987 gratia
572 4885 999 4961 horrificam
1052 4883 1460 4961 atrocitatis
1518 4893 1819 4960 ostentu
1877 4883 2244 4985 novisque
2278 4885 2686 4962 terroribus
2721 4901 3054 4966 metuen-

277 5013 451 5088 dam
490 5009 999 5090 reddiderunt.
1072 5009 1269 5088 Nam
1302 5010 1366 5085 si
1404 5009 1657 5112 piures
1696 5010 1983 5106 forent,
2024 5007 2294 5110 quibus
2333 5035 2501 5086 reus
2543 5023 2738 5088 esset
2762 5012 3054 5112 judica·
3087 5058 3097 5072 ·

276 5150 399 5215 tus
419 5197 438 5233 ,
496 5162 795 5232 secare,
851 5136 914 5210 si
954 5135 1273 5230 vellent,
1330 5146 1559 5235 atque
1612 5135 1872 5237 partiri
1931 5161 2204 5237 corpus
2241 5134 2517 5214 addicti
2556 5137 2696 5212 sibi
2735 5137 3056 5218 hominis

279 5263 799 5364 permiserunt.
878 5260 976 5336 Et
1029 5259 1331 5360 quidem
1386 5262 1622 5338 verba
1675 5261 1841 5362 ipsa
1896 5262 2084 5363 legis
2123 5261 2366 5342 dicam
2391 5291 2408 5339 t
2467 5263 2538 5341 Τ
2555 5289 2598 5338 e
2619 5291 2656 5340 r
2673 5266 2746 5340 ti
2767 5267 2790 5342 i
2812 5291 2886 5361 s,
2941 5267 3054 5342 in·

2501 5387 2631 5453 33*
