3725 5850
639 490 746 565 38
1743 512 1869 563 sus
1903 509 2326 565 PunucuM.

630 704 782 802 μὲν
819 704 986 802 περὶ
1024 696 1186 778 τῶν
1218 694 1798 803 βουλευτικῶν,
1858 691 2224 795 δεύτερον
2278 694 2359 773 δὲ
2417 702 2588 797 περὶ
2638 694 2798 775 τῶν
2853 692 3155 774 κοινῶν
3173 749 3196 785 ,
3254 688 3419 769 εἶτα

641 828 729 905 02¹
759 836 1064 905 κεῖνται
1098 836 1259 917 τοῖς
1294 831 1518 906 ἐννέα
1553 816 1941 931 ἄρχουσιν
1958 878 1982 915 ,
2020 820 2187 901 εἶτα
2222 820 2381 901 τῶν
2416 816 3018 929 ἅλλωνάρχῶν·
3052 812 3097 914 ἦ
3142 817 3213 897 δ’
3248 824 3420 896 ἐπι-

629 957 1084 1053 χειροτονία
1121 952 1312 1029 ἔστω
1350 942 1394 1044 ἦ
1435 956 1784 1051 προτέρα,
1823 944 1985 1049 ὅτῳ
2022 945 2408 1027 δοκοῦσιν
2445 943 2724 1048 ἀρκεῖν
2757 950 2834 1027 οἱ
2854 944 3083 1047 νόμοι
3111 946 3191 1026 οἶ
3218 946 3426 1046 βου-

639 1082 987 1156 λευτικοί
1013 1103 1030 1122 ·
1079 1071 1123 1170 ἦ
1166 1076 1238 1154 δ’
1275 1071 1552 1177 ὑστέρα
1571 1134 1594 1168 ,
1653 1072 1812 1177 ὅτῳ
1839 1072 1952 1176 μὴ
1994 1072 2422 1167 δοκοῦσιν,
2480 1070 2641 1150 εἶτα
2677 1072 2836 1153 τῶν
2870 1070 3175 1151 κοινῶν
3209 1066 3419 1147 κατά

638 1198 923 1279 ταύτά·
975 1199 1121 1295 τὴν
1167 1199 1238 1277 δ’
1276 1204 1898 1302 ἐπιχειροτονίαν
1946 1195 2149 1276 εἶναι
2184 1196 2343 1275 τῶν
2377 1195 2644 1303 νόμων
2677 1194 2883 1287 κατὰ
2920 1194 3105 1286 τούς
3133 1193 3423 1302 νόμους

639 1318 827 1413 τούς
864 1332 1304 1426 κειμένους·
1363 1320 1507 1405 ἐάν
1543 1323 1621 1401 δὲ
1661 1354 1860 1413 τινες
1897 1320 2055 1400 τῶν
2089 1318 2357 1422 νόμων
2391 1320 2550 1402 τῶν
2585 1330 2966 1425 κειμένων
3001 1314 3423 1420 ἀποχειρον-

637 1449 1032 1543 τονηθῶσι
1048 1504 1076 1545 ,
1132 1447 1319 1540 τούς
1357 1446 1798 1550 πρυτάνεις,
1863 1454 1987 1544 ἐφ’
2024 1436 2139 1523 ῶν
2176 1441 2281 1526 ἂν
2339 1441 2385 1539 ἦ
2449 1451 3020 1549 ἐπιχειροτονία
3065 1452 3374 1553 γένηται
3396 1500 3422 1537 ,

643 1586 899 1654 ποιεῖν
952 1581 1120 1677 περὶ
1176 1572 1336 1653 τῶν
1375 1570 2265 1676 ἀποχειροτονηθέντων
2308 1567 2456 1663 τὴν
2506 1576 2955 1654 τελευταίαν
2996 1572 3159 1651 τῶν
3188 1570 3427 1672 τριῶν

645 1698 1082 1848 ἐκκλησιῶν
1102 1723 1121 1742 ·
1175 1696 1363 1789 τούς
1397 1697 1480 1777 δὲ
1527 1695 1981 1801 προέδρους,
2042 1699 2131 1775 οἳ
2179 1692 2287 1777 ἂν
2338 1696 2779 1805 τυγχάνωσι
2836 1694 3426 1799 προεδρεύοντες

643 1830 733 1903 ἐν
783 1823 1024 1923 ταύτῃ
1070 1823 1163 1923 τῇ
1201 1828 1579 1925 ἐκκλησίᾳ
1601 1881 1622 1914 ,
1669 1825 2178 1923 χρηματίζειν
2232 1820 2664 1929 ἐπάναγκες
2720 1822 3030 1923 πρῶτον
3074 1850 3271 1922 μετα
3322 1816 3427 1897 τά

644 1946 800 2051 ιερὰ
846 1954 1012 2049 περὶ
1048 1948 1207 2026 τῶν
1242 1948 1744 2048 νομοθετῶν,
1802 1954 2000 2025 καθ’
2042 1942 2088 2025 3
2129 1978 2203 2026 τι
2236 1945 2819 2040 καθεδοῦνται,
2872 1952 3015 2024 καὶ
3067 1952 3239 2050 περὶ
3280 1944 3425 2023 τοῦ

648 2070 1051 2225 ἀργυρίου,
1092 2064 1402 2151 ὀπόθεν
1437 2084 1597 2161 τοῖς
1633 2080 2097 2174 νομοθέταις
2138 2072 2387 2150 ε’σται·
2423 2070 2604 2162 τούς
2643 2065 2720 2149 δὲ
2761 2078 3193 2173 νομοθέτας
3228 2068 3429 2147 εἶναι

645 2206 738 2278 ἐκ
790 2196 950 2276 τῶν
1003 2196 1538 2300 ὀμωμοκότων
1583 2196 1727 2277 τόν
1795 2194 2255 2292 ἦλιαστικον
2291 2194 2587 2298 ὅρκον·
2643 2196 2785 2275 ἐὰν
2821 2196 2891 2273 δ’
2915 2228 2989 2275 οι
3027 2194 3433 2296 πρυτάνεις

638 2320 752 2426 μή
792 2322 1066 2400 ποιῶσι
1100 2320 1303 2401 κατὰ
1344 2318 1438 2400 τά
1478 2330 1966 2432 γεγραμμένα
2001 2322 2145 2417 τὴν
2200 2328 2670 2417 εκκλησίαν,
2729 2356 2771 2416 η
2819 2353 2891 2399 οι
2932 2318 3283 2423 πρόεδροι
3312 2314 3425 2418 μή

638 2452 1158 2551 χρεματίσωσι
1216 2446 1419 2526 κατά
1467 2446 1564 2526 τά
1619 2456 2147 2557 γεγραμμένα,
2209 2444 2565 2547 ὀφείλειν
2608 2448 2767 2529 τῶν
2792 2452 2945 2550 μὲν
2981 2442 3433 2549 πρυτάνεων

648 2582 987 2653 ἕκαστον
1010 2577 1276 2674 χιλίας
1315 2573 1725 2676 δραχμοὶςι
1701 2572 1904 2678 ιεράς
1951 2572 2045 2673 τῇ
2070 2570 2429 2677 Ἀθηνᾷ·
2501 2572 2660 2650 τῶν
2698 2572 2775 2652 δὲ
2814 2570 3204 2674 προέδρων
3239 2578 3431 2649 ἐκα-

649 2726 825 2787 στος
830 2694 1228 2839 ὀφειλέτω
1255 2702 1539 2799 μυρίας
1579 2704 1666 2797 ¹')
1727 2696 2074 2801 δραχμάς
2130 2697 2333 2803 ἱεράς
2388 2695 2481 2799 τῇ
2522 2694 2871 2801 Ἀθηνᾷ·
2924 2702 3067 2774 καὶ
3116 2690 3432 2789 ἔνδειξις

650 2818 916 2902 αὐτῶν
955 2826 1144 2903 ε’στω
1183 2820 1369 2924 πρός
1403 2822 1589 2913 τούς
1632 2832 2158 2928 θεσμοθέτας,
2216 2821 2578 2925 καθάπερ
2631 2820 2770 2901 ἐάν
2802 2853 2918 2912 τις
2955 2814 3160 2924 ἄρχῃ
3200 2818 3433 2918 ὀφεί-

532 2991 540 3008 ·
650 2953 808 3027 λων
841 2947 956 3051 τῷ
999 2948 1344 3052 δημοσίῳ
1369 2973 1385 2992 ·
1445 2952 1520 3026 οἱ
1575 2947 1652 3026 δὲ
1717 2955 2193 3050 θεσμοθέται
2246 2947 2434 3038 τούς
2488 2947 3027 3046 ἐνδειχθέντας
3064 2945 3431 3054 εἰσαγόν-

647 3102 807 3151 των
859 3078 969 3164 είς
1023 3072 1118 3154 τό
1177 3073 1677 3176 δικαστήριον
1749 3075 1955 3153 κατὰ
2027 3073 2174 3154 τόν
2245 3074 2539 3176 νόμον,
2617 3069 2667 3168 ἢ
2710 3071 2821 3174 μὴ
2881 3071 3269 3152 ἀνιόντων
3320 3077 3435 3162 εἰς

629 3191 958 3302 Ἀρειον
994 3202 1294 3307 πάγον,
1357 3192 1460 3288 ῶς
1498 3199 2025 3290 καταλύοντες
2058 3199 2206 3294 τὴν
2241 3198 2785 3302 ἐπανόρθωσιν
2818 3197 2979 3278 τῶν
3012 3197 3298 3300 νόμων.

869 3323 1048 3428 Πρὸ
1107 3323 1184 3404 δὲ
1241 3325 1369 3418 τῆς
1441 3329 1858 3419 ἐκκλησίας
1914 3319 1960 3403 3
2019 3321 2501 3426 βουλόμενος
2545 3320 3011 3418 Ἀθηναίων
3056 3329 3433 3405 ἐπιθέτω

652 3449 950 3554 πρόσθε
1011 3451 1170 3528 τῶν
1233 3447 1718 3552 Ἐπωνύμων
1788 3449 2100 3558 γράψας
2173 3447 2359 3538 τούς
2432 3449 2721 3551 νόμους
2741 3509 2764 3543 ,
2842 3481 2981 3540 ους
3040 3479 3146 3528 αν
3198 3447 3382 3548 τιθῇ
3406 3505 3433 3541 ,

653 3569 859 3662 ὅπως
897 3569 1003 3653 ὀῖν
1040 3573 1225 3678 πρὸς
1259 3573 1352 3652 τό
1401 3576 1703 3669 πλῆθος
1759 3575 1919 3653 τῶν
1970 3580 2357 3653 τεθέντων
2408 3574 2680 3676 νόμων
2734 3581 3163 3678 ψηφίσηται
3196 3567 3245 3654 ὀ
3288 3573 3434 3668 δῆ-

645 3729 796 3802 μος
833 3706 1001 3807 περὶ
1053 3699 1198 3781 τοῦ
1245 3701 1557 3802 χρόνου
1613 3711 1782 3792 τοῖς
1831 3705 2302 3802 νομοθέταις
2324 3725 2343 3749 ·
2396 3693 2443 3778 3
2505 3699 2584 3779 δὲ
2640 3707 2888 3790 τιθεὶς
2939 3698 3089 3779 τόν
3143 3697 3440 3780 καινόν

654 3822 912 3926 νόμον
966 3821 1431 3932 ἀναγράψας
1481 3830 1588 3916 εἰς
1626 3825 1989 3929 λεύκωμα
2028 3833 2400 3909 ἐκτιθέτω
2436 3823 2731 3927 πρόσθε
2766 3825 2925 3904 τῶν
2949 3823 3441 3928 Ἐπωνύμων

655 3943 1014 4053 ὁσημέραι
1049 3955 1187 4041 ἕως
1224 3945 1330 4030 ἂν
1368 3944 1409 4045 ἦ
1448 3954 1824 4045 ἐκκλησία
1860 3959 2185 4059 γένηται.
2262 3954 2672 4056 Αἱρεῖσθαι
2715 3948 2794 4030 δὲ
2832 3955 2973 4028 καὶ
3020 3948 3205 4043 τούς
3238 3977 3438 4030 συν-

656 4081 1375 4182 απολογησομένους
1427 4073 1575 4154 τόν
1630 4074 1884 4177 δῆμον
1930 4087 2092 4166 τοῖς
2130 4075 2443 4178 νόμοις,
2504 4075 2591 4154 οἳ
2622 4071 2728 4154 ἂν
2765 4083 2853 4156 ἐν
2886 4085 3047 4167 τοῖς
3084 4075 3438 4178 νομοθέ-

657 4229 822 4289 ταις
858 4199 1238 4293 λύωνται,
1296 4207 1514 4280 πέντε
1552 4195 1843 4304 ἄνδρας
1880 4210 1960 4298 ἐξ
1986 4197 2453 4299 Ἀθηναίων
2506 4195 2879 4283 ἁπάντων
2929 4202 3022 4302 τῇ
3060 4201 3441 4306 ἑνδεκάτῃ

655 4323 803 4404 τοῦ
827 4317 1526 4428 Ἑκατομβαιῶνος
1549 4325 1816 4428 μηνός.

1131 4453 1559 4550 (Demosth.
1595 4483 1663 4536 o.
1705 4452 2108 4539 Timocrat.
2150 4457 2594 4534 706—707.
2635 4455 2795 4534 Lex
2836 4455 3219 4554 Solonis).

1972 4633 2147 4712 148.
2204 4713 2211 4721 .

873 4775 1171 4854 Primae
1209 4777 1604 4880 prytaniae
1645 4776 1766 4857 die
1802 4777 2202 4859 undecimo
2238 4780 2320 4874 in
2374 4780 2733 4865 concione
2752 4836 2771 4873 ‚
2828 4789 3221 4880 postquam
3261 4791 3444 4860 vota

662 4913 968 5007 peracta.
1003 4903 1285 4980 fuerint
1320 4925 1368 4977 a
1401 4926 1772 5004 praecone
1797 4961 1816 4999 ,
1875 4905 2292 4982 sciscantur
2343 4906 2555 5006 leges
2578 4960 2597 4998 ,
2652 4905 2974 5006 primum
3009 4905 3101 4981 de
3142 4917 3438 4984 senato-

663 5030 794 5106 riis
829 5024 1092 5121 rebus,
1149 5028 1415 5106 deinde
1471 5026 1564 5104 de
1601 5029 2159 5126 communibus,
2218 5042 2377 5108 tum
2434 5029 2525 5110 de
2579 5031 2695 5108 his
2750 5055 2941 5134 quae
2992 5056 3269 5116 novem
3320 5059 3439 5112 ar-

621 5259 628 5269 '
756 5240 830 5321 ⁴²)
877 5237 1187 5310 Codicum
1230 5239 1754 5332 τετταράκοντα.
