3725 5850
1188 456 1807 509 commum-Amos
1846 456 1952 505 An
1997 452 2354 509 1136.,1137.
2986 432 3141 505 565

1534 659 1687 743 M
1720 660 1988 743 uso.

584 846 894 925 suidas:
938 836 1429 937 ‘Ynocpo've
1457 872 1506 917 α
1559 838 1653 917 τοὶ
1712 846 1832 918 ἐπὶ
1892 838 2117 941 φόνῳ
2179 838 2542 941 διδόμενα
2587 840 2951 943 χρήματα
2989 850 3148 927 τοῖς

371 976 694 1055 οἰκείοις
730 967 878 1044 τοῦ
914 974 1438 1065 φονευθέντος
1462 1024 1481 1055 ,
1536 971 1668 1042 ἵνα
1698 963 1807 1064 μὴ
1869 970 2284 1057 ansgisum.
2348 970 2718 1065 (Pecunia
2754 996 2945 1071 quae
2983 994 3145 1045 cae-

371 1100 488 1177 dis
526 1123 753 1176 causa
790 1096 1109 1174 dabatur
1146 1121 1193 1171 a
1232 1092 1476 1172 caedis
1514 1122 1644 1173 reo
1701 1095 2146 1197 propinguis
2203 1094 2576 1189 defuncti,
2635 1122 2730 1171 ne
2769 1120 2938 1171 eum
2977 1121 3142 1199 per-

369 1224 923 1327 sequerentur.)

1531 1339 1682 1423 Ad
1717 1340 1988 1425 u37.

584 1526 1017 1606 Secundum
1052 1527 1391 1604 Platonis
1428 1524 1677 1625 Leges
1714 1525 1934 1620 (865,
1975 1525 2264 1619 A—D)
2319 1527 2382 1603 si
2419 1527 2584 1627 quis
2619 1526 2699 1603 in
2739 1528 3142 1605 certamine

369 1666 449 1731 et
484 1652 805 1756 publicis
841 1651 1447 1731 contentionibus
1484 1649 1761 1727 invitus
1780 1650 1905 1727 vel
1941 1650 2194 1727 statim
2228 1651 2352 1727 vel
2390 1652 2924 1753 posterioribus
2961 1663 3140 1728 tem-

366 1779 675 1880 poribus
711 1805 848 1881 per
882 1779 1200 1855 vulnera
1231 1776 1517 1853 inflicta
1550 1774 1825 1851 occidit
1861 1775 2240 1853 hominem
2275 1776 2629 1870 amicum,
2667 1775 2786 1853 vel
2824 1777 2902 1852 in
2938 1777 3142 1854 bello

368 1903 635 1981 eodem
689 1904 913 1983 modo
968 1902 1089 1979 vel
1124 1903 1203 1979 in
1240 1900 1724 1978 meditatione
1758 1900 1942 1978 belli
1963 1960 1980 1995 ,
2039 1900 2648 1979 exercitationem
2695 1903 3140 1980 instituenti·-

366 2028 511 2104 bus
547 2028 1143 2129 magistratibus,
1195 2025 1416 2103 nudis
1470 2024 1914 2129 corporibus
1954 2026 2076 2102 vel
2111 2026 2338 2103 armis
2375 2026 2815 2126 quibusdam
2849 2027 3137 2105 imitan-

365 2152 565 2230 tibus
601 2154 945 2233 bellicam
983 2154 1351 2229 actionem
1376 2209 1394 2246 ,
1435 2177 1665 2253 purus
1702 2162 1889 2228 esto.
1927 2192 2030 2203 —
2067 2149 2146 2227 Si
2185 2152 2348 2251 quis
2385 2163 2633 2229 autem
2669 2153 2948 2230 invitus
2984 2179 3136 2231 ser-

365 2304 543 2356 vum
583 2278 873 2373 occidit,
896 2304 1110 2355 suum
1144 2275 1611 2354 interfecisse
1648 2286 1946 2377 putans,
1975 2276 2250 2352 mortui
2289 2275 2670 2352 dominum
2707 2276 3136 2355 indemnem

365 2414 741 2506 praestato
805 2414 881 2478 et
922 2403 1265 2503 jacturae
1322 2412 1710 2501 expertem
1733 2458 1751 2492 ,
1808 2410 1940 2476 aut
1994 2424 2313 2502 poenam
2370 2427 2506 2501 pro
2561 2402 2835 2478 mortui
2891 2404 3136 2504 pretio

363 2528 671 2631 pendito
706 2528 1051 2628 duplam,
1110 2527 1331 2629 pretii
1369 2551 1550 2601 vero
1577 2523 1868 2627 judices
1909 2524 2494 2602 aestimationem
2532 2526 2906 2625 faciunt03
2960 2556 3135 2632 pur-

362 2654 794 2753 gationibus
828 2664 1078 2730 autem
1118 2662 1367 2727 utatur
1402 2650 1814 2753 majoribus
1850 2650 2335 2754 pluribusque
2361 2710 2378 2744 ,
2437 2677 2664 2751 quam
2699 2653 2826 2752 qui
2863 2652 2939 2729 in
2977 2679 3132 2730 cer-

360 2779 763 2856 taminibus
796 2781 1330 2857 interfecerunt
1350 2837 1368 2871 ,
1423 2790 1643 2879 atque
1702 2776 1968 2854 harum
2015 2778 2404 2853 arbitrium
2438 2778 2534 2852 sit
2569 2803 2804 2879 penes
2840 2779 3132 2880 religio-

362 2920 543 2981 num
578 2906 1027 3007 interpretes
1063 2905 1516 3007 (ἐξηγηταί).
1592 2900 1725 2980 Sin
1762 2927 1981 2980 suum
2015 2892 2248 3003 ipsius
2285 2927 2585 2979 servum
2621 2902 2900 2982 invitus
2938 2906 3130 2982 occi-

358 3031 506 3126 dit,
548 3041 909 3134 purgams
944 3030 1195 3108 caedis
1230 3030 1642 3108 absolvitur
1681 3055 1721 3106 e
1759 3027 1945 3128 lege.
2013 3026 2162 3105 Sed
2200 3029 2264 3103 si
2301 3029 2466 3128 quis
2500 3027 2822 3106 liberum
2857 3030 3134 3107 invitus

356 3154 670 3252 occidit,
726 3155 1299 3258 purgationibus
1339 3155 1565 3232 utitor
1598 3153 1866 3231 iisdem
1903 3163 2126 3252 atque
2167 3153 2360 3229 servi
2398 3152 2854 3232 interfector.

572 3295 793 3394 (866,
833 3296 1153 3394 A-D.)
1207 3295 1285 3373 Si
1343 3298 1509 3397 quis
1562 3296 1733 3373 huic
1788 3296 1938 3394 legi
1997 3293 2262 3370 volens
2306 3294 2780 3395 obsequitur,
2837 3309 3130 3375 mortuo

356 3421 742 3521 proximus
774 3424 1220 3522 cognatione
1253 3424 1545 3500 veniam
1586 3423 1655 3497 ei
1692 3421 1902 3517 dat03
1940 3420 2054 3496 sin
2093 3432 2344 3497 autem
2385 3419 2824 3522 obsequium
2862 3421 3128 3524 aliquis

358 3557 653 3622 recusat
688 3559 763 3622 et
798 3549 1121 3650 primum
1176 3573 1345 3625 cum
1399 3559 1763 3650 purgatus
1812 3573 1968 3623 non
2025 3547 2157 3641 sit,
2214 3548 2497 3648 templa
2551 3547 2757 3627 adire
2794 3548 3018 3625 audet
3054 3559 3130 3624 et

354 3669 815 3766 sacrificare,
875 3671 1143 3750 deinde
1200 3685 1537 3775 tempora
1591 3671 2054 3774 praescripta
2111 3673 2284 3750 exul
2323 3674 2699 3776 complere
2737 3697 2888 3750 non
2927 3674 3128 3767 vult,

354 3805 649 3872 mortuo
687 3799 1065 3898 proximus
1102 3799 1549 3900 cognatione
1609 3798 1857 3877 caedis
1903 3809 2254 3876 accusato
2291 3797 2854 3877 interfectorem
2874 3858 2892 3894 ,
2948 3827 3122 3878 con·

354 3920 788 3999 demnatum
842 3933 1091 4000 autem
1149 3923 1421 4024 duplae
1483 3935 1891 4024 sequuntor
1926 3947 2215 4025 poenae
2255 3949 2536 4000 omnes.
2613 3922 2691 4000 Si
2731 3950 2912 4001 vero
2950 3954 3120 4028 pro-

357 4048 598 4126 ximus
635 4049 933 4147 cognati
972 4047 1281 4126 caedem
1316 4073 1468 4126 non
1504 4050 2008 4151 persequitur,
2066 4049 2190 4148 qui
2240 4050 2446 4125 volet
2483 4049 2558 4124 in
2584 4049 2951 4150 judicium
2991 4081 3120 4127 vo-

354 4184 604 4250 catum
644 4176 969 4275 quinque
1008 4199 1246 4252 annos
1276 4176 1522 4276 patria
1542 4199 1791 4252 carere
1821 4174 2070 4274 cogito
2110 4200 2150 4249 e
2189 4175 2382 4273 lege.
2459 4173 2536 4252 Si
2577 4201 2754 4252 vero
2793 4179 3119 4278 peregri-

356 4324 498 4374 nus
516 4298 795 4376 invitus
814 4301 1292 4399 peregrinum
1316 4301 1587 4377 occidit
1608 4327 1881 4392 eorum,
1917 4303 2041 4401 qui
2058 4302 2136 4378 in
2157 4301 2457 4378 civitate
2479 4313 2669 4396 sunt,
2691 4329 2898 4379 reum
2919 4305 3121 4403 agito

354 4424 481 4523 qui
505 4423 709 4500 volet
726 4423 987 4501 iisdem
1018 4424 1333 4524 legibus,
1373 4438 1445 4502 et
1464 4427 1525 4502 si
1545 4427 1948 4527 inquilinus
1989 4440 2122 4522 est,
2162 4453 2446 4504 annum
2481 4428 2803 4525 exulato,
2825 4431 2884 4506 si
2906 4457 3117 4532 pror·

351 4575 479 4626 sus
518 4561 631 4625 est
668 4551 1153 4650 peregrinus,
1202 4564 1503 4652 praeter
1539 4554 2058 4652 purgationem
2083 4612 2099 4645 ,
2156 4579 2287 4630 seu
2325 4554 2802 4654 peregrinum
2839 4581 2971 4632 seu
3007 4557 3118 4634 in-

352 4676 715 4776 quilinum
770 4702 905 4752 seu
940 4676 1181 4752 civem
1220 4677 1520 4772 occidit,
1579 4705 1715 4778 per
1764 4689 1996 4754 totam
2051 4682 2278 4756 vitam
2316 4682 2618 4778 regione
2657 4691 2969 4758 arcetor.
3037 4681 3119 4758 Si·

349 4828 533 4879 vero
570 4800 865 4877 redierit
900 4812 1161 4878 contra
1196 4802 1443 4903 leges,
1500 4803 1753 4904 legum
1790 4805 2138 4882 custodes
2193 4799 2821 4902 (νομοφύλακες)
2877 4821 3116 4886 morte

360 4953 529 5002 eum
584 4927 993 5028 puniunto,
1050 4937 1125 5002 et
1164 4929 1226 5004 si
1263 4955 1455 5027 quae
1495 4928 1696 5006 bona
1730 4929 2092 5031 possidet,
2147 4933 2253 5020 ei,
2295 4917 2418 5032 qui
2459 4932 2704 5009 occiso
2741 4934 3116 5033 proximus

349 5063 463 5127 est
497 5052 949 5152 cognatione
988 5052 1358 5129 tradunto.
1434 5056 1723 5133 Invitus
1761 5067 2012 5133 autem
2047 5057 2324 5153 redux,
2383 5059 2443 5132 si
2483 5059 2668 5136 mari
2707 5056 2998 5158 ejicitur
3033 5059 3111 5134 in

347 5179 751 5276 regionem,
810 5177 1292 5260 tabernaculo
1340 5179 1435 5259 ad
1492 5205 1697 5264 mare
1750 5181 1998 5290 posito
2053 5183 2352 5282 tingens
2409 5185 2642 5296 pedes
2701 5183 3110 5296 navigandi
