3725 5850
775 488 1387 540 commsnmums
1426 486 1531 537 AD
1575 482 1696 535 1⁸78.
1739 486 1860 539 180.
1905 482 2026 537 185.
2071 484 2193 540 188.
2238 483 2358 541 198.
2404 486 2526 542 197.
2884 468 3040 543 443

200 677 705 775 gistratibus
728 737 747 775 ‚
804 690 959 757 tam
1014 692 1211 756 sorte
1268 705 1494 781 quam
1547 680 1908 781 suffragio
1963 681 2268 774 creatis,
2323 705 2502 758 num
2541 682 2635 759 ad
2669 682 3035 784 imperan-

208 801 449 880 dum
483 802 731 883 idonei
768 816 1050 901 essent,
1108 830 1249 881 nec
1284 832 1400 883 nc.

1442 998 1594 1082 Ad
1646 1003 1863 1083 178.

478 1142 856 1248 Anonymi
894 1173 1181 1247 argum.
1221 1148 1297 1224 in
1334 1149 1719 1227 Demosth.
1760 1160 1942 1226 orat.
1983 1174 2044 1224 c.
2086 1144 2526 1224 Androtion.
2589 1149 2779 1224 591:
2844 1150 3028 1243 Τρί-

218 1296 381 1355 τος
447 1266 723 1367 νόμος,
785 1268 927 1349 τὸν
982 1264 1439 1372 ἡταιρηκότα
1486 1268 1592 1371 μὴ
1652 1268 2216 1349 πολιτεύεσθαι.
2309 1275 2604 1367 (Tertia
2651 1274 2813 1352 lex:
2887 1277 3036 1369 Qui

222 1391 690 1494 pudicitiam
731 1400 1147 1501 prostituit,
1207 1427 1253 1477 a
1291 1402 1677 1502 republica
1712 1401 2044 1501 gerenda
2080 1400 2513 1492 abstineto.)

1438 1612 1590 1696 Ad
1643 1614 1860 1695 180.

472 1756 905 1836 Secundum
962 1758 1295 1836 Platonis
1352 1760 1599 1860 Leges
1654 1758 1879 1857 (751,
1939 1758 2245 1853 C—D),
2308 1784 2495 1860 opus
2554 1771 2707 1854 est,
2767 1772 2848 1835 ut
2906 1761 3032 1859 qui

232 1892 459 1959 recte
498 1884 651 1961 sint
701 1886 1261 1983 magistratuum
1317 1895 1721 1987 potestates
1774 1885 2065 1979 inituri,
2127 1883 2644 1959 documentum
2685 1882 3028 1961 idoneum

233 2032 424 2084 cum
462 2010 610 2110 ipsi
646 2020 808 2085 tum
844 2037 1085 2111 genus
1148 2012 1609 2111 singulorum
1646 2038 1691 2087 a
1726 2012 1979 2112 pueris
2013 2036 2246 2110 usque
2287 2010 2382 2086 ad
2424 2010 2864 2088 electionem
2902 2010 3027 2086 de-

238 2132 545 2230 derint,
624 2135 891 2213 deinde
964 2138 1479 2214 electuros
1553 2164 1938 2239 quoque
2017 2137 2459 2213 moribus
2536 2136 3030 2236 legitimis

242 2258 737 2338 educatos
810 2264 1315 2364 probeque
1391 2262 1671 2339 erudi
1700 2273 1853 2337 tos
1931 2287 2146 2341 esse
2235 2260 2600 2338 debere
2645 2320 2662 2355 ,
2759 2272 2841 2336 ut
2913 2258 3033 2335 vel

244 2396 691 2463 aversantes
726 2388 849 2464 vel
886 2389 1291 2488 probantes
1349 2398 1544 2465 recte
1602 2386 1991 2465 admittere
2032 2398 2107 2463 et
2145 2385 2535 2463 excludere
2592 2388 2882 2486 possint
2920 2384 3028 2460 di-

240 2534 447 2606 gnos
485 2513 787 2589 utrovis.

1434 2614 1585 2697 Ad
1640 2617 1858 2698 185.

474 2758 823 2841 Aeschin.
862 2762 1189 2865 ctesiph.
1232 2760 1297 2863 §.
1342 2763 1479 2837 17:
1544 2756 1819 2846 Οὐδείς
1856 2766 2063 2835 ἐστιν
2102 2755 2651 2843 ἀνυπεύθυνος
2686 2758 2844 2833 τῶν
2881 2764 3020 2834 καὶ

246 2875 625 2962 ὁπωσοῦν
679 2883 864 2988 πρὸς
920 2884 1013 2962 τοὶ
1072 2882 1305 2962 κοινοὶ
1370 2883 2072 2984 προσεληλυθότων.
2134 2889 2414 2982 (Nemo
2455 2898 2567 2964 est
2606 2912 2863 2966 eorum
2901 2890 3025 2988 qui

246 3017 345 3090 ad
389 3016 927 3118 rempublicam
966 3014 1632 3118 quomodocunque
1674 3014 2156 3107 accesserint,
2207 3012 2764 3092 referendarum
2803 3013 3021 3090 ratio-

248 3167 435 3216 num
464 3140 747 3241 judicio
787 3143 1136 3234 solutus.)
2781 3153 2784 3156 ‘

469 3264 713 3342 Schol.
754 3266 833 3342 in
868 3265 1348 3367 Aristophan.
1390 3265 1633 3366 Equit.
1675 3263 1862 3338 822:
1908 3260 2002 3334 Οἱ
2030 3261 2502 3358 χειρίσαντές
2539 3290 2610 3334 τι
2649 3259 2804 3336 τῶν
2839 3290 3016 3336 κοι-

252 3387 415 3464 νῶν
451 3393 587 3462 καὶ
630 3385 1195 3479 διοικήσαντες,
1254 3386 1411 3464 τῶν
1473 3383 1980 3484 ἀνηλωμένων
2023 3382 2444 3484 χρημάτων
2500 3381 2846 3472 εὐθύνας
2883 3393 3018 3460 καὶ

249 3511 669 3618 λογισμούς
708 3512 1079 3590 διδοῦσιν.
1142 3518 1328 3611 (Qui
1386 3517 1769 3619 publicum
1810 3517 2194 3616 negotium
2234 3525 2558 3591 tractant
2596 3527 2670 3591 et
2706 3513 3014 3589 admini-

251 3655 492 3720 strant
512 3702 530 3739 ‚
590 3669 1081 3746 expensarum
1119 3644 1603 3745 pecuniarum
1644 3644 1966 3720 rationes
2004 3639 2387 3734 reddunt.)

1428 3853 1578 3937 Ad
1631 3856 1846 3937 188.

460 4002 723 4104 Lysias
758 4001 927 4079 adv.
969 4003 1398 4080 Nicomach.
1438 3998 1504 4104 ξ.
1547 4007 1635 4078 5:
1697 4001 1792 4074 Οἱ
1838 4000 1988 4098 μὲν
2044 3991 2268 4072 ἄλλοι
2305 3995 2435 4087 τῆς
2473 3987 2736 4074 acin-57
2773 3991 3012 4096 ἀρχῆς

252 4118 453 4198 κατὰ
508 4130 975 4225 πρυτανείαν
1030 4124 1276 4231 λόγον
1334 4122 1823 4226 ἀναφέρουσι.
1907 4127 2198 4222 (Ceteri
2255 4126 2554 4227 quidem
2609 4127 2720 4202 sui
2779 4127 3014 4223 magi-

256 4263 519 4330 stratus
556 4280 707 4331 una
743 4280 1031 4356 quaque
1070 4255 1421 4358 prytania
1460 4257 1785 4333 rationes
1820 4254 2218 4348 referunt.)

1426 4466 1577 4550 Ad
1629 4469 1844 4550 188.

462 4611 705 4688 Schol.
744 4613 821 4686 in
859 4610 1204 4693 Aeschin.
1247 4614 1617 4692 Timarch.
1661 4615 1802 4696 19:
1865 4613 1958 4686 Οἱ
2017 4613 2236 4686 ἐννέα
2287 4602 2654 4708 ἄρχοντες
2683 4604 2878 4708 μετὰ
2917 4607 3006 4684 τὸ

263 4739 587 4826 ἐξελθεῖν
622 4742 714 4811 ἐκ
750 4733 879 4826 τῆς
917 4729 1155 4833 ἀρχῆς
1201 4732 1746 4842 Ἀρεοπαγῖται
1784 4739 2160 4841 γίνονται.
2241 4739 2576 4832 (Novem
2615 4737 3010 4814 archontes

264 4878 415 4967 post
450 4891 831 4964 egressum
870 4889 908 4939 8
947 4865 1380 4962 magistratu
1420 4867 1611 4942 fiunt
1648 4865 2215 4967 Areopagitae.)

1421 5075 1571 5158 Ad
1624 5078 1839 5158 187.

456 5223 704 5302 Schol.
754 5226 833 5302 in
871 5223 1213 5304 Aeschin.
1254 5224 1619 5303 Timarch.
1666 5225 1801 5300 19:
1866 5222 1959 5295 Οἱ
2018 5223 2238 5298 ἐννέα
2293 5211 2660 5319 ἄρχοντες
2720 5219 3002 5311 στέφα-
