3725 5850
884 457 1498 512 coMMeNTAnms
1541 461 1642 512 An
1682 455 1808 517 323.
1849 461 1974 516 32⁴.
2014 457 2139 518 33².
2180 454 2306 519 333.
2353 462 2475 519 340.
2908 443 3063 519 465

1466 667 1618 750 Ad
1655 669 1890 752 323.

503 829 828 905 Navium
866 829 1243 931 inspector
1280 832 1690 907 vocabatur
1730 833 1953 908 etiam
1994 829 2283 919 δίοπος.
2342 835 2649 930 (Pollux
2672 836 2841 933 VII,
2893 836 3060 912 139.

297 953 826 1052 HarpocratiO,
867 954 1332 1056 HesychiuS,
1382 954 1654 1032 Suidas
1689 985 1748 1032 S.
1790 985 1858 1032 v,
1902 959 2230 1053 δίοπος.)

504 1076 697 1154 Vide
736 1080 814 1154 in
851 1079 1280 1156 universum
1317 1079 1408 1154 de
1448 1081 2010 1178 magistratibus
2049 1087 2442 1162 navalibus
2483 1087 2839 1164 Boekhii:
2900 1085 3059 1160 Ur·
3118 1117 3127 1124 ·

295 1204 408 1278 ku
432 1206 550 1280 nd
574 1231 613 1280 e
637 1233 690 1280 n
728 1204 916 1280 iiber
953 1203 1085 1278 das
1125 1202 1542 1279 Seewesen.
1603 1202 1786 1304 Cap.
1830 1204 1921 1281 V.
1962 1236 2035 1308 p.
2076 1209 2413 1284 48--64.

505 1329 732 1430 Apud
767 1327 1398 1404 Lacedaemonios
1455 1354 1608 1403 non
1668 1339 1829 1404 erat
1876 1332 2139 1428 moris,
2200 1343 2281 1408 ut
2317 1332 2511 1409 idem
2553 1333 2805 1410 classis
2844 1359 3054 1436 prae-

296 1453 645 1530 fecturam
681 1453 798 1528 bis
839 1452 1232 1529 obtineret.
1313 1451 1488 1549 (Xe
1515 1479 1564 1526 n
1587 1478 1628 1524 o
1651 1449 1766 1550 ph
1793 1481 1836 1528 o
1860 1479 1931 1529 n.
1988 1455 2209 1532 hist.
2257 1483 2385 1556 gr.
2426 1459 2524 1554 ΙΙ,
2571 1460 2637 1556 1,
2680 1459 2792 1551 7.)

1462 1659 1615 1746 Ad
1655 1665 1886 1749 ³24.

504 1832 589 1908 In
631 1829 1082 1909 Thuriorum
1119 1833 1506 1932 republica
1541 1834 1663 1910 lex
1704 1845 1891 1929 erat,
1951 1860 2045 1908 ne
2085 1833 2247 1933 quis
2288 1835 2641 1910 exercitui
2678 1846 3059 1935 praeesset

289 1957 428 2031 nisi
467 1957 970 2056 quinquennio
1009 1957 1450 2034 intermisso,
1512 1958 2067 2052 (Aristotel.
2108 1957 2395 2035 Polit.
2438 1959 2531 2055 V,
2578 1963 2647 2058 6,
2690 1961 2802 2053 8.)

1461 2167 1613 2250 Ad
1652 2169 1884 2252 ³32.

485 2325 718 2420 ‘'Edog
757 2345 870 2408 est
906 2334 1148 2435 ipsum
1185 2332 1570 2410 Minervae
1610 2335 2083 2412 simulacrum
2126 2337 2243 2414 vel
2280 2337 2665 2438 templum.
2737 2338 3057 2431 (Lexica

287 2457 752 2558 Segueriana
786 2487 858 2560 p.
901 2459 1076 2533 246.
1136 2458 1382 2534 Photii
1420 2458 1759 2536 biblioth.
1801 2489 1871 2562 p.
1924 2464 2146 2537 10³9.
2206 2461 2472 2538 Suidas
2513 2491 2567 2538 s.
2610 2491 2678 2539 v,
2718 2457 2949 2556 ἕδος.)

503 2601 662 2678 Sub
720 2628 978 2678 mensa
1037 2627 1218 2677 vero
1272 2604 1406 2678 illa
1458 2603 1936 2702 intelligitur,
1997 2607 2111 2680 cui
2170 2606 2745 2706 imponebantur
2780 2607 3057 2706 portio·

287 2754 422 2804 nes
463 2730 928 2805 victimarum
966 2729 1044 2802 in
1080 2727 1447 2804 honorem
1485 2729 1687 2805 deae.

1464 2939 1617 3022 Ad
1657 2941 1885 3025 339.

504 3107 752 3185 Schol.
810 3107 905 3183 ad
961 3105 1354 3207 Sophoclis
1395 3105 1697 3207 Ajacem
1748 3136 1815 3181 v.
1859 3108 2055 3181 721:
2116 3110 2415 3205 Κυρίως
2472 3102 2561 3181 τὸ
2602 3103 3057 3209 στρατήγιον

287 3222 332 3308 ὅ
361 3228 616 3320 τόπος,
658 3223 740 3316 ὃς
775 3239 934 3315 τοῖς
970 3239 1412 3333 στρατηγοῖς
1450 3225 1858 3329 ἀφιέρωται
1890 3227 2088 3327 μετὰ
2126 3228 2282 3305 τῶν
2321 3222 2574 3305 ἄλλων
2610 3231 2765 3306 τῶν
2802 3226 3053 3332 πρού-

276 3355 596 3452 χόντων
649 3352 1188 3453 βουλεύεσθαι.
1267 3358 1772 3447 (Praetorium
1830 3360 2133 3460 proprie
2192 3369 2306 3433 est
2369 3360 2614 3454 locus,
2694 3361 2820 3459 qui
2877 3360 3055 3437 belli

285 3482 860 3585 imperatoribus
917 3496 1028 3557 est
1082 3496 1557 3559 consecratus
1611 3484 1706 3559 ad
1763 3483 2090 3559 ineunda
2143 3510 2312 3559 cum
2368 3484 2456 3559 iis
2513 3484 2861 3578 consilia,
2932 3484 3059 3583 qui

286 3610 569 3711 primas
607 3619 864 3684 tenent
901 3610 1214 3708 partes.)

1466 3726 1617 3810 Ad
1655 3727 1888 3810 340.

503 3894 672 3969 Hoc
723 3905 972 3969 tamen
1032 3920 1182 3969 non
1243 3894 1335 3969 de
1396 3896 1661 3969 annuis
1719 3896 2065 3992 strategis
2121 3893 2725 3994 intelligendum,
2783 3895 2911 3971 sed
2955 3896 3045 3971 de

286 4022 434 4097 illis
474 4020 600 4119 qui
641 4018 1228 4095 extraordinario
1267 4018 1490 4093 modo
1529 4030 1867 4119 tempore
1905 4018 2085 4093 belli
2124 4016 2297 4115 eligi
2336 4018 2700 4095 solebant.

501 4160 792 4239 Aelian.
833 4160 1011 4237 Var.
1071 4160 1260 4236 Hist.
1317 4159 1522 4253 XIV,
1565 4164 1650 4235 5:
1709 4158 2203 4237 Athenienses
2260 4186 2413 4237 non
2468 4161 2708 4237 solum
2765 4161 3053 4239 civibus

284 4286 381 4365 ad
417 4287 896 4385 magistratus
953 4296 1028 4361 et
1081 4287 1394 4387 imperia
1445 4286 1734 4361 idoneis
1785 4285 1901 4360 usi
1957 4295 2168 4380 sunt,
2228 4286 2361 4361 sed
2398 4310 2623 4386 saepe
2664 4286 2886 4364 etiam
2922 4314 3051 4389 pe·

285 4411 630 4511 regrinos
684 4412 1160 4511 delegerunt,
1218 4411 1450 4510 iisque
1507 4408 2049 4511 rempublicam
2106 4410 2635 4510 permiserunt,
2692 4412 3053 4512 siquidem

287 4562 418 4613 eos
455 4547 798 4613 strenuos
837 4562 996 4612 esse
1055 4537 1257 4612 viros
1313 4536 1838 4633 cognovissent
1876 4546 1952 4611 et
1988 4534 2083 4609 ad
2122 4535 2301 4611 talia
2338 4534 2664 4611 idoneos.
2740 4534 3050 4637 Apollo·

289 4662 557 4739 dorum
595 4660 1051 4761 Cyzicenum
1085 4687 1309 4763 saepe
1348 4660 1525 4737 belli
1566 4660 1830 4736 ducem
1874 4671 2253 4756 crearunt,
2312 4661 2649 4761 quamvis
2686 4671 2885 4737 esset
2919 4686 3047 4761 pe-

287 4786 675 4886 regrinuS,
733 4786 908 4862 item
943 4786 1416 4863 Heraclidem
1454 4785 2033 4862 Clazomenium.
2130 4784 2378 4879 Quum
2426 4786 2621 4861 enim
2660 4812 2739 4863 se
2776 4786 3049 4884 dignos

285 4909 508 4988 laude
557 4912 1138 5012 praestitissent,
1191 4938 1344 4987 non
1369 4910 1682 5013 judicati
1721 4921 1897 4987 sunt
1930 4910 2262 5009 indigni,
2301 4912 2428 5012 qui
2467 4908 3049 4988 Atheniensibus

287 5046 742 5139 praeessent.
823 5034 1062 5134 Atque
1105 5034 1202 5109 ob
1237 5033 1422 5112 haec
1457 5036 1762 5113 laudare
1822 5046 2119 5136 oportet
2172 5035 2588 5133 civitatem,
2646 5058 2834 5135 quae
2871 5034 3048 5111 civi-
3130 5042 3137 5047 ’

288 5162 432 5241 bus
471 5162 566 5241 de
604 5188 784 5239 vero
822 5171 898 5237 et
933 5186 1172 5262 aequo
1228 5159 1412 5237 nihil
1465 5160 2023 5261 gratificabatur
2043 5206 2081 5259 ,-
2116 5160 2247 5238 sed
2302 5160 2483 5239 illud
2534 5162 2757 5237 etiam
2794 5162 2881 5237 iis
2919 5160 3047 5236 tri-

2542 5286 2629 5351 30
