3725 5850
633 455 741 534 98
1737 477 1862 532 ms
1894 475 2318 532 Punmcms.

1934 668 2112 744 396.

856 801 1034 881 Τοῖς
1069 790 1400 894 ἱερεῦσιν
1437 791 1646 870 ἔστιν
1681 794 1926 892 αἱρεῖν
1953 789 2231 891 μόνοις
2266 789 2455 880 τούς
2494 791 2737 889 ἰχθῦς
2762 787 3033 870 ἐκτῶν
3053 783 3405 882 ‘Ponam

635 920 722 996 οἳ
755 919 997 1022 Κόρης
1036 921 1224 1020 ἱεροί
1256 925 1394 994 καὶ
1435 917 1819 1020 Δήμητρός
1861 921 2028 994 εἰσι.
2384 923 2743 1020 (Pausan.
2781 923 2841 1020 I,
2882 922 3009 1018 38,
3054 921 3185 1016 1.).

1928 1084 2108 1162 396.

848 1209 1046 1291 Solis
1101 1212 1614 1291 sacerdotibus
1671 1212 1844 1289 licet
1900 1197 2143 1314 pisces
2198 1234 2471 1312 capere
2528 1237 2621 1288 ex
2676 1210 2952 1307 alveis,
3014 1211 3141 1310 qui
3195 1206 3407 1286 Rhiti

633 1339 1153 1440 appellantur,
1193 1340 1467 1440 quique
1507 1336 1768 1414 Cereri
1804 1363 1893 1412 ac
1931 1336 2428 1438 Proserpinae
2468 1338 2657 1412 sacri
2695 1346 2889 1412 sunt.

1930 1497 2107 1574 397.

807 1655 811 1666 ·
857 1619 970 1699 Τοὶ
1008 1613 1580 1720 ὑπολειπόμενα
1618 1621 1745 1714 τῆς
1789 1626 2066 1710 θυσίας
2101 1617 2285 1710 τούς
2321 1623 2555 1721 ἱερέας
2594 1615 3065 1720 λαμβάνειν,
3116 1611 3170 1692 ἅ
3206 1620 3419 1693 εἰσιν

638 1743 814 1825 οἷον
853 1749 1180 1850 δέρματα
1214 1754 1355 1825 καί
1391 1755 1660 1830 κωλαῖ.
1729 1749 2026 1849 (Schol.
2066 1751 2146 1827 in
2182 1751 2661 1853 Aristophan.
2697 1747 2932 1850 Vesp.
2975 1747 3191 1840 695.)

1932 1915 2109 1990 397.

852 2040 1296 2121 Sacerdotes
1355 2038 1698 2120 sacrificii
1752 2039 2103 2142 reliquias
2169 2038 2583 2141 accipiant,
2661 2062 2848 2139 quae
2926 2046 3100 2114 sunt
3169 2033 3419 2136 pelles

643 2179 719 2244 et
755 2168 960 2244 armi.

1936 2273 2117 2350 398.

850 2400 952 2474 Αἱ
989 2401 1303 2502 γεραραὶ
1342 2389 1626 2497 ἄρρητα
1664 2392 1827 2496 ἱερά
1866 2391 2220 2494 Διονύσῳ
2262 2390 2597 2484 θύουσι,
2647 2398 2815 2492 μετ’
2854 2384 3080 2482 ἄλλης
3119 2392 3421 2490 ἱερείας.

639 2529 1073 2617 Καθίστησι
1114 2522 1190 2600 δὲ
1233 2520 1474 2612 αὐτὰς
1512 2515 1558 2601 ὅ
1597 2517 1960 2624 βασιλεύς
1980 2579 2004 2613 ,
2066 2513 2305 2610 οὔσας
2344 2515 3069 2620 τεσσαρασκαίδεκα.

1942 2761 2099 2836 398
2350 2651 2661 2746 (Pollux
2698 2649 2908 2746 Vm,
2952 2647 3197 2740 1080.

856 2888 1186 2968 Gerarae
1243 2913 1518 2967 arcana
1569 2911 1780 2967 sacra
1835 2885 2135 2965 Baccho
2188 2885 2579 2963 immolant
2634 2906 2806 2961 cum
2840 2883 2989 2965 alia
3025 2877 3421 2961 sacerdote

639 3015 969 3093 muliere.
1045 3016 1204 3094 Has
1246 3026 1539 3109 autem,
1581 3039 1770 3114 quae
1810 3010 2365 3113 quatuordecim
2404 3020 2613 3105 sunt,
2655 3036 2787 3085 rex
2826 3008 3229 3085 constituit.

1948 3174 2125 3249 399.

841 3292 946 3377 ‘0
983 3297 1390 3399 ἱεροκήρυξ
1411 3356 1435 3390 ,
1477 3288 1562 3387 ὃς
1597 3288 1955 3394 ὖπηρετεῖ
1988 3300 2084 3393 τῇ
2120 3294 2264 3371 τοῦ
2304 3297 2664 3396 βασιλέως
2701 3295 3023 3398 γυναικί
3044 3347 3067 3381 ,
3106 3298 3435 3389 ἐξορκοῖ

641 3420 777 3511 τοὶς
811 3430 1164 3528 γεραίρας
1200 3431 1288 3501 ἐν
1322 3432 1598 3510 κανοῖς
1635 3419 1820 3521 πρὸς
1856 3419 1967 3519 τῷ
2002 3416 2245 3519 βωμῷ
2269 3477 2294 3510 ,
2334 3426 2517 3520 πρὶν
2553 3415 2933 3495 ἅπτεσθαι
2972 3415 3129 3493 τῶν
3165 3412 3419 3515 ἶερῶν.

1551 3558 1922 3666 “Ὸρκος
1976 3564 2492 3669 γεραιρῶν.

844 3686 1276 3799 Ἀγιστεύω
1329 3698 1468 3770 καὶ
1527 3697 1684 3793 εἰμὶ
1740 3688 2067 3790 καθαροὶ
2120 3697 2261 3766 καὶ
2321 3682 2519 3795 ἆγνὴ
2581 3684 2734 3767 ἀπὸ
2774 3674 2929 3765 τξῦν
2966 3681 3223 3767 ἄλλων
3257 3686 3431 3765 τῶν

647 3817 741 3897 οὐ
781 3819 1390 3924 καθαρευόντων
1426 3825 1566 3894 καὶ
1607 3816 1735 3893 ἀπ’
1776 3815 2055 3917 ἀνδρὸς
2093 3821 2549 3906 συνουσίας,
2606 3822 2749 3891 καὶ
2786 3810 2879 3891 τα
2930 3810 3239 3893 Θεοίνια
3274 3819 3427 3891 καὶ

643 3944 740 4021 τοὶ
785 3943 1239 4047 Ἰοβάκχεια
1289 3950 1611 4049 γεραίρω
1651 3942 1759 4043 τῷ
1802 3941 2157 4041 Διονύσῳ
2214 3939 2419 4017 κατὰ
2477 3939 2573 4015 τοὶ
2630 3939 2908 4042 πάτρια
2966 3947 3103 4016 καὶ
3139 3948 3226 4017 ἐν
3259 3951 3430 4026 τοῖς

644 4072 1098 4164 καθήκουσι
1124 4070 1472 4174 χρόνοις.
2009 4070 2441 4169 (Demosth.
2480 4071 2561 4147 in
2595 4070 2863 4149 Neaer.
2908 4069 3199 4164 1371.).

1938 4214 2117 4292 399.

864 4343 1094 4423 Sacer
1131 4368 1447 4447 praece,
1488 4342 1615 4444 qui
1651 4340 1846 4441 regis
1886 4340 2097 4417 uxori
2136 4341 2531 4436 ministrat,
2561 4338 3051 4441 jurejurando
3088 4336 3425 4416 obstrin-

645 4470 760 4569 git
780 4468 1151 4550 Geraeras
1189 4470 1514 4547 canistra
1548 4467 1875 4543 ferentes
1912 4464 2007 4541 ad
2044 4490 2270 4561 aram,
2306 4466 2737 4567 priusquam
2772 4490 2983 4541 sacra
3019 4466 3427 4563 attingant.

1308 4609 2029 4711 Jusjurandum
2087 4608 2763 4686 Geraerarum.

862 4740 1000 4817 Pia
1038 4751 1114 4817 et
1148 4764 1340 4841 pura
1376 4749 1449 4815 et
1484 4736 1763 4814 munda
1816 4762 1983 4813 sum
2019 4762 2064 4812 a
2111 4736 2374 4813 ceteris
2427 4734 2829 4811 immundis
2869 4744 2943 4809 et
2980 4762 3026 4811 a
3060 4734 3201 4813 viri
3238 4761 3423 4813 con-

650 4890 916 4968 gressu
953 4880 1030 4944 et
1063 4866 1426 4970 Dionysia
1481 4864 1758 4943 ruralia
1813 4873 1889 4939 et
1941 4860 2359 4939 Iobacchea
2406 4850 2714 4937 'celebro
2769 4860 3111 4962 Dionyso
3171 4863 3426 4964 patrio

652 4996 801 5070 ritu
837 5003 914 5069 et
949 4990 1298 5091 legitimis
1336 4989 1817 5092 temporibus,
2032 4988 2039 4993 ’

1950 5096 2128 5171 400.-

869 5230 951 5298 K
959 5220 1458 5323 ανηφόροι
1514 5224 1714 5299 εἰσιν
1765 5226 1850 5297 αἱ
1902 5227 1991 5297 ἐν
2046 5217 2423 5320 ἀξιώματι
2452 5223 2857 5320 παρθένοι
2913 5218 2993 5293 αἱ
3048 5214 3423 5321 φέρουσαι
