3725 5850
723 396 880 476 222
1823 419 1949 470 ms
1984 419 2400 472 mmmmm.

2012 609 2191 684 874.

933 740 1109 816 Non
1167 737 1341 814 licet
1391 738 1792 839 peregrino
1845 737 1927 812 in
1980 735 2149 812 foro
2202 749 2593 837 quaestum
2632 737 2877 818 facere
2900 797 2920 836 ,
2978 739 3120 816 nisi
3156 738 3457 840 peregri

721 891 985 942 norum
1026 865 1383 940 tributum
1420 864 1745 941 solverit.
2010 971 2165 1046 875

936 1100 1143 1170 Καθ’
1179 1101 1510 1170 ἕκαστον
1546 1089 1909 1170 ἐνιαυτὸν
1948 1085 1987 1185 ἦ
2026 1091 2273 1194 βουλὴ
2316 1099 2547 1170 πωλεῖ
2578 1091 2666 1169 τὸ
2707 1091 3089 1196 πορνικὸν
3124 1099 3355 1180 τέλος.

2106 1219 2492 1314 (Aeschin.
2534 1223 2901 1301 Timarch.
2942 1219 3010 1324 ξ.
3062 1223 3275 1314 119.)

2020 1382 2197 1459 875.

932 1509 1249 1586 Senatus
1288 1509 1684 1608 quotannis
1723 1506 1999 1584 vendat
2036 1507 2357 1606 vectigal
2396 1508 2913 1584 meretricium.

2014 1666 2193 1742 876.

933 1788 1512 1898 Διαγράφουσιν
1585 1792 1655 1864 οἱ
1734 1785 2254 1894 ἀγορανόμοι,
2334 1783 2526 1864 ὅσον
2582 1787 2701 1864 δεῖ
2753 1788 3272 1889 καταβάλλειν
3346 1788 3495 1883 τὴν

719 1921 1030 2017 ἑταίραν
1069 1915 1419 2007 ἑκάστην.
2011 2025 2168 2099 876
2348 1916 2695 2010 (Suidasz
2755 1913 3269 2022 διάγραμμα.)

931 2138 1108 2212 Fori
1145 2145 1521 2213 curatores
1559 2143 1931 2228 statuunt,
1990 2143 2351 2232 quantum
2387 2159 2981 2236 unamquamque
3020 2139 3495 2213 meretricem

717 2263 1006 2338 solvere
1045 2271 1407 2364 oporteat.

1940 2828 2131 2895 Pare
2190 2831 2250 2895 3.

1773 2956 2430 3044 Vectigalia.

2012 3124 2188 3201 877.

935 3240 1134 3331 Τούς
1161 3227 1257 3322 ’ἐν
1292 3244 1382 3342 τῇ
1423 3241 1673 3350 ἀγορᾷ
1711 3240 2279 3343 πιπράσκοντας
2315 3250 2521 3332 τέλος
2561 3242 2878 3324 διδόναι.

1822 3372 2109 3468 (Schol.
2148 3376 2226 3450 in
2266 3372 2641 3475 Aristoph.
2683 3373 2999 3451 Acharn.
3042 3372 3261 3463 896.)

925 3643 1072 3737 Qui
1108 3645 1184 3720 in
1223 3644 1382 3720 foro
1420 3641 1794 3739 vendunt,
1851 3536 2177 3743 moggi
2215 3644 2530 3722 solvant.

2009 3804 2187 3881 878.

915 3924 1056 4003 Ἐν
1110 3925 1220 4027 τῴ
1279 3923 1829 4031 ἀγορανομικῴ
1910 3924 2123 4027 νόμῳ
2200 3925 2622 4003 διέσταλται
2680 3924 2993 4024 ἰχθύων
3046 3930 3185 3999 καὶ
3248 3932 3493 4030 ἐγχε-

713 4048 920 4129 λύων
955 4057 1141 4144 τέλη.
2042 4052 2335 4151 (Schol.
2375 4056 2471 4131 ad
2510 4055 2718 4133 Iliad.
2756 4056 2993 4151 XXI„
3034 4055 3259 4149 203.)

1999 4199 2175 4275 878.

923 4304 1014 4383 In
1070 4306 1235 4405 lege
1293 4305 1386 4383 ad
1445 4328 1981 4404 agoranomum
2036 4307 2455 4408 pertinente
2514 4306 2970 4383 definiuntur
3024 4306 3341 4409 piscium
3409 4322 3499 4384 et

713 4430 1210 4530 anguillarum
1251 4432 1660 4530 vectigalia.
1996 4540 2153 4615 879

913 4659 1348 4739 Ἐπωνία
1403 4666 1611 4748 τέλος
1667 4666 1822 4739 ἐστὶ
1880 4659 1967 4737 τὸ
2027 4670 2147 4739 ἐπὶ
2205 4664 2297 4763 τῇ
2349 4662 2507 4763 ὠνῇ
2567 4662 3021 4764 διδόμενον·
3080 4664 3233 4739 ἔστι
3284 4660 3367 4739 δὲ
3444 4658 3489 4758 ἦ

709 4789 1108 4878 ἐκατοστή.
2003 4899 2159 4975 879
2652 4792 3255 4894 (HarpocratiO.)

922 5026 1340 5105 Portorium
1375 5037 1488 5105 est
1524 5028 1869 5128 vectigal,
1908 5028 2106 5129 quod
2144 5054 2281 5129 pro
2319 5028 2540 5107 rebus
2578 5030 2847 5131 emptis
2884 5028 3256 5131 penditur.
3336 5028 3491 5109 Est

707 5164 953 5231 autem
991 5154 1398 5233 centesima
1431 5179 1626 5255 pare.
