3725 5850
1463 436 1875 490 commun.
2890 413 3045 494 281

1573 627 1749 705 912.

489 773 844 854 Universi
895 779 1125 880 igitur
1179 778 1658 882 symmoritae
1717 787 1893 852 sunt
1944 779 2143 856 mille
2198 777 2518 858 ducenti.
2592 776 3049 858 Dividuntur

301 913 526 978 autem
560 902 640 976 in
687 903 876 980 duas
927 915 1180 1006 partes
1203 961 1222 999 ,
1279 928 1588 1004 quarum
1645 901 2023 1002 quaelibet
2078 906 2593 1006 complectitur
2654 911 3047 982 sexcentos

299 1029 512 1120 viros,
568 1027 730 1106 sive
791 1027 1048 1105 decem
1110 1027 1570 1129 symmorias.
1645 1026 1937 1104 Harum
1990 1030 2318 1128 partium
2358 1029 2739 1130 quaelibet
2772 1029 3047 1106 iterum

303 1152 622 1228 dividitur
657 1153 738 1230 in
777 1153 960 1230 duas
1008 1164 1262 1255 partes
1286 1211 1304 1244 ‚
1359 1165 1442 1228 ut
1495 1153 1879 1254 quaelibet
1930 1165 2303 1230 tercentos
2360 1153 2896 1255 complectatur
2934 1152 3042 1228 vi-

302 1303 440 1372 rosi,
492 1303 624 1354 seu
681 1279 1008 1380 quinque
1067 1279 1529 1382 symmorias.
1605 1277 1705 1355 Hi
1759 1287 2013 1354 autem
2048 1279 2363 1354 tercenti
2400 1305 2441 1355 e
2481 1277 2859 1355 ditissimis
2898 1278 3049 1356 sint

304 1403 531 1504 primi,
587 1396 730 1505 fqui
787 1429 968 1505 prae
1023 1406 1185 1482 aliis
1239 1405 1601 1482 tributum
1655 1403 2087 1502 conferunt,
2166 1404 2583 1504 quibusque
2641 1402 2905 1503 reliqui
2962 1402 3043 1479 in

305 1530 620 1606 omnibus
657 1531 1201 1632 obtemperant.
1572 1637 1726 1710 913

489 1781 637 1852 Καὶ
680 1780 754 1852 οἱ
795 1775 1288 1876 δημοποίητοι
1329 1773 1849 1882 ἐγγράφονται
1889 1779 1995 1864 εἰς
2032 1771 2168 1863 τοὶς
2206 1779 2652 1876 συμμορίας.

1745 1904 2319 2004 (Harpocratioz
2378 1903 2828 2000 συμμορία.)

1565 2063 1742 2139 913.

490 2209 732 2286 Etiam
772 2210 1069 2316 civitate
1109 2206 1363 2286 donati
1400 2207 1909 2286 inscribuntur
1944 2207 2025 2283 in
2064 2179 2526 2308 symmorias.

1565 2368 1740 2446 914.

485 2517 553 2588 A
568 2511 934 2618 ιάγραμ
946 2511 1080 2613 μά
1135 2518 1292 2588 ἐστι
1347 2507 1437 2587 τὸ
1494 2506 1967 2610 ταττόμενον
2020 2517 2108 2587 ἐν
2140 2522 2307 2598 ταῖς
2348 2513 2805 2612 συμμορίαις
2843 2501 3044 2587 ὄπό-

2221 2631 2737 2661 .....

301 2757 476 2836 ἄλλοί
514 2761 700 2862 πρὸς
733 2761 878 2856 τὴν
915 2767 1224 2862 τίμησιν
1256 2761 1386 2854 τῆς
1427 2756 1719 2846 οὐσίας.

483 2886 1112 2995 Διαγραφεύς
1159 2893 1430 2990 μέντοι
1467 2893 1674 2965 ἐστὶν
1713 2878 1756 2963 ὃ
1798 2885 2373 2987 καθιστάμενος
2411 2891 2498 2963 ἐν
2537 2862 2699 2975 ταῖς
2738 2861 3041 2989 συμμο-ἑ

301 3017 468 3111 ρίαις
503 3021 624 3091 ἐπὶ
659 3014 775 3117 τῷ
829 3014 1220 3116 διακρῖναι
1277 3014 1523 3096 πόσον
1576 3020 1895 3101 ἕκαστος
1952 3010 2146 3114 ἀνὴρ
2204 3018 2672 3119 εἰσενεγκεῖν
2725 3011 3041 3111 ὀφείλει.

2221 3144 2826 3247 (Harpocratio.)

1565 3254 1744 3334 914.

481 3395 906 3500 Descriptio
965 3407 1078 3473 est
1130 3407 1492 3473 statutum
1555 3397 1919 3474 tributum
1948 3454 1966 3491 ,
2042 3394 2240 3496 quod
2298 3420 2899 3497 unumquemque
2954 3396 3035 3471 in

299 3524 683 3625 symmoriis
724 3523 1062 3600 conferre
1102 3533 1419 3624 oportet.
1497 3524 1670 3601 Non
1729 3534 1980 3601 autem
2032 3522 2234 3599 idem
2288 3522 2651 3602 tributum
2686 3523 3035 3602 omnibus

299 3646 712 3755 imperatur,
765 3648 894 3725 sed
937 3649 1101 3724 aliis
1138 3647 1342 3723 aliud
1380 3673 1520 3747 pro
1557 3672 1786 3723 censu
1825 3647 2288 3724 facultatum.

481 3773 920 3875 Descriptor
955 3783 1206 3849 autem
1243 3782 1395 3868 est,
1449 3772 1575 3871 qui
1627 3772 1710 3849 in
1746 3773 2163 3875 symmoriis
2202 3772 2713 3868 constituitur,
2771 3783 2855 3848 ut
2892 3781 3033 3847 sta·

297 3908 470 3997 tuat,
525 3910 887 4000 quantum
923 3901 1234 4001 quisque
1271 3898 1608 3975 conferre
1646 3897 1937 3977 debeat.

1555 4059 1734 4135 915.

467 4204 576 4282 .οἶ
611 4206 1020 4306 στρατηγοὶ
1055 4199 1582 4306 ἐγγράφουσιν
1623 4204 1729 4288 εἰς
1767 4204 2225 4301 συμμορίαν.

1513 4330 1941 4422 (Demosth.
1982 4328 2151 4405 adv.
2194 4329 2453 4404 Boeot.
2493 4328 2554 4423 Ι,
2596 4327 2821 4418 997.)

1557 4493 1738 4571 915.

481 4620 978 4721 Imperatores
1011 4618 1433 4697 inscribunt
1466 4619 1548 4695 in
1586 4618 2085 4722 symmoriam.

1555 4781 1735 4857 916.

486 4918 598 4996 Τοὶ
665 4920 1277 5027 διαγεγραμμὲνα
1342 4922 1729 5024 τιμήματα
1782 4932 1945 5009 ταῖς
2002 4922 2455 5019 συμμορίαις
2492 4975 2517 5009 ,
2597 4912 2791 4994 ὅταν
2846 4914 3031 5013 δόξῃ

293 5044 384 5143 τῷ
421 5045 622 5149 δήμῳ
649 5047 969 5149 χρῄζειν
1005 5048 1450 5150 προσθήκης
1485 5045 1534 5142 ἢ
1570 5048 2059 5147 ἀφαιρέσεως,
2083 5052 2224 5123 καὶ
2262 5050 2579 5121 ἕλωνται
2614 5042 2799 5131 τούς
2838 5042 3029 5118 τοῦ-

295 5200 370 5245 το
405 5171 814 5274 πράξοντας
833 5232 856 5265 ,
907 5172 1146 5251 τοῦτο
1185 5170 1235 5249 ἄ
1260 5203 1308 5250 ν
1327 5204 1376 5249 α
1397 5200 1443 5250 σ
1461 5173 1510 5250 ύ
1533 5204 1582 5251 ν
1600 5206 1643 5249 τ
1665 5202 1714 5249 α
1735 5185 1774 5265 ξ
1797 5202 1824 5247 ι
1844 5203 1895 5249 ν
1932 5173 2333 5249 καλοῦσιν.
2446 5172 2815 5265 (suidas.)
