3725 5850
615 393 770 475 338
1701 426 1824 478 ms
1861 421 2299 480 PRWATUM.

1907 615 2129 692 1307.

836 763 1195 834 Καλεῖται
1237 756 1311 832 δὲ
1355 750 1398 834 ὃ
1430 759 1580 858 μὲν
1619 755 1900 860 πατρὸς
1940 754 1986 849 ἢ
2012 755 2293 860 μητρὸς
2334 758 2577 860 πατήρ
2601 819 2621 851 ,
2681 758 3024 850 πάππος,
3075 764 3211 834 καὶ
3240 789 3387 859 με-

621 882 714 962 τὰ
755 883 1240 984 προσθήκης,
1301 883 1604 970 πάππος
1643 890 1736 960 ἐκ
1773 881 2053 982 πατρὸς
2091 889 2227 960 καὶ
2269 883 2551 984 μητρός
2575 910 2590 927 ·
2650 881 2696 977 ἢ
2733 883 3035 972 πάππος
3073 881 3201 959 ἀπ’
3240 881 3391 962 ἆν-

623 1011 866 1110 δρῶν,
925 1016 1062 1085 καὶ
1123 1008 1423 1096 πάππος
1479 1017 1571 1084 ἐκ
1625 1009 2045 1112 γυναικῶν.
2104 1003 2408 1102 ’Ἔξεστι
2467 1009 2542 1087 δὲ
2600 1009 3032 1108 κεχρῆσθαι
3088 1015 3221 1085 καὶ
3279 1011 3393 1110 τῷ

613 1135 1114 1237 μητροπάτωρ
1189 1142 1326 1212 καὶ
1386 1135 1792 1238 προπάτωρ
1849 1169 1927 1213 τε
1983 1141 2119 1213 καὶ
2178 1134 2720 1239 πατροπάτωρ”
2784 1131 2826 1230 ἦ
2890 1135 2967 1214 δὲ
3026 1134 3305 1236 πατρὸς
3348 1132 3397 1230 ἢ

617 1258 899 1363 μητρὸς
926 1261 1166 1365 μήτηρ
1191 1321 1212 1356 ,
1275 1261 1494 1356 τήθη.
1906 1374 2110 1450 1307
2491 1268 2800 1366 (Pollux
2837 1267 2969 1362 III,
3013 1268 3175 1360 16.)

840 1520 1082 1597 Patris
1120 1531 1248 1596 aut
1283 1521 1540 1596 matris
1579 1531 1794 1622 pater
1833 1529 2085 1596 autem
2124 1529 2437 1596 vocatur
2490 1546 2714 1615 aVUS,
2772 1529 2849 1594 et
2886 1545 3057 1595 oum
3092 1520 3390 1620 apposi·
3520 1518 3531 1530 ‘

624 1645 825 1720 tione
865 1670 1048 1721 avus
1089 1672 1127 1721 e
1168 1656 1380 1746 patre
1420 1647 1540 1721 vel
1578 1656 1858 1741 matre;
1912 1645 2033 1722 vel
2090 1671 2275 1722 avus
2334 1673 2373 1722 e
2426 1646 2603 1721 viris
2655 1655 2731 1720 et
2767 1671 2949 1721 avus
2989 1670 3030 1720 e
3066 1643 3393 1719 mulieri-

624 1770 786 1845 bus,
879 1770 1093 1847 Licet
1145 1771 1369 1846 etiam
1424 1797 1822 1872 usurpare:
1892 1771 2363 1871 matripater‚
2423 1781 2777 1873 propater
2830 1781 2905 1845 et
2960 1769 3393 1874 patripater.

627 1894 875 1973 Patris
913 1909 1165 1972 autem
1205 1896 1328 1972 vel
1369 1899 1624 1974 matris
1663 1907 1901 1974 mater
1940 1906 2052 1973 est
2090 1895 2275 1972 avia.

1900 2057 2126 2133 1308.

829 2189 932 2272 ‘O
989 2195 1066 2272 δὲ
1125 2193 1442 2272 πάππου
1509 2191 1553 2288 ἢ
1607 2194 1843 2288 τήθης
1884 2192 2171 2294 πατὴρ,
2230 2186 2722 2296 πρόπαππος,
2784 2189 2944 2288 ἦδὲ
2986 2193 3304 2272 πάππου
3348 2194 3393 2287 ἢ

631 2321 863 2414 τήθης
892 2321 1180 2424 μήτηρ,
1240 2319 1626 2421 προτήθη,
1686 2327 1823 2397 καί
1866 2325 1940 2398 οἱ
1974 2320 2276 2398 τούτων
2328 2334 2621 2428 γονεῖς,
2676 2320 3105 2410 ἐπίπαππός
3140 2355 3219 2398 τε
3256 2330 3395 2398 καὶ

631 2446 972 2540 ἑπιτήθη.
1629 2461 1644 2474 “
2489 2451 2799 2545 (Pollux
2837 2453 2973 2546 III,
3019 2452 3182 2545 18.)

1897 2559 2125 2636 1308.

847 2701 992 2780 Avi
1041 2713 1292 2778 autem
1340 2704 1459 2778 vel
1499 2703 1711 2779 aviae
1769 2713 1983 2804 pater
2040 2713 2152 2780 est
2208 2701 2575 2805 proavus3
2632 2706 2752 2780 avi
2807 2730 2988 2781 vero
3024 2715 3149 2781 aut
3186 2705 3403 2782 aviae

633 2841 910 2926 mater,
968 2828 1296 2933 proavia.
1375 2829 1472 2904 Et
1524 2829 1787 2904 horum
1843 2841 2194 2932 parentes
2250 2831 2535 2906 abavus
2592 2840 2668 2904 et
2704 2829 2975 2906 abavia
3030 2829 3402 2907 dicuntur.

1915 2989 2141 3067 1309.

856 3135 950 3207 Οἱ
991 3129 1068 3207 δὲ
1108 3140 1196 3207 ἐκ
1236 3128 1536 3207 τούτων
1593 3128 1849 3217 παῖδες
1907 3136 2027 3206 ἐπὶ
2057 3134 2208 3228 μὲν
2245 3126 2582 3230 άῤῥένων
2602 3189 2624 3221 ,
2684 3136 2910 3221 υἱεῖς,
2968 3136 3092 3206 Em*
3130 3128 3208 3207 δὲ
3254 3136 3411 3223 θη-

637 3256 905 3346 λειῶν,
969 3263 1396 3361 θυγατέρες.
1907 3367 2110 3442 1309
2493 3260 2805 3353 (Pollux
2846 3262 2981 3355 ΙΙΙ,
3026 3260 3189 3351 12.)

854 3513 968 3591 Ex
1006 3512 1122 3588 his
1159 3513 1595 3612 progenitae
1636 3513 1929 3613 proles,
1986 3514 2049 3588 si
2088 3515 2457 3592 masculae
2495 3512 2681 3607 sint,
2724 3511 2894 3608 filii,
2933 3512 2994 3588 si
3034 3512 3407 3607 femellae,

642 3642 836 3719 filiae
875 3648 1259 3715 vocantur.

1911 3745 2137 3822 1310.

857 3892 1012 3961 Καὶ
1051 3877 1096 3961 ὁ
1128 3888 1280 3983 μὲν
1315 3886 1496 3961 υἱοῦ
1537 3884 1702 3972 υἱὸς
1721 3943 1743 3975 ,
1803 3884 2077 3973 υἱωνός
2132 3916 2209 3961 τε
2266 3893 2405 3961 καὶ
2461 3885 2794 3973 υἱειδοῦς
2834 3886 3116 3988 πάππῳ
3152 3918 3229 3964 τε
3269 3894 3408 3962 καὶ

644 4014 846 4111 τήθῃ
885 4019 1218 4116 λέγεται·
1277 4003 1437 4103 ἦδὲ
1495 4010 1673 4087 υἱοῦ
1736 4011 2082 4116 θυγάτηρ
2138 4008 2592 4112 ἀμφοτέροις
2646 4011 2967 4105 υἱειδὴς,
3026 4012 3303 4105 υἱειδή·
3364 4007 3407 4089 ὅ

516 4218 526 4229 ,
651 4140 725 4215 δὲ
772 4136 1156 4244 θυγατρὸς
1196 4135 1402 4227 υἱὸς,
1469 4136 2033 4243 θυγατριδοῦς,
2075 4134 2319 4238 ὥσπερ
2358 4131 2398 4231 ἦ
2440 4140 2567 4231 τῆς
2610 4137 2995 4246 θυγατρὸς
3036 4139 3407 4245 θυγάτηρ,

653 4262 1098 4369 θυγατριδή.
2505 4268 2816 4362 (Pollux
2855 4270 2989 4365 III,
3036 4269 3196 4361 17.)

1918 4376 2143 4453 1310.

867 4520 963 4595 Et
1002 4518 1130 4595 filii
1171 4520 1364 4595 filius
1402 4520 1498 4597 ab
1556 4545 1699 4595 avo
1755 4519 2073 4619 aviaque
2124 4544 2361 4620 nepos
2398 4529 2743 4613 vocatur,
2806 4518 2935 4595 filii
2973 4537 3221 4597 autem
3260 4522 3419 4597 filia

655 4647 983 4745 utrisque
1022 4655 1136 4719 est
1173 4646 1439 4749 neptis,
1513 4644 1749 4721 Filiae
1789 4672 1967 4721 vero
2006 4645 2235 4741 filius,
2278 4674 2370 4723 ex
2413 4646 2563 4722 filia
2600 4670 2877 4747 nep05,
2938 4643 3417 4746 quemadmo-

658 4773 836 4851 dum
874 4770 1067 4847 filiae
1104 4769 1292 4865 filia,
1355 4796 1443 4845 ex
1485 4770 1638 4847 filia
1673 4770 1919 4870 neptis
1959 4782 2289 4847 vocatur.

870 5058 1130 5155 Μέχρι
1159 5056 1306 5155 μὲν
1345 5050 1643 5131 τούτων
1681 5051 2093 5155 ἀναβαίνει
2133 5085 2209 5129 τε
2248 5058 2384 5129 καὶ
2441 5054 2903 5151 καταβαίνει
2942 5051 3029 5129 τὸ
3070 5058 3309 5157 γένος.

2510 5184 2823 5277 (Pollux
2860 5184 2995 5280 ΙΙΙ,
3040 5182 3204 5275 18.)
