3725 5850
1194 529 1809 584 consummamus
1845 532 1953 581 An
1996 524 2158 581 1023.
2199 526 2357 585 10¹⁹.
3004 502 3165 583 54¹⁷

1541 715 1691 799 Ad
1737 718 2001 804 1019.

595 882 967 964 Aelian.
1026 884 1237 961 Var.
1299 884 1543 963 Hist.
1603 884 1696 981 V,
1760 887 1899 961 18:
1977 884 2375 963 Senatores
2432 884 2852 989 Areopagi,
2932 912 3159 987 quum

385 1010 804 1086 veneficam
842 1010 1218 1111 quandam
1255 1010 1863 1115 prehendissent,
1922 1024 1996 1087 et
2054 1039 2221 1090 eam
2256 1014 2473 1089 morti
2512 1013 2803 1089 tradere
2843 1013 3160 1104 vellent,

381 1161 538 1213 non
577 1136 782 1236 prius
819 1137 1063 1238 ipsam
1098 1137 1650 1231 interemerunt,
1691 1164 1917 1237 quam
1954 1150 2246 1239 partum
2287 1138 2657 1215 edidisset.
2704 1140 2894 1215 Nam
2936 1162 3163 1237 quum

387 1260 1013 1360 prehenderetur,
1064 1288 1492 1365 praegnans
1534 1274 1712 1339 erat.
1787 1260 2190 1340 Innoxium
2225 1264 2477 1363 itaque
2519 1262 2875 1339 infantem
2916 1261 3160 1337 absol-

382 1397 644 1465 ventes
681 1414 730 1465 a
766 1386 1281 1485 damnatione,
1341 1413 1507 1465 eam
1530 1447 1548 1484 ,
1609 1414 1798 1487 quae
1839 1386 2136 1491 culpam
2172 1387 2608 1485 admiserat,
2652 1387 2887 1465 solam
2924 1396 3162 1463 morte

382 1513 857 1591 mulctarunt.

598 1637 948 1716 Similiter
987 1640 1190 1741 apud
1225 1640 1642 1735 Romanos,
1701 1654 2206 1742 praegnantes
2264 1665 2504 1742 neque
2543 1641 2873 1740 torqueri
2913 1664 3161 1739 neque

384 1764 780 1842 damnatae
821 1767 1069 1841 necari
1108 1766 1251 1842 nisi
1269 1778 1438 1867 post
1477 1766 1754 1842 editum
1793 1779 2093 1869 partum
2131 1777 2499 1867 poterant.
2540 1765 2635 1859 (J
2656 1766 2839 1841 ulii
2877 1764 3162 1841 Pauli

382 1886 435 1963 S
462 1901 646 1964 ent.
687 1891 745 1985 I,
787 1890 893 1966 tit.
939 1888 1061 1986 12,
1106 1893 1217 1982 5.)

1530 1994 1681 2078 Ad
1713 1996 2005 2080 1023.

601 2138 798 2217 Hinc
839 2152 1190 2244 apparet,
1227 2143 1356 2243 jus
1395 2146 1584 2247 asyli
1621 2172 1774 2221 non
1814 2143 2185 2247 profuisse
2221 2143 2405 2241 illis,
2454 2168 2637 2245 quos
2664 2145 2827 2247 jam
2862 2154 3158 2221 senten·

379 2267 484 2343 tia
511 2266 848 2367 judicum
887 2267 1432 2345 condemnavit.

597 2388 1070 2493 Ubicumque
1148 2394 1377 2493 igitur
1434 2393 1525 2470 de
1583 2394 1978 2471 securitate
2038 2393 2134 2470 ad
2207 2392 2500 2495 asylum
2574 2396 3161 2496 confugientium

381 2516 663 2592 mentio
703 2518 826 2611 fit,
885 2544 974 2593 ea
1019 2543 1315 2618 semper
1351 2519 1444 2596 de
1484 2518 2087 2620 delinquentibus
2125 2519 2463 2596 nondum
2500 2520 3009 2600 condemnatis
3050 2533 3165 2599 est

379 2642 887 2745 intelligenda.

597 2768 793 2861 Quia
829 2769 924 2845 ab
964 2771 1188 2873 asylis
1226 2771 1600 2847 neminem
1639 2775 1836 2865 (non
1875 2772 2489 2865 condemnatum)
2545 2772 2818 2849 licebat
2855 2776 2927 2848 vi
2966 2769 3158 2850 abri-

381 2922 602 3000 pere,
641 2910 725 2973 ut
759 2909 1010 2975 tamen
1050 2907 1524 2992 arcerentur,
1583 2896 1833 2998 ignem
1873 2896 2417 2993 admovebant,
2469 2909 2688 2998 atque
2728 2899 2830 2974 ita
2868 2925 3019 2975 non
3059 2897 3153 2973 ab

379 3022 839 3120 hominibus,
880 3021 1011 3100 sed
1051 3049 1095 3100 a
1133 3023 1644 3100 deo'amoveri
1684 3024 2225 3122 credebantur,
2284 3035 2367 3099 ut
2403 3022 2582 3102 dicit
2619 3024 3021 3100 scholiasta
3059 3025 3155 3101 ad

382 3151 714 3254 Euripid.
775 3142 1133 3230 A'ndrom.
1192 3149 1398 3225 257:
1476 3148 1660 3235 ἔθος
1720 3141 1816 3240 ἦν
1869 3157 2029 3235 τοῖς
2086 3151 2192 3233 εἰς
2246 3145 2519 3248 βωμόν
2574 3145 3159 3250 καταφεύγουσι

382 3272 536 3374 πῦρ
575 3281 1047 3375 προσφέρειν.

596 3401 906 3509 Asylum
961 3415 1212 3481 autem
1270 3404 1816 3508 praebuerunt:
1887 3402 2306 3498 Theseum,
2364 3402 2743 3481 Minervae
2800 3401 3160 3505 templum

378 3525 458 3603 in
496 3552 704 3626 arce,
763 3529 1154 3607 Furiarum
1209 3528 1612 3632 templum,
1672 3526 1829 3608 Ara
1867 3527 2461 3626 Misericordiae,
2524 3529 2714 3605 aliae
2771 3529 2951 3604 item
2988 3555 3159 3606 arae

382 3665 459 3728 et
495 3666 783 3732 statuae
824 3656 1150 3733 deorum.

597 3778 844 3858 Schol.
902 3782 982 3858 in
1036 3778 1420 3883 Aristoph.
1476 3779 1719 3882 Equit.
1782 3780 2029 3857 1312:
2088 3781 2195 3864 εἰς
2250 3773 2339 3854 τὸ
2388 3782 2741 3870 Θησεῖον·
2803 3775 3155 3854 ἐνταῦθα

383 3903 457 3976 οἱ
513 3900 1136 4006 καταφεύγοντες
1194 3902 1348 3978 τῶν
1407 3903 1738 3978 οἰκετῶν
1799 3899 2135 3979 ἀσυλίαν
2190 3899 2433 4000 εἶχον.
2490 3949 2595 3962 -·-
2668 3905 2799 3990 Εἰς
2855 3899 2943 3979 τὸ
3004 3901 3160 3978 τῶν

373 4025 758 4128 Ἐρινύων
794 4029 1000 4130 ἱερόν
1024 4055 1040 4072 ·
1098 4037 1234 4106 καὶ
1275 4030 1628 4108 ἐνταῦθα
1671 4033 1745 4106 οἱ
1785 4034 2082 4107 οἰκέται
2123 4033 2481 4136 ἔφευγον.

595 4159 902 4239 Diodor.
944 4159 1167 4237 Sicul.
1223 4159 1354 4257 IV,
1397 4161 1521 4258 62,
1563 4162 1652 4236 4:
1709 4163 2018 4256 τέμενος
2081 4150 2375 4233 ἄσυλον
2438 4159 2803 4248 ἐποίησαν
2860 4163 2945 4232 ἐν
3001 4166 3161 4243 ταῖς

371 4278 752 4374 Ἀθήναις
791 4280 878 4359 τὸ
920 4281 1682 4388 προςαγορευόμενον
1727 4287 2063 4375 Θησεῖον.

595 4411 924 4514 Hesych.
989 4415 1284 4502 Θησεῖ
1303 4441 1345 4486 ο
1370 4439 1455 4487 ν·
1516 4405 1702 4498 νεῶς
1747 4414 2073 4502 Θησέως,
2116 4413 2240 4506 ἐφ’
2281 4402 2376 4488 ὃν
2416 4414 2490 4486 οἳ
2529 4406 3155 4511 ἀποδιδράσκον-

279 4628 296 4655 “
382 4565 498 4622 τες
534 4540 1042 4639 κατέφευγον.

595 4667 712 4741 De
770 4666 979 4765 asylo
1035 4664 1114 4740 in
1171 4664 1455 4768 templo
1516 4665 1900 4744 Minervae
1972 4665 2142 4743 vide
2200 4663 2725 4766 Thucydidem
2783 4666 2883 4762 (I,
2928 4663 3122 4757 126)
3147 4719 3165 4756 ,

381 4787 866 4866 Plutarchum
918 4789 995 4863 in
1053 4787 1231 4867 Vita
1285 4789 1582 4867 Solonis
1642 4791 1872 4885 (12),
1933 4790 2433 4870 Scholiastam
2490 4790 2585 4866 ad
2646 4787 3163 4890 Aristophanis

381 4909 690 5016 Equites
730 4915 1011 5012 (445);
1066 4915 1142 4990 in
1180 4915 1526 4995 Aeschin.
1566 4915 2037 5018 ctesiphont.
2081 4917 2203 4992 13.

515 5051 521 5056 ’
597 5039 904 5116 Servius
961 5040 1056 5117 ad
1093 5039 1402 5119 Aeneid.
1445 5041 1697 5137 (VIII,
1740 5043 1979 5135 342):
2038 5043 2446 5143 Postquam
2485 5039 2850 5118 Hercules
2889 5037 3163 5136 migra-

385 5165 491 5240 vit
529 5192 568 5240 e
607 5166 858 5263 terris,
899 5178 1211 5269 nepotes
1251 5167 1410 5268 ejus
1447 5170 1792 5248 timentes
1835 5169 2141 5250 insidias
2181 5196 2477 5266 eorum,
2527 5193 2715 5268 quos
2754 5191 2940 5242 avus
2978 5163 3164 5240 affli-

391 5299 638 5386 xerat,
696 5287 1013 5368 Athenis
1070 5291 1210 5370 sibi
1263 5294 1487 5394 primi
1535 5295 1887 5396 asylum,
1943 5295 2086 5375 hoc
2124 5307 2273 5392 est,
2332 5293 2694 5395 templum
2752 5285 3167 5370 Misericor-

2609 5413 2744 5482 35*
