3725 5850
646 360 809 446 fleo
1747 380 1876 437 svs
1917 380 2335 439 mancum.

1922 574 2150 654 1111.

852 704 935 782 Si
973 704 1135 807 quis
1170 703 1459 783 aerario
1519 700 1959 779 debentium
2017 724 2171 775 non
2215 700 2458 781 soluto
2495 705 2946 808 reipublicae
2983 707 3244 789 debito
3287 706 3446 787 de-

636 832 907 928 leatur,
946 829 1163 948 detur
1198 832 1277 905 in
1316 856 1483 905 eum
1522 828 1717 905 actio
1756 824 1959 931 apud
2002 823 2536 905 thesmothetas
2573 833 2893 911 nominis
2930 862 3086 913 non
3127 836 3440 939 scripti.

1915 988 2146 1067 1112.

832 1110 1086 1196 “va
1124 1144 1233 1207 τις
1270 1112 1538 1191 δοκῶν
1575 1110 1771 1190 εἶναι
1803 1118 2166 1211 μέτοικος
2205 1110 2633 1213 προστάτην
2670 1111 2778 1215 μή
2823 1118 2962 1215 ἔχῃ
2983 1175 3005 1211 ,
3066 1113 3116 1213 ἢ
3141 1116 3256 1219 μή
3306 1117 3436 1220 δῷ

634 1238 725 1317 τὸ
755 1244 1172 1339 μετοίκιον
1194 1298 1214 1331 ,
1270 1236 1317 1333 ἢ
1338 1296 1350 1304 -
1372 1236 1604 1327 ἀστὸς
1658 1236 1857 1314 εἶναι
1915 1236 2180 1335 φάσκῃ
2203 1296 2224 1329 ,
2284 1250 3043 1347 παρεγγεγραμμένος
3099 1249 3208 1333 εἰς
3263 1242 3428 1339 τὴν

634 1370 1073 1455 πολιτείαν,
1133 1358 1177 1443 ὁ
1216 1363 1696 1465 βουλόμενος
1735 1360 1968 1456 δίκην
2017 1360 2304 1469 εἰσάγει
2343 1361 2527 1463 πρὸς
2566 1362 2854 1458 αὐτόν,
2914 1362 3073 1459 ἥτις
3109 1375 3424 1477 λέγεται

630 1487 681 1566 οἷ
705 1524 757 1567 π
777 1523 820 1594 ρ
843 1522 886 1568 ο
910 1518 955 1567 σ
974 1524 1017 1567 τ
1038 1520 1086 1566 α
1109 1517 1154 1566 σ
1176 1498 1203 1567 ἰ
1225 1522 1269 1567 ο
1291 1521 1359 1571 υ.
1969 1521 1976 1527 ’
2164 1492 2464 1589 (Lexic.
2503 1492 2813 1595 Seguer.
2850 1506 2926 1600 p.
2967 1499 3192 1591 440.)

1914 1631 2143 1713 1112.

841 1762 1034 1843 Cum
1087 1763 1492 1869 inquilinus
1552 1760 1819 1864 aliquis
1876 1774 2006 1839 aut
2051 1772 2447 1864 patronum
2486 1788 2638 1839 non
2675 1762 2947 1865 habet,
3004 1778 3134 1844 aut
3171 1768 3417 1846 tribu-

623 1902 785 1968 tum
838 1891 1369 1993 inquilinorum
1425 1917 1580 1968 non
1634 1887 1937 1991 pendit,
1996 1899 2127 1968 aut
2190 1888 2430 1964 civem
2487 1915 2566 1965 se
2607 1915 2768 1967 esse
2807 1890 3027 1988 dicit,
3085 1894 3264 1971 albo
3303 1894 3415 1970 ci-

621 2019 824 2095 vium
863 2018 1051 2095 falso
1090 2027 1473 2121 receptae,
1514 2015 1823 2093 cuilibet
1859 2014 2034 2091 licet
2071 2013 2360 2090 actione
2402 2039 2570 2090 eum
2609 2017 2994 2117 persequi,
3035 2044 3226 2117 quae
3269 2047 3409 2096 vo-

621 2154 832 2219 catur
885 2138 1340 2245 neglecti
1396 2137 1982 2241 patrocinii.

1893 2300 2122 2379 1113.

823 2406 1024 2501 Ἐἂν
1060 2422 1139 2501 δὲ
1178 2428 1393 2515 ξένος
1428 2418 1619 2521 ἀστῇ
1660 2422 1990 2521 συνοικῇ
2025 2428 2257 2519 τέχνῃ
2299 2416 2348 2515 32⁸
2371 2422 2691 2525 μηχανῇ
2734 2416 3136 2519 ἦτινιοῦν,
3195 2455 3394 2531 γρα-

618 2556 887 2648 φέσθω
922 2548 1111 2651 πρὸς
1146 2546 1335 2637 τούς
1392 2554 1877 2649 θεσμοθέτας
1922 2545 2380 2639 Ἀθηναίων
2415 2540 2462 2627 ὁ
2503 2546 3025 2650 βουλόμενος,
3075 2548 3191 2641 οἷς
3230 2555 3396 2647 ἔξε-

620 2702 789 2753 στιν
806 2732 830 2767 ,
886 2671 1029 2753 ἐὰν
1066 2673 1145 2753 δὲ
1182 2667 1393 2774 ἁλῷ,
1456 2660 1872 2773 στεπράσθω
1911 2679 2051 2752 καὶ
2089 2668 2325 2761 αὐτὸς
2361 2678 2500 2749 καὶ
2543 2667 2583 2765 ἦ
2627 2670 2858 2751 οὐσία
2895 2672 3149 2755 αὐτοῦ
3169 2734 3194 2771 ,
3251 2686 3397 2755 καὶ

616 2801 707 2879 τὸ
744 2805 1011 2903 τρίτον
1036 2806 1265 2901 μέρος
1304 2802 1492 2876 ἔστω
1529 2798 1672 2876 τοῦ
1715 2798 2044 2886 ἑλόντος.
2101 2792 2356 2873 ’Ἔστω
2413 2796 2492 2873 δὲ
2544 2804 2685 2875 καὶ
2705 2857 2729 2891 ,
2785 2797 2930 2877 ἐοέν
2980 2794 3028 2897 ἦ
3069 2808 3242 2899 ξένη
3276 2802 3391 2905 τῷ

616 2926 824 3030 ἀστῷ
868 2927 1239 3024 συνοικῇ,
1298 2926 1504 3002 κατά
1543 2921 1815 3007 ταύτά.
1895 2931 2053 3002 Καὶ
2104 2917 2150 3003 ὁ
2194 2925 2586 3002 συνοικῶν
2620 2925 2712 3025 τῇ
2753 2931 2928 3026 ξένῃ
2964 2929 3054 3028 τῇ
3093 2921 3392 3029 ἁλούσῃ

615 3053 979 3152 ὀφειλέτω
1004 3058 1270 3150 χιλίας
1306 3050 1679 3154 δραχμάς.
2014 3055 2438 3151 (Demosth.
2473 3057 2554 3134 in
2590 3058 2853 3136 Neaer.
2901 3057 3174 3152 1350.)

1895 3221 2121 3301 1113.

826 3347 958 3426 Sin
1020 3361 1270 3427 autem
1327 3346 1769 3452 peregrinus
1828 3349 2214 3426 mulierem
2269 3350 2507 3428 civem
2547 3348 2880 3446 duxerit,
2938 3375 3381 3454 quocunque

608 3473 919 3551 tandem
975 3474 1149 3550 dolo
1200 3475 1323 3550 vel
1378 3471 1677 3566 fraude,
1754 3473 2000 3573 quivis
2055 3473 2663 3572 Atheniensium,
2741 3475 2860 3552 cui
2913 3473 3090 3552 licet
3109 3533 3128 3572 ‚
3205 3501 3372 3554 eum

608 3598 806 3698 apud
845 3598 1380 3676 thesmothetas
1421 3608 1738 3674 accuset.
1812 3596 1892 3673 Si
1933 3597 2327 3675 damnatus
2370 3599 2594 3675 fuerit
2615 3655 2636 3692 ‚
2692 3599 3187 3680 venumdetur
3222 3614 3378 3680 tum

606 3724 767 3827 ipse
804 3735 961 3800 tum
1000 3751 1117 3802 res
1157 3726 1318 3826 ejus
1358 3723 1783 3818 familiam,
1844 3735 1918 3798 et
1955 3724 2180 3800 tertia
2218 3751 2390 3827 pars
2427 3727 2523 3800 sit
2559 3727 3032 3803 accusatoris,
3110 3725 3379 3806 Simili-.

602 3861 719 3926 ter
756 3851 1131 3950 agendum
1170 3850 1435 3942 etium,
1495 3849 1557 3926 si
1594 3849 1998 3950 peregrina
2045 3850 2192 3926 civi
2230 3851 2550 3952 cuipiam
2589 3852 2940 3954 nupserit.
3015 3855 3095 3932 Is
3125 3867 3374 3933 autem

604 3975 730 4072 qui
767 3977 1323 4077 peregrinitatis
1362 3975 1793 4052 damnatam
1830 3975 2178 4052 habuerit
2215 3977 2686 4056 matrimonio
2707 4033 2728 4075 ‚
2763 3979 2966 4066 mille
3005 3977 3368 4060 drachmis

602 4098 1014 4181 mulctator.

1885 4209 1972 4286 11
1991 4209 2024 4284 1
2041 4213 2112 4288 4.

804 4329 1001 4410 Ἐὰν
1036 4329 1121 4410 δέ
1152 4361 1263 4417 τις
1320 4327 1531 4429 ἐκδῷ
1580 4333 1809 4423 ξένην
1860 4341 2194 4436 γυναῖνα
2255 4328 2480 4434 ἀνδρὶ
2525 4327 2938 4435 Ἀθηναίῳ
2975 4328 3080 4426 οἷς
3115 4335 3364 4438 ἑαυτῷ

602 4456 1185 4558 προσήκουσαν,
1243 4451 1519 4556 ἄτιμος
1576 4459 1764 4534 ἔστω
1787 4515 1807 4548 ,
1865 4464 2004 4534 και·
2057 4450 2099 4551 ἦ
2157 4455 2390 4534 οὐσία
2447 4456 2700 4539 αὐτοῦ
2757 4459 3086 4562 δημοσία
3135 4465 3320 4540 ἔστω
3337 4519 3362 4555 ,

598 4589 736 4660 καὶ
774 4583 916 4659 τοῦ
960 4581 1264 4670 ἑλόντος
1302 4579 1391 4659 ‘co'
1433 4587 1697 4683 τρίτον
1724 4590 1982 4684 μέρος·
2019 4591 2489 4689 γραφέσθων
2527 4583 2604 4663 δὲ
2643 4585 2830 4687 πρὸς
2858 4586 3040 4678 τούς
3071 4596 3361 4690 θεσμο-

600 4716 827 4798 θέτας
865 4704 977 4797 οἷς
1014 4717 1247 4801 ἔξεστι
1272 4769 1294 4799 ,
1353 4703 1714 4810 καθάπερ
1752 4712 1877 4802 τῆς
1915 4716 2184 4809 ξενίας.

1981 4840 2411 4936 (Demosth.
2446 4842 2523 4920 in
2565 4843 2848 4938 Neaer„
2879 4843 3148 4942 1363.)

1873 5001 2098 5082 1114.

802 5129 882 5211 Si
915 5129 1087 5232 quis
1126 5139 1377 5208 autem
1418 5129 1575 5208 viro
1615 5128 2054 5210 Atheniensi
2108 5133 2584 5234 peregrinam
2621 5133 3009 5212 mulierem
3047 5159 3190 5238 pro
3225 5159 3358 5216 sua
