3725 5850
703 435 858 522 280
1801 462 1925 512 ms
1963 461 2381 514 PUBLIOUM.

1995 653 2172 729 731.

900 777 1051 875 Qui
1090 780 1374 878 talento,
1413 779 1661 857 minus
1693 779 2073 882 possidet,
2130 803 2229 856 ne
2264 780 2341 856 in
2382 783 2549 858 foro
2584 807 2847 860 causas
2884 795 3080 882 agat.
3168 853 3175 862 .

905 1091 985 1158 K
1003 1089 1043 1160 λ
1067 1081 1256 1186 εψύ
1281 1081 1457 1185 δρα
1513 1091 1720 1160 ἐστιν
1777 1078 2104 1187 ἀγγεῖον
2144 1081 2334 1178 ἕζγον
2364 1081 2843 1182 μικροτάτην
2880 1081 3085 1176 ὀπήν
3124 1087 3291 1183 περὶ
3334 1078 3486 1158 τὸν

691 1212 1089 1307 πυθμένα,
1149 1205 1336 1312 ὅπερ
1374 1217 1460 1286 ἐν
1495 1209 1605 1310 τῷ
1648 1208 2118 1310 δικαστηρίῳ
2145 1205 2437 1308 μεστὸν
2474 1205 2763 1298 ὕδατος
2802 1215 3099 1286 τίθεται
3124 1268 3145 1300 ,
3202 1205 3397 1310 πρὸς
3438 1202 3484 1284 ὃ

688 1342 1046 1438 λέγουσιν
1085 1337 1157 1412 οἱ
1198 1334 1517 1434 ῥήτορες.
1823 1441 1838 1458 .
1993 1443 2149 1520 732
2877 1338 3254 1433 (Suidas.)

899 1571 1313 1674 Olepsydra
1349 1583 1463 1648 est
1502 1598 1634 1647 vas
1670 1572 1750 1646 in
1788 1569 2024 1647 fundo
2061 1571 2450 1648 minimum
2490 1571 2827 1648 foramen
2868 1571 3193 1669 habene,
3262 1571 3471 1673 quod

685 1723 878 1798 aqua
914 1695 1221 1798 plenum
1259 1696 1336 1772 in
1364 1694 1650 1798 judicio
1689 1697 2027 1798 ponitur;
2066 1693 2160 1771 ad
2202 1698 2414 1797 eujus
2454 1723 2881 1774 mensuram
2917 1711 3247 1776 oratores
3290 1724 3468 1775 eau-

685 1849 806 1900 sas
843 1833 1083 1900 orant.

1978 1925 2156 2003 733.

900 2076 1010 2148 Δι
1033 2100 1155 2170 αμ
1179 2099 1286 2167 εμ
1313 2099 1471 2167 ετρ
1496 2101 1606 2168 ημ
1631 2073 1666 2144 ἑ
1683 2097 1728 2144 ν
1751 2101 1789 2161 η
1850 2101 1919 2166 η
1914 2101 1967 2142 ιι
1992 2075 2027 2144 ἑ
2042 2099 2083 2168 ρ
2106 2099 2197 2158 α,
2246 2071 2534 2166 μέτρον
2588 2071 2663 2143 τί
2702 2073 2906 2144 ἐστιν
2944 2059 3231 2158 ὕδατος
3272 2067 3465 2168 πρὸς

672 2203 1242 2297 μεμετρημένον
1280 2185 1548 2332 r‘meuag
1587 2191 1957 2291 διάστημα
1998 2198 2189 2292 ῥέον.
2253 2201 2667 2291 Μετρεῖται
2712 2189 2785 2268 δὲ
2828 2225 2931 2266 τω
2979 2191 3463 2269 Ποσειδεωνι

676 2351 905 2421 μηνι·
970 2317 1154 2420 πρὸς
1194 2318 1269 2396 δὲ
1328 2317 1564 2395 τοῦτο
1603 2315 2119 2423 ἀγωνίζονται
2162 2348 2233 2392 οι
2267 2324 2612 2422 μέγιστοι
2654 2323 2793 2392 καὶ
2834 2323 2997 2418 περὶ
3036 2350 3194 2396 των
3220 2321 3483 2424 μεγί-’

682 2474 882 2522 στων
933 2443 1242 2550 ἀγῶνες.
1321 2449 1764 2542 Διανέμεται
1825 2441 1901 2518 δὲ
1952 2445 2057 2530 εἰς
2113 2445 2286 2541 τρία
2334 2448 2521 2541 μέρη
2576 2443 2665 2517 τὸ
2725 2438 2977 2541 ὕδωρ,
3034 2475 3124 2519 το
3156 2448 3308 2542 μὲν
3350 2441 3461 2544 τῷ

682 2565 1089 2660 διώκοντι,
1148 2567 1239 2646 τὸ
1299 2566 1374 2645 δὲ
1416 2569 1524 2668 τῷ
1563 2565 1934 2673 φεύγοντι
1962 2625 1983 2657 ,
2046 2565 2134 2642 τὸ
2193 2565 2269 2644 δὲ
2312 2569 2575 2668 τρίτον
2613 2578 2769 2655 τοῖς
2809 2563 3237 2660 δικάζουσι.

2636 2699 3241 2800 (HarpocratiO.)

1986 2803 2163 2881 733.

891 2934 1324 3015 Mensurata
1381 2930 1538 3009 dies
1599 2941 1712 3007 est
1765 2956 2119 3007 mensura
2174 2928 2543 3031 quaedam
2600 2958 2835 3033 aquae
2894 2930 2987 3008 ad
3064 2930 3459 3009 definitum

677 3061 824 3138 (liei
862 3062 1182 3163 spatium
1220 3062 1479 3147 finem,
1519 3082 1706 3158 quae
1748 3082 2003 3133 mense
2043 3056 2457 3133 Posideone
2496 3069 2981 3133 mensuratur.
3030 3058 3143 3133 Ad
3183 3085 3457 3159 aquam

673 3189 892 3263 istam
918 3186 1202 3288 judicia
1238 3184 1330 3259 de
1367 3184 1608 3259 causis
1645 3183 1947 3259 maximi
1986 3184 2341 3258 momenti
2380 3182 2767 3257 habentur.
2828 3182 3050 3283 Aqua
3087 3196 3337 3259 autem
3378 3186 3456 3261 in

673 3323 826 3386 tres
861 3310 1212 3388 dividitur
1247 3318 1540 3410 pal-ten,
1599 3331 1907 3407 quarum
1967 3334 2115 3383 una
2178 3310 2447 3404 actori,
2509 3310 2743 3384 altera
2781 3334 2945 3402 re0,
3004 3310 3226 3386 tertia
3250 3336 3284 3409 J
3296 3311 3455 3386 udi-

674 3433 886 3513 cibus
926 3438 1368 3537 assignatur.

1980 3542 2157 3617 734.

874 3658 995 3741 ‘H
1019 3663 1424 3751 κακώσεως
1464 3662 1643 3755 δίκη
1683 3668 1891 3740 ἐστὶν
1926 3658 2119 3739 ἄνευ
2155 3658 2461 3751 ὕδατος.
2630 3668 3232 3769 (HarpocratiO.)

1976 3830 2155 3907 734.
2960 3788 2997 3823 Χ

887 3956 1131 4033 Malae
1171 3957 1634 4033 tractationis
1670 3956 2031 4055 judicium
2075 3956 2233 4031 sine
2275 3980 2468 4055 aqua
2507 3956 2666 4030 fieri
2704 3954 2913 4031 solet.

1981 4120 2157 4195 735.

875 4236 1548 4345 Ἀναγνωσθείσης
1589 4239 1712 4331 τῆς
1739 4244 2165 4340 μαρτυρίας
2202 4244 2598 4342 ἐπιλαβεῖν
2636 4234 2725 4316 τὸ
2767 4236 2993 4343 ὕδωρ.

1878 4370 2301 4461 (Demosth.
2341 4372 2396 4447 I.
2438 4372 2515 4444 in
2556 4368 2915 4470 Stephan.
2963 4368 3231 4461 1103.)

1971 4529 2147 4606 735.

883 4624 1088 4739 Dum
1121 4644 1626 4733 testimonium
1660 4656 1975 4757 legitur,
2034 4682 2232 4756 aqua
2266 4654 2708 4733 inhibeatur.

1966 4818 2146 4895 736.

871 4936 1369 5039 Επιμελητὴς
1443 4938 1526 5015 δέ
1594 4971 1705 5027 τις
1778 4938 2171 5041 κληρωτὰς
2236 4943 2629 5046 γίγνεται,
2710 4973 2793 5030 ος
2848 4949 3193 5019 καλεῖται
3262 4940 3435 5041 Ἐφ’

667 5058 918 5169 ὕδωρ,
979 5058 1022 5145 ὁ
1067 5064 1682 5169 παραφυλάττων
1721 5064 1858 5161 τὴν
1900 5066 2207 5159 ἰσότητα
2247 5068 2375 5158 τῆς
2414 5066 2877 5169 κλεψύδρας.
2946 5146 2951 5153 ,
3011 5150 3019 5155 ,

2406 5198 2715 5291 (Pollux
2752 5196 2959 5297 VIII,
3006 5139 3293 5295 113.)
