3725 5850
1010 461 1624 518 coMMEmAnms
1661 457 1768 513 An
1809 453 1972 513 1569.
2010 454 2171 512 1574.
2212 455 2371 512 1575.
2921 432 3076 506 643

629 653 780 731 Sed
819 647 1064 732 tamen
1103 667 1186 731 ut
1221 657 1550 731 monitus
1588 678 1852 731 caveas
1876 711 1894 747 ‚
1932 679 2027 729 ne
2066 653 2257 729 forte
2294 651 2550 750 negoti

627 782 952 858 Incutiat
987 781 1122 858 tibi
1161 781 1337 881 quid
1375 791 1800 858 sanctarum
1835 781 2127 855 inscitia
2163 781 2456 877 legum:

628 906 708 982 Si
745 906 942 983 mala
981 905 1401 982 condiderit
1437 907 1514 980 in
1555 931 1774 1004 quem
1812 906 1975 1004 quis
2014 904 2381 999 carmina,
2431 904 2590 1004 jus
2638 913 2787 978 est

628 1031 1271 1132 Judiciumqu
1296 1059 1354 1108 e.

1451 1133 1604 1217 Ad
1636 1135 1925 1218 1⁵00.

519 1299 965 1374 Plutarchus
1020 1300 1097 1374 in
1155 1298 1429 1375 Solone
1489 1300 1632 1375 21:
1680 1292 2159 1372 Ἐπαινεῒται
2216 1295 2363 1372 τοῦ
2416 1292 2781 1382 Σόλωνος
2838 1297 2975 1369 καὶ
3034 1285 3075 1368 ὅ

304 1419 634 1497 κωλύων
671 1419 907 1518 νόμος
942 1417 1085 1496 τὸν
1121 1421 1558 1512 τεθνηκότα
1596 1421 1862 1508 κακῶς
1901 1417 2323 1526 ἀγορεύειν.
2398 1423 2826 1517 (Laudatur
2864 1421 3079 1501 Solo-

305 1550 420 1627 nis
459 1560 534 1627 et
567 1551 698 1627 illa
733 1551 898 1645 lex,
957 1575 1105 1652 qua
1142 1551 1377 1626 vetuit
1415 1552 1724 1628 mortuis
1763 1550 2271 1646 maledicere.)

516 1673 899 1753 Demosth.
939 1674 1107 1753 adv,
1148 1677 1403 1753 Boeot.
1445 1679 1540 1772 II,
1593 1679 1834 1752 1022:
1875 1671 2095 1764 Μηδὲ
2134 1669 2319 1760 τούς
2353 1672 2513 1749 τῶν
2549 1665 2813 1749 ἄλλων
2851 1676 3078 1748 πατέ-

304 1827 437 1899 ρας
473 1797 738 1886 κακῶς
776 1803 1024 1904 λέγειν
1055 1799 1502 1887 τεθνεῶτας.
1581 1803 1738 1896 (Ne
1787 1803 2100 1879 aliorum
2141 1802 2441 1904 quidem
2480 1802 2819 1906 patribus
2856 1801 3080 1879 male-

303 1927 449 2004 dici
481 1928 853 2020 mortuis)

520 2053 700 2129 Lex,
740 2052 924 2130 rhet.
965 2052 1057 2128 ad
1095 2054 1370 2128 calcem
1393 2052 1640 2129 Photii
1680 2080 1752 2153 p.
1777 2052 1925 2127 6¹71
1958 2081 1974 2126 ε
2005 2047 2201 2126 Ἐάν
2238 2081 2347 2138 τις
2383 2050 2652 2138 κακῶς
2689 2049 2867 2149 εἴπῃ
2900 2047 3080 2126 τινὰ

303 2174 462 2252 τῶν
500 2180 1124 2274 κατοιχομένων,
1166 2169 1326 2248 κᾶν
1363 2166 1522 2248 ὑπὸ
1563 2172 1719 2248 τῶν
1757 2180 2073 2252 ἐκείνου
2113 2173 2413 2252 παίδων
2448 2173 2753 2275 ἀκούσῃ
2789 2177 3080 2267 κακῶς,

305 2306 817 2388 πεντακοσίας
869 2296 1478 2388 καταδικασθεὶς
1534 2291 1744 2393 ὦφλε
1797 2299 1909 2400 τῷ
1950 2299 2336 2402 δημοσίῳ,
2394 2301 2815 2400 τριάκοντα
2855 2299 2933 2378 δὲ
2972 2299 3081 2400 τῷ

307 2425 588 2524 ἰδιώτῃ.
655 2420 1052 2524 ςΥπερίδης
1109 2424 1188 2502 δὲ
1243 2433 1328 2502 ἐν
1385 2424 1496 2524 τῷ
1550 2424 1755 2500 κατὰ
1815 2430 2231 2525 Δωροθέου
2280 2431 2541 2523 χιλίας
2569 2432 2723 2526 μὲν
2762 2425 3082 2527 ζημιοῦ-

305 2557 536 2642 σθαι,
589 2547 730 2630 ἐὰν
783 2549 968 2637 τούς
1025 2556 1677 2648 κατοιχομένους,
1737 2556 1963 2644 φησὶ,
2027 2557 2539 2641 πεντακοσίας
2597 2551 2667 2628 δ’
2703 2549 2844 2632 ἐὰν
2900 2549 3083 2640 τούς

307 2676 615 2769 ζῶντας.
677 2679 801 2773 (Si
840 2681 1004 2778 quis
1042 2680 1132 2756 de
1171 2679 1525 2756 defuncto
1565 2680 1816 2779 aliquo
1867 2681 2225 2780 injuriose
2264 2682 2735 2784 loqueretur,
2794 2683 3082 2760 etiamsi

304 2805 506 2908 apud
543 2806 823 2882 liberos
863 2806 1023 2906 ejus
1059 2804 1250 2880 male
1290 2804 1616 2898 audiret,
1679 2803 2220 2883 condemnatus
2269 2808 2717 2909 quingentas
2754 2806 3081 2909 public0‚

302 2933 612 3033 triginta
668 2931 1058 3009 drachmas
1113 2930 1410 3031 privato
1478 2928 1822 3009 debebat.
1900 2932 2323 3035 Hyperides
2380 2960 2557 3011 vero
2614 2934 2693 3010 in
2748 2935 3085 3011 oratione

305 3071 574 3137 contra
626 3057 1091 3137 Dorotheum
1149 3058 1351 3135 mille
1407 3057 1772 3135 drachmis
1829 3058 2170 3136 mulctari
2208 3060 2388 3137 dicit
2426 3086 2553 3137 eos
2588 3060 2717 3162 qui
2754 3058 2848 3137 de
2886 3085 3081 3137 mor-

303 3187 486 3281 tuis,
548 3185 972 3285 quingentis
1027 3210 1156 3263 eos
1195 3184 1320 3283 qui
1357 3182 1446 3261 de
1487 3184 1661 3261 vivo
1699 3186 1950 3287 aliquo
1988 3186 2343 3287 injuriose
2379 3187 2921 3287 loquerentur.)

1464 3375 1614 3459 Aa
1652 3378 1942 3463 15⁷4.

523 3544 638 3623 Of.
681 3544 928 3621 Photii
966 3545 1214 3623 Lexic.
1266 3543 1447 3622 rhet.
1507 3573 1562 3623 s.
1603 3573 1673 3621 v.
1731 3537 1979 3643 ὕβρις.
2043 3590 2141 3601 —-
2199 3547 2283 3625 Ο.
2344 3548 2485 3625 Fr.
2545 3547 3080 3627 Hermanni

308 3669 688 3771 symbolas
727 3670 822 3747 ad
861 3670 1268 3757 doctrinam
1295 3670 1488 3769 juris
1510 3668 1740 3748 Attici
1761 3671 1851 3748 de
1890 3673 2331 3773 injuriarum
2370 3674 2811 3751 actionibus.
2853 3672 3079 3768 (Got-

305 3796 559 3895 tingae
603 3795 874 3890 1847.)
1453 3899 1603 3983 M
1637 3901 1897 3984 15⁷⁵

523 4064 904 4144 Demosth.
945 4068 1024 4144 in
1041 4068 1664 4146 Timocrat.736:
1705 4065 1811 4140 Εἴ
1837 4096 1951 4154 τις
1988 4063 2204 4141 ἰδίαν
2241 4062 2475 4157 δίκην
2513 4064 2805 4157 κλοπῆς
2842 4059 3080 4169 ἁλῴη,

312 4180 699 4288 ὑπάρχειν
725 4191 875 4286 μὲν
912 4186 1127 4289 αὐτῷ
1186 4189 1233 4265 δ
1251 4221 1278 4265 ι
1300 4222 1350 4265 π
1373 4198 1416 4267 λ
1440 4188 1488 4266 ά
1510 4217 1602 4267 σι
1622 4221 1668 4268 ο
1693 4222 1739 4269 ν
1796 4187 2152 4267 ἀποτῖσαι
2209 4187 2298 4267 τὸ
2358 4197 2681 4291 τιμηθέν
2702 4215 2721 4234 ·
2778 4220 3081 4293 προςτι-

300 4314 542 4413 μῆσαι
607 4312 677 4389 δ’
731 4318 1008 4405 ἐξεῖναι
1081 4316 1194 4416 τῷ
1267 4315 1732 4417 δικαστηρίῳ
1805 4315 1994 4417 πρὸς
2064 4316 2171 4419 τῷ
2232 4310 2579 4421 ἀργυρίῳ
2636 4316 2921 4417 δεσμὸν
2972 4321 3083 4420 τῷ

311 4444 592 4536 κλέπτῃ
614 4494 636 4529 ,
694 4445 917 4516 πένθ’
959 4434 1230 4540 ἡμέρας
1265 4447 1404 4517 καὶ
1443 4440 1734 4530 νύκτας
1773 4442 1983 4532 ἴσας,
2040 4438 2241 4533 ὅπως
2281 4434 2529 4545 δρῷεν
2564 4437 2892 4534 ἅπαντες
2928 4440 3081 4523 αὔ·-

309 4562 448 4640 τὸν
487 4562 912 4663 δεδεμένον.
995 4568 1116 4663 (Si
1171 4570 1336 4673 quis
1390 4569 1684 4671 privato
1731 4570 2013 4672 judicio
2060 4571 2237 4649 furti
2275 4572 2659 4651 convictus
2696 4574 2957 4674 fuerit,
3016 4577 3083 4654 ei

313 4695 540 4771 licere
578 4692 890 4795 duplum
928 4696 1221 4773 solvere
1255 4697 1684 4775 aestimatae
1727 4696 1909 4791 litis,
1951 4697 2083 4774 sed
2121 4723 2355 4801 penes
2380 4698 2674 4800 judices
2713 4726 2913 4797 esse,
2967 4700 3082 4778 fu-

311 4844 472 4895 rem
508 4832 807 4919 praeter
843 4832 1238 4920 argentum
1272 4824 1578 4924 insuper
1614 4823 1708 4899 ad
1749 4824 2075 4923 quinque
2132 4823 2415 4901 dierum
2452 4826 2911 4927 totidemque
2950 4853 3081 4904 no-

312 4947 542 5023 ctium
580 4947 881 5024 vincula
915 4948 1311 5044 damnare,
1374 4961 1454 5025 ut
1492 4976 1752 5027 omnes
1789 4974 1961 5025 eum
2000 4952 2332 5026 vinctum
2369 4976 2531 5027 esse
2570 4952 2941 5045 videant.)

526 5073 642 5149 Ex
678 5073 820 5151 hoc
855 5073 1375 5151 Demosthenis
1413 5078 1570 5153 loco
1610 5087 1849 5178 patet,
1892 5104 2049 5154 non
2087 5104 2249 5155 esse
2288 5076 2766 5158 scribendum
2800 5080 2879 5157 in
2918 5080 3085 5184 lege

316 5194 886 5289 δεκαπλασίαν,
947 5210 1028 5279 ut
1065 5199 1228 5279 libri
1268 5202 1588 5299 faciunt,
1649 5204 1780 5282 sed
1821 5198 2251 5283 διπλασίαν.

2523 5328 2659 5397 41*
