3725 5850
1078 386 1689 441 COMMENTARIUS
1734 387 1835 436 An
1878 382 2040 439 1⁰6⁰.
2079 383 2238 440 1066.
2887 370 3041 443 553

271 584 395 681 qui
440 583 619 659 nihil
660 583 967 677 debeat,
1028 583 1147 656 vel
1186 579 1644 681 inscripserit
1678 589 1760 653 ut
1798 578 2252 669 debitorem,
2295 608 2522 681 supra
2559 592 2802 657 tamen
2846 611 3038 659 surn-

270 737 463 787 mam
506 710 875 803 debitam,
926 708 1282 787 adversus
1321 731 1489 782 eum
1528 704 1721 779 actio
1760 704 1993 781 falsae
2015 696 2531 811 'inscriptionis
2571 708 3038 801 instituitur.)

1418 935 1569 1019 Ad
1603 936 1890 1018 1060.

488 1107 984 1207 Harpocratio
1040 1117 1213 1208 post
1270 1108 1504 1183 verba
1562 1098 1966 1197 δικάζηταί
2021 1128 2168 1175 τινι
2231 1093 2331 1189 ὦς
2388 1098 2484 1177 οὐ
2544 1106 2726 1185 haec
2779 1108 3040 1183 habet:

272 1227 591 1315 δικαίως
630 1225 877 1307 αὐτὸν
915 1225 1440 1333 ἐγγεγραφὸτι.
1519 1230 1668 1309 Sed
1720 1232 1823 1307 ita
1861 1228 2146 1307 nullum
2185 1232 2384 1309 foret
2422 1231 2814 1311 discrimen
2853 1235 3043 1313 inter

271 1352 745 1454 βουλεύσεως
786 1368 860 1433 et
896 1352 1479 1459 ψευδεγγραφῆς
1518 1359 1904 1437 actionem.
2459 1368 2466 1373 ’

490 1501 921 1580 Secundum
976 1502 1281 1580 Suidam
1338 1507 1433 1597 (s.
1473 1532 1543 1578 v.
1603 1496 1885 1601 ψευδὴς
1933 1495 2316 1603 ἐγγραφὴ)
2357 1498 2490 1579 ssic
2546 1500 2796 1579 differt
2851 1503 3042 1580 actio

276 1622 865 1730 ψευδεγγραφῆς
922 1627 1015 1703 ab
1074 1630 1367 1705 actione
1425 1621 1944 1725 βουλεύσεως,
2021 1627 2219 1728 quod
2275 1628 2602 1729 priorem
2657 1626 3046 1706 videantur

272 1749 723 1850 instituisse,
782 1754 909 1853 qui
958 1780 1125 1830 cum
1182 1755 1465 1830 aerario
1503 1755 1689 1830 nihil
1728 1755 2126 1850 deberent,
2183 1756 2262 1828 in
2300 1754 2592 1831 tabulas
2629 1752 3042 1833 debitorum

274 1882 463 1958 falso
520 1880 734 1957 relati
790 1890 1036 1975 erant,
1096 1882 1581 1982 posteriorem
1639 1908 1863 1976 vem,
1934 1879 2058 1981 qui
2117 1906 2284 1957 cum
2340 1880 2696 1957 mulctam
2753 1881 3038 1957 aerario

276 2018 449 2085 ante
492 2006 819 2083 debitam
857 2006 1292 2102 solvissent,
1349 2008 1621 2084 iterum
1673 2008 1753 2083 in
1808 2006 2103 2085 tabulas
2160 2006 2581 2086 debitorum
2613 2032 2752 2109 per
2790 2005 3041 2085 dolum

281 2142 500 2209 erant
536 2132 771 2209 relati.

492 2272 787 2351 Heffter
844 2275 1107 2351 asserit
1174 2274 1377 2369 (Die
1436 2272 1683 2351 athen.
1748 2274 2280 2353 Gerichtsverf.
2337 2302 2407 2375 p.
2467 2274 2680 2368 169)
2737 2269 3047 2377 γραφὴν

277 2390 747 2494 βουλεύσεως
800 2412 1059 2477 contra
1121 2426 1246 2477 eos
1298 2400 1523 2477 fuisse
1580 2424 2049 2495 concessam,
2111 2400 2235 2499 qui
2292 2400 2368 2474 in
2426 2426 2650 2477 causa
2707 2412 2918 2477 erant
2971 2412 3050 2474 ut

280 2524 545 2624 aliquis
604 2552 743 2625 pro
816 2526 1114 2627 publico
1172 2527 1505 2603 debitore
1579 2525 1764 2602 false
1835 2527 2402 2622 inscriberetur,
2465 2522 3048 2627 ψευδεγγραφῆς

281 2676 458 2725 vero
516 2662 777 2728 contra
828 2653 1171 2753 publicos
1228 2663 1701 2754 quaestoreS,
1766 2653 1891 2756 qui
1946 2652 2210 2729 falsam
2265 2652 2821 2753 inscriptionem
2876 2676 3044 2752 per-

283 2790 621 2877 egerunt.

1433 2898 1583 2983 Ad
1615 2902 1904 2984 1066.

500 3083 925 3162 Secundum
964 3085 1207 3182 Leges
1247 3085 1583 3162 Platonis
1622 3087 1843 3179 (943,
1885 3085 2188 3178 A---B)‚
2246 3087 2306 3160 si
2346 3085 2509 3185 quis
2548 3085 2798 3160 deficit
2833 3087 3046 3182 igna-

286 3211 409 3284 via
444 3237 599 3285 non
638 3209 981 3285 dimissus
1020 3235 1065 3285 a
1099 3209 1588 3308 praetoribus,
1628 3208 1967 3285 desertae
2005 3211 2310 3285 militiae
2350 3209 2864 3284 accusationes
2899 3209 3050 3284 sint

286 3335 489 3436 apud
528 3336 749 3410 duces
785 3334 999 3428 belli,
1040 3361 1205 3410 cum
1246 3335 1596 3411 redierint
1632 3337 1729 3410 ab
1772 3337 2095 3414 exercitu
2121 3393 2136 3430 ,
2166 3335 2290 3434 jus
2326 3343 2573 3410 autem
2612 3334 2864 3409 dicant
2899 3335 3048 3409 sin-

286 3462 479 3559 gula·
499 3483 779 3562 genera
816 3485 1115 3554 eorum,
1173 3461 1301 3559 qui
1360 3462 1437 3534 in
1493 3461 1966 3562 expeditione
2024 3462 2334 3552 fuerint,
2383 3484 2718 3536 seorsum
2772 3467 2849 3534 et
2881 3483 3045 3556 gra-

290 3587 483 3662 viter
516 3585 777 3660 armati
814 3595 891 3658 et
928 3585 1211 3683 equites
1252 3594 1325 3660 et
1360 3585 1649 3684 reliqua
1704 3611 1988 3684 genera
2039 3585 2382 3662 militaria
2437 3584 2728 3682 singula
2773 3583 3047 3660 itidem.

290 3711 366 3788 Si
404 3710 573 3812 quis
610 3721 856 3787 autem
912 3711 1452 3786 condemnatus
1509 3723 1659 3806 est,
1716 3712 2140 3812 ei'primum
2183 3711 2328 3787 hoc
2363 3711 2492 3805 sit,
2551 3720 2634 3784 ut
2669 3734 3048 3809 nunquam

290 3836 379 3912 de
419 3836 812 3912 universae
851 3834 1142 3911 virtutis
1181 3836 1431 3935 palma
1468 3836 1914 3912 contendere
1937 3895 1955 3931 ,
1995 3861 2237 3934 neque
2275 3835 2500 3910 alium
2539 3834 2874 3910 desertae
2911 3836 3044 3908 mi-

290 3961 489 4038 litiae
528 3959 929 4062 postulare‚
970 3985 1210 4062 neque
1240 3961 1318 4035 in
1353 3958 1467 4034 his
1503 3961 1954 4037 accusatoris
1993 3971 2243 4062 partes
2281 3985 2510 4060 agere
2549 3961 2804 4060 possit,
2842 3984 3048 4059 prae·

290 4099 493 4164 terea
546 4112 726 4164 vero
774 4087 1132 4188 judicium
1188 4087 1255 4162 ei
1313 4087 1703 4178 aestimet,
1785 4083 1961 4187 quid
2015 4087 2172 4186 pati
2229 4111 2396 4162 eum
2447 4083 2568 4162 vel
2625 4085 3049 4187 dependere

291 4224 653 4315 oporteat.

504 4355 729 4457 Apud
768 4356 1401 4434 Lacedaemonios
1456 4357 1518 4432 si
1571 4355 1733 4456 quis
1783 4375 1962 4456 prae
1997 4353 2300 4453 ignavia
2337 4352 2722 4453 defugeret
2754 4352 3053 4430 labores

294 4486 367 4559 in
408 4482 773 4558 obeundis
809 4483 937 4573 iis,
997 4507 1183 4582 quae
1240 4483 1445 4582 leges
1490 4481 1800 4581 jubent,
1859 4505 2026 4556 eum
2063 4481 2456 4581 Lycurgus
2491 4480 2568 4554 in
2606 4501 2912 4556 numero
2952 4481 3048 4554 ci-

295 4609 499 4684 vium
520 4633 615 4684 ne
636 4607 893 4684 haberi
933 4607 1227 4708 quidem
1268 4607 1540 4684 debere
1580 4606 1926 4683 decrevit.
1961 4607 2076 4699 (X
2095 4630 2138 4681 e
2157 4633 2210 4681 n
2232 4633 2281 4681 o
2295 4633 2346 4706 p
2367 4605 2416 4680 h
2439 4631 2484 4681 o
2505 4631 2573 4681 n.
2615 4605 3048 4682 Lacedaem.

296 4758 485 4834 resp.
525 4735 623 4828 X,
663 4732 776 4826 7.)

507 4879 697 4953 Item
736 4887 949 4977 turpe
988 4885 1147 4952 erat
1180 4876 1517 4953 timidum
1554 4879 1876 4977 aliquem
1914 4875 2516 4952 contubernalem
2537 4873 2660 4950 vel
2682 4875 3048 4976 gymnasii

300 5003 578 5077 socium
643 5003 767 5078 vel
822 5002 1139 5078 amicum
1197 5003 1334 5078 sibi
1383 5004 1722 5106 jungere.
1810 5007 1846 5096 (
1872 5003 2045 5080 Nic
2067 5002 2263 5077 olai
2340 5003 2410 5076 D
2431 5027 2476 5077 a
2495 5023 2571 5075 m
2595 5025 2693 5078 as
2714 5026 2775 5077 c.
2851 5001 3046 5098 stag-

300 5139 521 5204 ment.
564 5127 601 5205 1
622 5128 782 5218 14.)
