3725 5850
1406 473 1512 526 nn
1555 471 1836 528 sacam.
2838 457 2987 538 1⁰¹

1511 662 1688 743 410.

427 792 672 888 Quam
707 817 984 896 praeco
1022 815 1288 870 vocem
1326 817 1418 868 ex
1456 792 1794 870 instituto
1831 791 2087 891 legum
2126 794 2317 892 edit,
2361 795 2547 876 haec
2571 801 2747 900 jure
2787 825 2987 876 com-

242 919 460 996 munis
498 929 611 999 est
645 920 936 1020 patriae
973 943 1124 998 vox
1163 919 1678 998 existimanda.

1517 1079 1694 1156 411.

431 1204 526 1280 Οἱ
565 1198 717 1280 ἀπὸ
763 1195 1127 1302 ςΗσύχου
1169 1200 1457 1280 θύουσι
1493 1213 1655 1288 ταῖς
1694 1213 2006 1302 σεμναῖς
2050 1209 2282 1292 θεαῖς.
2368 1201 2477 1280 Τὸ
2518 1203 2594 1282 δὲ
2634 1205 2792 1284 τῶν
2828 1202 2987 1284 Εὕ-

240 1323 600 1426 πατριδῶν
648 1335 864 1430 γένος
923 1324 1018 1403 οὐ
1067 1333 1370 1426 μετέχει
1433 1325 1558 1418 τῆς
1621 1331 1899 1414 θυσίας
1956 1326 2249 1420 ταύτης.
2347 1331 2493 1424 Τῆς
2552 1330 2629 1408 δὲ
2688 1334 2987 1431 πομπῆς

240 1451 483 1546 ταύτης
526 1445 954 1549 Ἠσυχίδαι
1010 1451 1155 1544 τὴν
1210 1445 1636 1558 ἡγεμονίαν
1703 1455 2012 1549 ἔχουσι,
2091 1460 2230 1530 καὶ
2288 1455 2775 1556 προθύονται
2835 1457 2980 1559 πρὸ

239 1579 344 1670 τῆς
383 1579 656 1666 θυσίας
692 1575 924 1680 κριὸν
967 1571 1305 1678 ςΗσύχῳ
1344 1574 1559 1678 ἱερὸν
1592 1572 1794 1678 ἥρωϊ.

1160 1705 1450 1800 (Schol.
1489 1705 1588 1784 ad
1626 1705 1970 1808 Sophocl.
2013 1708 2281 1809 Oedip.
2324 1708 2483 1787 Col.
2524 1712 2765 1805 489.).

1509 1866 1608 1942 41
1624 1866 1690 1944 1.

423 1995 572 2091 Qui
621 1995 716 2071 ab
756 1996 1112 2099 Hesycho
1171 1992 1635 2072 descendunt
1657 2049 1678 2086 2
1734 1996 2157 2072 sacrificant
2191 1999 2641 2075 venerandis
2681 1999 2981 2078 deabus,

238 2121 453 2222 Hujus
490 2132 744 2197 autem
777 2121 1119 2200 sacrificii
1155 2146 1310 2196 non
1349 2129 1462 2194 est
1497 2120 1869 2220 particeps
1908 2120 2479 2220 Eupatridarum
2514 2119 2775 2222 genus.
2847 2122 2979 2200 So-

237 2247 474 2324 lemnis
527 2249 750 2349 hujus
803 2246 1207 2348 spectaculi
1271 2244 1828 2345 praefecturam
1901 2243 2181 2322 habent
2254 2247 2771 2347 Hesychidae‚
2850 2253 2976 2352 qui

238 2384 384 2449 ante
419 2374 862 2450 sacrificium
897 2381 1229 2449 mactant
1265 2372 1572 2448 arietem
1608 2371 1961 2471 Hesycho
1996 2370 2205 2448 heroi
2240 2397 2551 2452 sacrum.

1511 2535 1688 2610 412.

415 2653 564 2731 Ἐκ
583 2654 740 2734 τῶν
764 2655 1189 2732 Φιλλειδῶν
1228 2649 1268 2749 ἦ
1310 2660 1534 2756 ἱέρεια
1571 2657 1704 2749 τῆς
1725 2654 2109 2756 Δήμητρος
2146 2662 2283 2732 καὶ
2310 2655 2553 2757 Κόρης
2596 2652 2633 2750 ἦ
2665 2658 2977 2758 μύουσα

94 2877 96 2882 .
238 2779 392 2870 τούς
419 2783 720 2881 μύστας
757 2791 843 2860 ἐν
882 2779 1290 2863 Ἐλευσῖνι.
1882 2787 2235 2880 (Suidast
2282 2781 2765 2884 Φιλλεῖδαι.).

1503 2896 1680 2972 412.

421 3020 484 3095 Ε
520 3046 797 3121 genere
836 3022 1326 3099 Phillidarum
1383 3021 1680 3121 eligitur
1727 3022 2022 3099 Cereris
2081 3034 2156 3098 et
2193 3023 2687 3124 Proserpinae
2726 3052 2969 3103 sacer-

239 3144 523 3242 dotissa,
564 3172 754 3248 quae
791 3147 885 3224 ad
925 3172 1303 3224 sacrorum
1341 3174 1620 3225 arcana
1655 3146 2019 3225 admissos
2056 3147 2297 3225 initiat
2335 3148 2705 3226 Eleusine.

1507 3307 1684 3384 413.

423 3428 942 3531 Ποιμενίδαι,
983 3435 1198 3535 γένος
1235 3439 1312 3523 ἐξ
1353 3420 1452 3507 οὗ
1491 3424 1546 3507 o‘
1591 3430 1720 3523 τῆς
1758 3427 2141 3533 Δήμητρος
2179 3428 2435 3532 ἱερεύς.

1504 3667 1657 3743 413
2230 3561 2761 3661 (Hesychius.)

421 3797 486 3871 E
521 3806 752 3896 gente
790 3795 1410 3873 Poemenidarum
1449 3806 1562 3873 est
1597 3794 1946 3873 sacerdos
1985 3792 2298 3871 Cereris

1497 3956 1676 4031 414.

409 4072 516 4156 ‘O
553 4078 1000 4179 ἱεροφάντης
1050 4086 1258 4155 ἐστιν
1295 4070 1338 4155 ὃ
1369 4075 1920 4183 μυσταγωγὸς,
1980 4070 2025 4155 ὁ
2068 4077 2162 4154 τά
2200 4076 2361 4177 ἱεροὶ
2404 4076 2805 4158 δεικνύων.

1499 4316 1651 4390 414
2231 4208 2755 4309 (Hesychius)

421 4443 940 4547 Hierophanta
978 4454 1092 4520 est
1128 4447 1254 4546 qui
1291 4446 1662 4547 mysteriis
1699 4446 1943 4521 initiat
1960 4454 2036 4519 et
2054 4466 2269 4520 sacra
2303 4443 2627 4521 ostendit
2646 4445 2965 4541 (docet).

1506 4606 1682 4685 415.

421 4736 554 4819 Εἰς
587 4728 680 4806 τὸ
710 4734 1053 4833 μέγαρον
1088 4728 1201 4827 τῷ
1253 4726 1668 4827 ἱεροφάντῃ
1714 4724 1948 4827 μόνῳ
1996 4732 2413 4827 παρελθεῖν
2451 4725 2777 4827 θεμιτόν
2810 4737 2967 4808 ἐστι

250 4854 414 4931 κατὰ
447 4854 592 4935 τὸν
623 4854 758 4948 τῆς
789 4856 1084 4947 τελετῆς
1117 4852 1388 4953 νόμον.
1819 4857 2170 4951 (Suidasz
2194 4847 2753 4955 Ἵεροφάντης.)

881 5058 886 5063 ,
1496 4983 1672 5065 415.

421 5115 513 5191 In
561 5112 870 5215 adytum
923 5110 1338 5190 secundum
1388 5112 1596 5211 leges
1661 5112 2185 5213 mysteriorum
2238 5108 2376 5189 soli
2428 5110 2959 5215 hierophantae

253 5232 388 5313 licet
415 5240 713 5318 intrare.
