3725 5850
648 458 806 543 452
1315 488 1936 543 COMMENTARIUS
1975 484 2082 538 An
2119 484 2245 541 224.
2287 484 2412 541 225.
2455 484 2582 541 227.
2619 484 2746 540 223.

868 680 1346 784 Aristophan.
1404 680 1868 761 Acharneus.
1925 708 1995 756 v.
2037 677 2180 754 65:
2228 674 2678 779 Ἐπέμψαθ’
2719 669 2920 775 ἡμᾶς
2975 666 3077 761 ὥς
3115 674 3418 773 βασιλέα

650 802 795 879 τὸν
824 810 1121 908 μέγαν,
1170 800 1477 903 μισθὸν
1511 810 1888 902 φέροντας
1929 801 2073 877 δύο
2124 800 2469 902 δραχμὰς
2526 801 2656 892 τῆς
2711 795 2985 901 ἡμέρας
3087 801 3422 896 (Misistis

652 960 791 1008 nos
832 933 927 1009 ad
966 959 1319 1030 magnum
1378 958 1673 1031 regem,
1732 931 1807 1007 id
1856 944 1970 1006 est
2024 932 2120 1008 ad
2177 956 2435 1030 regem
2473 930 2912 1026 Persarum,
2969 928 3417 1029 accepimus·

652 1084 795 1156 que
834 1060 912 1133 in
951 1058 1280 1157 singulos
1320 1059 1479 1134 dies
1518 1057 1835 1134 duarum
1875 1054 2386 1133 drachmarum
2424 1054 2911 1148 mercedem.)

1830 1284 1982 1367 Ad
2023 1287 2253 1368 224.
2339 1309 2346 1318 ·

866 1453 1095 1555 Apud
1114 1453 1547 1530 Corinthios
1585 1454 1899 1529 vetitum
1939 1464 2098 1529 erat
2133 1454 2399 1551 legatis
2438 1451 2636 1529 dona
2675 1476 2965 1528 sumere
3005 1478 3050 1526 a
3090 1452 3420 1553 principe

650 1579 745 1655 ad
784 1604 1009 1680 quem
1045 1580 1248 1655 missi
1287 1579 1623 1655 fuissent.
1685 1579 1833 1672 (Pl
1856 1590 1958 1653 ut
1981 1606 2026 1653 a
2046 1604 2142 1654 rc
2163 1577 2232 1653 h.
2273 1603 2319 1653 a
2338 1605 2388 1678 p
2408 1603 2455 1651 o
2475 1604 2525 1677 p
2547 1576 2596 1651 h
2617 1578 2724 1655 th
2745 1604 2784 1652 e
2806 1605 2858 1676 g
2881 1604 2974 1653 m.
3017 1606 3054 1652 ι·
3075 1602 3118 1654 e
3137 1604 3210 1676 g.
3249 1577 3418 1654 Dio-

652 1732 816 1806 nyS.
856 1704 1033 1806 Maj.
1080 1707 1198 1783 12.
1239 1734 1311 1807 p.
1356 1706 1581 1801 176.)

1828 1825 1981 1909 Ad
2019 1826 2254 1909 225.

867 1994 1403 2095 Harpocratio:
1481 1988 1926 2094 Συνὴγοροι
1953 2022 1973 2063 .·
2045 1984 2402 2064 Ἐοἰκασι
2463 1996 2638 2089 παρ’
2701 1984 3170 2080 Ἀθηναίοις
3236 2016 3418 2075 τινες

641 2122 1267 2211 χειροτονεῖσθαι
1329 2114 1761 2219 συνήγοροι.
1842 2117 2260 2213 (Videntur
2315 2116 2516 2220 apud
2575 2116 3068 2195 Athenienses
3130 2115 3418 2217 quidam

650 2244 997 2343 synegori
1037 2246 1397 2343 suffragio
1438 2245 1675 2346 eligi.)

869 2388 1027 2464 Hos
1085 2414 1478 2465 causarum
1550 2389 2019 2490 publicarum
2093 2400 2449 2490 patronos
2519 2416 2688 2465 oum
2743 2386 3069 2491 syndicis
3127 2385 3416 2463 eosdem

655 2514 906 2608 fuisse,
948 2524 1262 2589 testatur
1299 2513 1528 2590 schol.
1568 2514 1647 2589 in
1683 2514 2068 2590 Demosth.
2111 2514 2406 2615 Leptin.
2443 2514 2620 2612 501,
2663 2516 2788 2611 22,
2829 2513 3084 2590 dicens
3125 2512 3220 2589 de
3256 2540 3415 2613 syn-

654 2637 872 2713 dicis:
928 2629 1293 2733 βούλεται
1334 2632 1481 2739 γὰρ
1521 2638 2148 2740 περιγράψασθαι
2186 2632 2369 2722 τούς
2424 2634 3054 2741 συνηγόρους
3103 2632 3251 2710 τοῦ
3290 2632 3416 2709 νό-

643 2790 827 2859 μου.
904 2764 1063 2844 Hos
1118 2763 1466 2865 intelligit
1521 2765 1741 2841 etiam
1794 2766 2176 2843 Demosth.
2236 2790 2296 2839 c.
2341 2764 2745 2841 Timocrat.
2780 2763 2982 2840 -70-7:
3041 2762 3410 2861 αἱρεῖσθαι

654 2888 909 2964 δὲκαὶ
955 2883 1140 2972 τούς
1197 2891 2062 2992 συναπολογησομένους
2117 2882 2259 2962 τόν
2316 2882 2561 2986 δῆμον
2617 2896 2777 2975 τοῖς
2834 2884 3146 2984 νόμοις,
3209 2881 3414 2963 οἳιῖν

652 3019 739 3090 ἐν
774 3024 933 3100 τοῖς
972 3018 1434 3112 νομοθέταις
1470 3012 1831 3112 λύωνται,
1852 3017 2072 3088 πέντε
2111 3005 2396 3111 ἄνδρας
2432 3019 2510 3104 ἐξ
2541 3009 2999 3105 Ἀθηναίων
3037 3005 3408 3091 ἁπάντων.

868 3140 1061 3220 Vide
1101 3143 1343 3240 legem
1386 3141 1561 3216 148.

1826 3263 1978 3346 Ad
2023 3265 2254 3346 22⁷.

866 3430 1115 3507 Schol.
1154 3431 1233 3506 in
1270 3429 1746 3531 Aristophan.
1796 3454 2004 3530 vesp.
2047 3429 2242 3506 691:
2295 3419 2439 3500 ’Ex
2494 3421 2780 3504 τούτου
2837 3431 3198 3523 φαίνεται
3225 3487 3248 3521 ,
3301 3425 3412 3508 ὅτι

643 3549 1139 3656 μισθοφόρος
1178 3545 1352 3644 ἦνῆ
1397 3549 1635 3652 ἀρχὴ·
1692 3549 2132 3651 κληρωτούς
2191 3551 2268 3630 δὲ
2323 3558 2788 3656 γενομένους
2843 3551 3028 3630 δέκα
3089 3555 3410 3662 συνηγό-

657 3675 1399 3777 ρους,Ἀριστοτε’λης
1454 3704 1706 3773 φησιν.
1797 3683 2038 3774 (Hinc
2096 3693 2467 3784 apparet„
2511 3684 2711 3784 quod
2767 3681 2888 3760 hic
2943 3686 3404 3783 magistratus

652 3805 1074 3883 mercedem
1108 3807 1501 3908 acceperit.
1559 3805 1835 3885 Decem
1874 3817 2124 3883 autem
2163 3805 2392 3885 fuisse
2429 3833 2844 3909 synegoros
2881 3819 3077 3887 sorte
3115 3823 3406 3906 creatos,

653 3933 831 4010 dicit
864 3931 1371 4028 Aristoteles.)

868 4075 1285 4155 Scholiasta
1341 4073 1736 4154 confundit
1792 4076 2160 4180 dupplicis
2225 4077 2507 4156 ordinis
2563 4073 3054 4181 συνηγόρους.
3150 4081 3212 4158 Ii
3233 4136 3256 4172 ‚
3325 4080 3407 4156 de

659 4201 927 4300 quibus
965 4205 1085 4279 hic
1122 4204 1453 4304 agimus,
1512 4213 1723 4278 erant
1750 4205 2288 4299 χειροτονητοί
2328 4205 2729 4305 (suffragio
2767 4207 3058 4299 creati).
3136 4204 3404 4285 Aristo-

655 4329 839 4402 teles
896 4344 1144 4404 autem
1179 4327 1269 4402 de
1309 4309 1741 4428 logistarum
1800 4328 2060 4407 decem
2120 4323 2567 4431 συνηγόροις
2621 4331 2982 4430 loquitur,
3045 4332 3170 4431 qui
3225 4343 3404 4408 sorte

652 4451 1116 4551 legebantur,
1137 4464 1210 4530 et
1247 4454 1340 4529 ad
1378 4456 1855 4556 magistratus
1893 4457 2368 4534 oeconomiae
2409 4455 2756 4557 publicae
2794 4457 3292 4556 pertinebant.
3317 4502 3404 4515 —-

654 4580 1007 4655 Politicos
1048 4576 1516 4682 συνηγόρους
1554 4584 1812 4685 populi
1852 4584 2213 4686 suffragio
2251 4585 2525 4660 electos
2557 4583 2806 4680 fuisse,
2845 4594 3162 4661 testatur
3199 4584 3402 4660 etiam

653 4705 1038 4784 Demosth.
1094 4732 1155 4784 c.
1196 4705 1601 4786 Timocrat.
1652 4708 1851 4783 ¹711:
1905 4701 2088 4792 τούς
2139 4702 2607 4810 συνηγόρους
2633 4763 2654 4795 ,
2713 4699 2853 4792 οὕς
2883 4717 3400 4807 χειροτονεῖτε.

1822 4937 1975 5021 Ad
2016 4940 2246 5022 228.

866 5103 1023 5181 Lex
1064 5104 1366 5201 Segner.
1408 5128 1473 5202 p.
1521 5105 1711 5178 185:
1784 5100 2314 5200 Ιραμματεὺς,
2359 5091 2402 5178 ό
2443 5097 3006 5206 ἀναγινώσκων
3045 5103 3138 5200 τῇ
3169 5099 3400 5204 βουλῇ

647 5234 781 5301 καὶ
828 5228 929 5326 τῴ
972 5227 1187 5326 δήμῳ
1228 5223 1316 5301 τά
1360 5233 1970 5330 προστεταγμένα
1996 5252 2011 5270 ·
2071 5227 2270 5302 κατὰ
2301 5225 2644 5328 χρόνους
2687 5225 3118 5320 ἠλλάσσετο.
3163 5235 3390 5330 (Scri-
