3725 5850
1068 433 1686 485 commsss'mnms
1724 433 1831 485 An
1875 432 1962 487 37.
2003 432 2090 489 ss.
2132 437 2219 489 42.
2261 434 2351 490 45.
2939 410 3094 489 423

1520 692 1671 779 Ad
1726 696 1891 781 3⁷.

532 860 755 939 Anno
796 864 973 939 404.
1012 888 1077 941 a.
1117 863 1253 940 Oh.
1294 862 1619 941 instante
1660 863 1755 941 ad
1798 863 2210 963 Arginusas
2257 863 2538 940 insulas
2577 891 2854 966 pugna.

1514 1090 1665 1177 Ad
1721 1093 1886 1177 38.

528 1258 916 1358 Lycurgus
954 1258 1195 1334 arcuit
1230 1257 1505 1359 Sparta
1538 1261 1976 1359 peregrinos
1998 1318 2015 1353 ,
2073 1286 2168 1335 ne
2223 1261 2299 1335 in
2359 1260 2622 1336 urbem
2655 1261 2764 1335 illi
2803 1287 2884 1337 se
2920 1262 3088 1336 insi-

312 1394 632 1459 nuantes
668 1383 947 1459 malum
986 1382 1263 1485 aliquid
1300 1384 1504 1461 cives
1542 1385 1918 1461 docerent.
1981 1386 2088 1479 (P
2108 1387 2134 1463 l
2155 1410 2202 1461 u
2223 1397 2254 1462 t
2273 1410 2369 1462 ar
2397 1410 2440 1461 c
2459 1385 2528 1461 h.
2587 1388 2624 1463 I
2644 1412 2693 1461 n
2715 1412 2750 1461 s
2772 1385 2842 1462 ti
2873 1398 2905 1463 t
2923 1412 2973 1465 u
2992 1398 3024 1463 t
3041 1411 3088 1461 a

314 1510 377 1585 L
398 1533 444 1584 a
462 1534 503 1585 c
523 1535 568 1584 ο
591 1534 664 1584 n.
724 1510 894 1602 20.)

1518 1626 1672 1713 Aa
1721 1630 1890 1714 42.

526 1795 774 1873 Schol.
830 1798 907 1873 in
964 1794 1308 1875 Aeschin.
1386 1795 1761 1873 Timarch.
1824 1796 1978 1873 138
2019 1826 2035 1871 :
2113 1801 2606 1895 ξηραλοιφεῖν
2661 1796 2930 1900 ἔλεγον
2986 1792 3078 1872 τὸ

305 1925 541 2019 χωρὶς
577 1917 923 2019 λουτρῶν
960 1914 1443 2014 ἀλείφεσθαι.

524 2046 1037 2146 Ξηραλοιφεῖν
1091 2049 1321 2147 igitur
1377 2058 1526 2126 est:
1584 2050 1779 2125 sicce
1841 2076 2122 2149 ungere
2182 2050 2462 2151 absque
2522 2049 2822 2126 lotione.
2900 2050 3075 2124 Fuit

310 2174 697 2279 proprium
737 2173 1223 2271 athletarum,
1283 2176 1447 2274 qui,
1506 2185 1910 2274 antequam
1954 2177 2443 2266 luctarentur,
2502 2176 2682 2273 ungi
2721 2174 3086 2255 solebant.

1518 2403 1671 2487 M
1722 2405 1892 2487 45.

523 2568 993 2674 Olympiadis
1032 2568 1259 2646 93-ae
1298 2568 1623 2647 secundo
1665 2569 1786 2646 vel
1826 2569 2045 2649 tertio
2084 2597 2306 2647 anno·
2347 2572 2504 2645 406
2525 2573 2646 2648 vel
2669 2573 2822 2647 405
2855 2600 2918 2650 a.
2944 2573 3080 2651 Ch.

520 2713 767 2793 Etiam
840 2714 1109 2792 Rhodii
1184 2714 1663 2817 plebiscitum
1729 2714 2108 2812 fecerunt,
2189 2726 2273 2791 ut
2345 2716 2540 2791 servi
2561 2772 2581 2811 ,
2659 2717 2782 2820 qui
2839 2717 3080 2795 bonos

312 2868 387 2919 se
445 2842 643 2919 viros
700 2842 781 2917 in
833 2839 1186 2944 periculis
1232 2838 1777 2938 exhibuissent,
1836 2843 2086 2917 soluto
2124 2841 2446 2918 dominis
2483 2843 2764 2943 pretio,
2822 2869 3082 2919 manu·

310 2969 810 3065 mitterentur,
858 2968 1081 3068 inque
1120 2967 1397 3044 civium
1432 2993 1745 3044 numero
1786 2978 2055 3044 essent.
2115 2967 2546 3062 (Diodor.
2587 2969 2758 3066 XX,
2801 2971 2926 3066 84,
2969 2969 3084 3063 3.)

523 3110 789 3208 Samii,
848 3121 1039 3188 teste
1093 3109 1495 3190 Aristotele
1552 3110 1799 3213 (apud
1856 3108 2166 3187 Suidam
2204 3139 2261 3187 s.
2300 3138 2370 3185 v.
2408 3111 2742 3205 Σαμίων
2779 3106 3082 3208 δῆμος),

310 3267 355 3317 a
386 3238 725 3340 tyrannis
761 3236 857 3314 ad
892 3237 1157 3312 incitas
1195 3235 1516 3327 redacti,
1577 3234 1675 3312 ob
1734 3235 2010 3312 civium
2047 3235 2438 3338 penuriam
2476 3235 2714 3316 servis
2736 3237 2864 3340 jus
2904 3237 3084 3312 civi-

312 3366 482 3442 tatis
519 3365 845 3467 quinque
882 3362 1283 3440 stateribus
1318 3373 1870 3440 concesserunt.

521 3506 592 3585 A
628 3505 1240 3584 Lacedaemoniis
1298 3507 1597 3608 saepius
1649 3504 1946 3582 liberati
1998 3515 2172 3581 sunt
2227 3505 2426 3580 servi
2449 3559 2468 3599 ,
2527 3529 2844 3606 quorum
2898 3505 3085 3586 alios
3193 3527 3202 3534 ·

314 3663 385 3710 m
402 3661 449 3712 a
468 3660 520 3709 n
538 3660 585 3710 u
610 3633 729 3709 mi
752 3659 786 3710 s
808 3660 843 3709 s
865 3656 909 3708 o
930 3659 965 3708 s
1022 3624 1387 3725 (ἀφέτας)
1446 3633 1932 3709 nominarunt
1951 3689 1969 3726 ,
2026 3632 2212 3709 alios
2249 3656 2428 3707 vero
2484 3657 2534 3705 n
2557 3658 2600 3706 o
2619 3659 2672 3708 n
2727 3631 2778 3706 h
2798 3657 2843 3706 a
2862 3633 2910 3708 b
2933 3657 2974 3707 e
2994 3660 3076 3709 n-

314 3772 459 3838 tes
512 3759 561 3837 d
585 3757 1004 3838 ominum
1062 3747 1651 3852 (ἇδεσπότους),
1720 3757 1907 3832 alios
1963 3781 2002 3831 e
2025 3756 2645 3857 mancipatos
2705 3753 3071 3853 (ἐρυκτῆ-

315 3889 522 3985 ρας),
580 3885 767 3962 alios
820 3909 871 3959 n
892 3908 937 3959 a
956 3882 1049 3958 vi
1103 3881 1155 3958 h
1176 3907 1215 3958 e
1236 3882 1404 3958 rili
1473 3908 1508 3956 s
1530 3910 1580 3958 u
1598 3883 1693 3984 bj
1718 3909 1759 3960 e
1780 3910 1823 3962 c
1844 3893 1876 3959 t
1897 3910 1941 3959 ο
1961 3909 1995 3958 s
2054 3876 2832 3978 (δεσποσιοναύτας),
2889 3910 3075 3985 quos

312 4015 389 4092 in
439 4012 748 4089 navium
804 4008 1077 4086 classes
1133 4007 1705 4100 distribuerunt,
1764 4009 1951 4086 alios
2005 4037 2044 4086 r
2065 4034 2104 4086 e
2127 4035 2168 4086 c
2189 4033 2229 4084 e
2251 4037 2302 4084 n
2325 4036 2360 4084 s
2429 4010 2685 4088 civit
2703 4020 2800 4086 at
2825 4035 2864 4088 e
2930 4011 2979 4090 d
3001 4038 3078 4090 ο-

314 4167 363 4218 n
382 4165 427 4216 a
446 4148 537 4216 to
560 4165 597 4214 s
654 4127 1261 4232 (νεοδαμώδεις).
1339 4132 1447 4228 (Α
1468 4145 1501 4210 t
1517 4132 1567 4209 h
1588 4161 1629 4212 e
1644 4161 1697 4210 n
1717 4161 1763 4211 a
1783 4160 1823 4211 e
1848 4160 1898 4212 u
1917 4161 1952 4210 s
2008 4134 2140 4229 VI,
2183 4133 2401 4228 272.)

522 4279 748 4382 Apud
783 4278 1183 4358 Cretenses
1220 4280 1298 4356 in
1332 4281 1653 4377 gratiam
1688 4304 2076 4358 servorum
2109 4279 2189 4356 in
2228 4277 2508 4381 oppido
2531 4277 2875 4379 Cydonia
2909 4281 3088 4358 festi·

316 4406 614 4510 quidam
650 4405 811 4484 dies
846 4406 1165 4483 instituti
1203 4405 1547 4500 fuerant,
1605 4406 1878 4505 quibus
1936 4401 2298 4505 oppidum
2349 4429 2506 4479 non
2550 4404 3076 4502 ingredieban-

314 4545 431 4612 tur
460 4532 679 4610 liberi
716 4531 1053 4608 homines
1074 4587 1093 4624 ,
1152 4529 1285 4608 sed
1340 4531 1591 4608 omnia
1643 4531 1721 4607 in
1768 4540 2139 4631 potestate
2198 4539 2410 4606 erant
2463 4553 2891 4626 servorum,
2952 4534 3078 4633 qui

316 4661 533 4740 etiam
591 4660 721 4760 jus
774 4655 1153 4736 habebant
1206 4658 1483 4736 liberos
1536 4658 1875 4736 homines
1947 4655 2202 4757 flagris
2277 4654 2660 4734 caedendi.
2736 4655 2982 4752 (Ath
3003 4686 3076 4737 e-

318 4809 635 4866 naeus.
674 4785 805 4880 VI,
850 4783 1026 4880 263,
1065 4782 1157 4876 f.)

525 4930 923 5007 Cretenses
977 4937 1225 5004 cetera
1279 4929 1513 5004 servis
1570 4928 2066 5005 concedentes
2117 4953 2204 5004 ac
2239 4929 2758 5029 permittentes
2781 4983 2798 5013 ,
2859 4925 3070 5003 dum-

318 5068 521 5136 taxat
554 5057 644 5134 iis
682 5054 1296 5134 exercitationum
1332 5079 1469 5130 usu
1499 5065 1575 5130 et
1594 5080 1964 5131 armorum
1998 5053 2472 5158 possessione
2509 5053 3073 5132 interdixerunt.

324 5183 629 5282 (Arist
650 5195 767 5262 ot.
813 5181 1101 5261 Polit.
1140 5179 1237 5277 H,
1276 5181 1349 5277 2,
1395 5179 1565 5280 12.)
