3725 5850
1014 440 1115 491 DE
1153 435 1622 490 svns‘rAu'rm
1663 437 1765 488 ΕΤ
1801 438 2297 491 ΡοεεΕεεῑοΝΕ.
2882 417 3039 491 373

1549 628 1774 704 1451.

490 770 646 848 Τὸν
685 766 1355 876 ἀποστερούμενον
1393 767 1602 858 τινὸς
1639 765 2027 868 κτήματος
2050 828 2069 859 ,
2132 763 2179 846 ὃ
2226 771 2427 875 γοῦν
2463 779 2850 864 κατέθηκε
2886 802 3037 848 κο-

288 904 623 1001 μίξεσθαι
664 896 866 1000 παρὰ
909 899 1063 976 τῶν
1100 894 1542 994 εἰληφότων.

1402 1025 1588 1119 (Dio
1627 1024 2013 1127 Chrysost.
2057 1051 2272 1101 serm.
2318 1025 2437 1103 31.
2480 1056 2552 1130 p.
2594 1025 2816 1120 328.)

1537 1185 1762 1262 1451.

479 1331 620 1424 Qui
677 1331 1142 1434 possessione
1203 1329 1524 1431 quadam
1569 1331 1947 1431 privatur,
2006 1331 2320 1432 recipiat
2357 1331 2453 1406 ab
2494 1332 3033 1433 accipientibus

291 1455 468 1556 quod
501 1483 636 1556 pro
675 1457 804 1537 illa
839 1457 1183 1537 solverat.

1532 1562 1758 1640 1452.

475 1702 578 1777 Εἴ
606 1733 676 1778 τι
717 1711 1063 1808 ἐγκαλεῖς
1118 1735 1269 1781 τινι
1330 1709 1468 1780 καὶ
1524 1703 1682 1781 τῶν
1719 1703 1875 1780 σῶν
1912 1734 1985 1780 τι
2026 1707 2182 1800 ἔχει
2208 1763 2228 1794 ,
2291 1703 2609 1784 δίκασαι
2649 1704 2907 1808 αὐτῷ,
2966 1712 3039 1787 εἰ

280 1830 410 1926 μὲν
447 1835 748 1930 χωρίου
795 1827 1294 1932 ἀμφισβητεῖς
1316 1889 1336 1921 ,
1393 1865 1450 1908 κ
1469 1859 1518 1907 α
1539 1861 1583 1930 ρ
1605 1863 1658 1904 π
1679 1860 1721 1905 ο
1745 1827 1792 1905 ὖ
1821 1887 1842 1919 ,
1901 1835 1975 1905 εἰ
2028 1829 2103 1905 δὲ
2166 1835 2426 1917 οἰκίας
2449 1891 2468 1921 ,
2527 1840 2563 1909 ἐ
2588 1863 2631 1908 ν
2654 1864 2696 1907 ο
2720 1865 2744 1907 ι
2768 1867 2824 1907 κ
2846 1839 2874 1910 ι’
2897 1865 2939 1909 ο
2961 1864 3029 1910 υ.

1583 1960 2157 2062 (Harpocratiot
2217 1957 2533 2057 καρποῦ
2570 1956 2817 2057 δίκη.)

1539 2121 1765 2198 1452.

471 2263 550 2341 Si
607 2264 790 2368 quid
843 2266 1108 2367 objicis
1165 2267 1426 2362 alicui,
1495 2277 1570 2341 et
1624 2277 1917 2342 tuarum
1974 2289 2222 2340 rerum
2278 2266 2603 2366 aliquam
2658 2268 3028 2368 possidet,

281 2393 631 2468 actionem
687 2391 1034 2467 intende:
1091 2393 1150 2468 si
1211 2391 1302 2467 de
1359 2417 1544 2488 agro
1600 2391 1891 2490 litigas,
1966 2391 2283 2492 quoad
2338 2393 2761 2486 fructuS,
2820 2394 2881 2472 si
2938 2391 3028 2468 de

282 2517 518 2612 domo,
579 2516 826 2618 quoad
882 2517 1310 2619 pretium
1364 2517 1932 2594 locationis,

1521 2676 1747 2752 1453.

473 2821 565 2895 Oi
623 2815 1119 2918 δικαζόμενοι
1177 2825 1340 2917 περὶ
1386 2823 1704 2922 χωρίων
1761 2812 1804 2908 ἢ
1863 2817 2146 2892 οἰκιῶν
2203 2815 2389 2916 πρὸς
2440 2814 2621 2903 τούς
2662 2821 3026 2916 ἔχοντας’,

281 2942 614 3031 οὐσίας
673 2942 1125 3037 δικάζονται
1183 2942 1322 3036 τὴν
1381 2943 1738 3044 δευτέραν
1778 2942 2047 3034 δίκην·
2116 2934 2153 3033 ἦ
2198 2942 2274 3019 δὲ
2318 2950 2643 3044 προτέρα
2681 2952 2831 3020 ἐστι
2872 2946 3028 3022 τῶν

271 3074 404 3167 μὲν
461 3070 740 3146 οἰκιῶν
793 3077 1309 3161 ἐνοικίου,
1367 3071 1524 3147 τῶν
1562 3068 1637 3145 δὲ
1669 3074 1988 3170 χωρίων
2026 3099 2355 3167 καρπο
2385 3069 2479 3159 ὖ,
2538 3073 2746 3167 τρίτη
2786 3069 2862 3145 δὲ
2905 3077 3023 3146 ἐπὶ

277 3196 555 3284 τούτοις
611 3190 1054 3288 ἐξούλης.
1136 3202 1289 3272 Καὶ
1350 3201 1584 3289 ἔξεστι
1643 3206 1801 3283 τοῖς
1861 3194 2120 3271 ἑλοῦσι
2182 3206 2501 3293 κρατεῖν
2537 3196 2692 3270 τῶν
2727 3195 3025 3295 κτημά-

278 3353 414 3397 των
445 3327 580 3397 καὶ
619 3326 694 3397 εἰ
726 3318 867 3413 τὴν
907 3321 1137 3413 δίκην
1191 3320 1333 3415 τὴν
1387 3324 1536 3399 τοῦ
1589 3320 1899 3423 καρποῦ
1946 3316 1991 3413 ἢ
2028 3320 2167 3397 τοῦ
2210 3322 2564 3396 ἐνοικίου
2604 3327 2739 3395 καὶ
2780 3326 2853 3396 εἰ
2885 3318 3026 3411 τὴν

279 3446 611 3547 δευτέραν
669 3441 1070 3540 ἧττηθεῖεν
1124 3446 1268 3540 τήν
1322 3448 1450 3540 τῆς
1510 3447 1822 3536 οὐσίας·
1902 3452 1977 3523 εἰ
2029 3448 2104 3524 δὲ
2162 3451 2299 3521 καὶ
2358 3442 2669 3538 ἐξούλης
2730 3438 3021 3538 ἆλοῖεν,

277 3571 515 3651 οὐκέτι
560 3578 847 3666 ἔξεστιν
887 3582 1350 3675 ἐπικρατεῖν,
1403 3573 1570 3651 ἀλλ’
1605 3580 2052 3667 ἐξίστασθαι
2094 3574 2209 3649 δεῖ
2248 3567 2385 3666 ἤδη
2424 3574 2579 3648 τῶν
2616 3572 3025 3672 κτημάτων

271 3712 412 3788 τοῖς
445 3700 1216 3802 καταδικασαμένοις.
1615 3704 2194 3806 (Harpocratioz
2254 3696 2521 3786 οὐσίας
2558 3696 2806 3794 δίκη.)

1520 3866 1746 3941 1453.

465 4011 610 4104 Qui
633 4012 726 4087 de
765 4012 965 4109 agris
1003 4012 1124 4086 vel
1162 4012 1472 4086 aedibus
1498 4007 1784 4111 judicio
1825 4009 2173 4084 adversus
2213 4008 2677 4111 possidentes
2715 4022 3019 4086 conten-

274 4134 474 4233 dunt,
527 4136 822 4213 actione
862 4136 1188 4212 secunda
1243 4138 1337 4211 in
1395 4164 1580 4213 rem
1635 4147 1965 4211 utuntor.
2044 4134 2298 4208 Prima
2337 4134 2516 4209 vero
2557 4134 2785 4229 actio,
2827 4136 2887 4209 si
2927 4135 3019 4210 de

275 4262 473 4361 domo
528 4262 1026 4357 contendant,
1088 4262 1185 4337 sit
1240 4264 1316 4336 in
1374 4262 1803 4365 pretium
1858 4260 2445 4352 locationis,
2522 4261 2580 4333 si
2642 4260 2731 4334 de
2792 4284 3017 4358 agre,

271 4385 342 4460 in
390 4386 422 4459 f
430 4415 467 4461 1·
486 4416 529 4464 u
556 4398 770 4463 ctus
794 4447 811 4481 ,
871 4400 944 4463 et
1002 4400 1172 4487 post
1209 4388 1342 4463 has
1382 4388 1601 4465 tertia
1636 4386 1830 4463 actio
1888 4385 1995 4460 de
2054 4386 2163 4457 vi.
2241 4385 2337 4458 Et
2374 4385 2433 4459 si
2472 4385 2549 4457 in
2588 4395 3015 4461 controver-

271 4510 372 4585 sia
401 4511 484 4589 de
519 4514 764 4590 fructu
803 4511 920 4587 vel
981 4513 1370 4601 locationis
1429 4513 1708 4613 pretio,
1764 4512 1921 4587 imo
1979 4512 2203 4585 etiam
2240 4510 2318 4585 in
2356 4510 2689 4585 secunda
2726 4511 3016 4587 actione

273 4634 356 4711 de
389 4664 460 4713 re
511 4640 1026 4732 vincerentur,
1086 4648 1337 4715 tamen
1392 4639 1471 4715 in
1529 4638 1996 4738 possessione
2055 4646 2523 4737 permanent.
2598 4635 2731 4711 Sin
2768 4647 3017 4731 autern

269 4762 538 4839 actione
595 4762 688 4839 de
745 4764 822 4839 vi
877 4790 1170 4865 quoque
1231 4764 1800 4855 damnarentur,
1859 4790 2011 4842 non
2055 4762 2215 4861 jam
2277 4762 2613 4839 obt-inere
2669 4763 2785 4839 fas
2834 4774 3014 4857 est0,

275 4886 395 4963 sed
427 4890 826 4967 victoribus
863 4891 1126 4967 cedere
1165 4890 1636 4990 possessione
1676 4899 2064 4989 coguntor.

1524 5050 1748 5125 1454.

457 5182 570 5265 ‘H
598 5190 672 5269 δὲ
713 5190 1182 5284 τῆςέξσύλης
1219 5192 1397 5283 δίκη
1447 5196 1787 5296 γίγνεται
1812 5249 1832 5281 ,
1896 5186 2089 5267 ὅταν
2115 5222 2235 5277 -τις
2273 5190 2413 5267 τὸν
2451 5187 2875 5290 πριάμενον
2902 5188 3009 5289 μή
