3725 5850
1309 433 1408 484 ns
1443 431 1931 486 FoEDERIBUS.
2832 400 2985 480 335

253 623 346 724 τῷ
401 627 686 724 πλοίῳ·
755 623 862 724 τῷ
921 621 998 699 δὲ
1055 621 1386 718 φήναντι
1445 616 1491 713 ἢ
1544 617 1967 713 ἐνδείξαντι
2022 617 2179 696 τῶν
2233 617 2614 720 δημοσίων
2669 619 2855 692 ἔστω
2893 611 2987 690 τά

258 743 508 848 ἡμίσεα
533 776 548 790 ·
609 744 749 823 ἐάν
788 745 862 824 δὲ
904 745 1182 836 δοῦλος
1217 740 1268 845 ᾗ
1305 739 1348 824 ὅ
1381 743 1768 845 μηνύσας,
1823 743 2225 846 ἐλεύθερος
2265 747 2476 834 ἔστω,
2534 747 2669 818 καὶ
2709 746 2997 842 μέρους·

257 872 394 951 τῶν
436 871 849 972 χρημάτων
895 879 1226 973 μετέστω
1283 868 1536 972 αὐτῷ·
1591 867 1734 948 τὸν
1791 869 1867 948 δὲ
1924 869 2299 975 ἐξάγοντα
2356 877 2448 946 ἐκ
2510 875 2675 969 Κέῳ
2705 871 2991 968 μίλτον

255 997 541 1104 ἐξάγειν
575 1005 668 1099 ἐμ
709 1003 954 1100 πλοίῳ
1011 992 1078 1100 ᾦ
1115 995 1221 1076 ἂν
1283 996 1702 1091 Ἀθηναῖοι
1764 993 2306 1088 ἀποδείξωσιν·
2381 992 2521 1072 ἐὰν
2575 992 2659 1072 δέ
2724 1023 2834 1082 τις
2907 997 2993 1070 ἐν

257 1117 454 1224 ἄλλῳ
489 1120 722 1228 ἐξάγῃ
761 1128 1009 1225 πλοίῳ
1031 1182 1052 1214 ,
1093 1127 1379 1220 ἔνοχον
1416 1121 1632 1200 εἶναι.

451 1252 604 1348 (Ex
643 1251 974 1356 inscript.
995 1252 1386 1330 Boeckhii:
1425 1251 1935 1332 Staatshaush.
1957 1250 2025 1330 d.
2050 1247 2400 1328 Athener.
2442 1251 2659 1433 T0315.
2668 1252 2781 1451 31)

2450 1387 2521 1462 Ρ.
2719 1414 2736 1433 ο

1515 1467 1746 1545 1298.

454 1595 744 1670 Placuit
795 1596 1084 1672 senatui
1139 1594 1566 1696 populoque
1623 1593 2122 1688 Juliensium‚
2181 1594 2491 1670 concedi
2548 1592 2994 1694 exportatio-

259 1745 416 1794 nem
473 1719 812 1794 rubricae
872 1717 1202 1798 Athenas
1227 1777 1246 1816 ,
1304 1720 1656 1796 aliorsum
1711 1729 1963 1794 autem
2020 1745 2401 1819 nusquam.
2478 1718 2557 1794 Si
2616 1742 2795 1812 vero
2836 1715 2999 1816 quis

261 1846 593 1922 aliorsum
632 1846 1133 1946 exportaverit
1189 1846 1609 1949 publicetur
1646 1855 1720 1922 et
1755 1844 2143 1942 navigium
2179 1855 2255 1920 et
2290 1843 2487 1944 quod
2525 1845 2603 1920 in
2640 1868 2727 1919 eo
2765 1841 2996 1918 conti-

259 1981 475 2048 netur.
558 1970 966 2046 Dimidium
1023 1982 1272 2048 autem
1324 1971 1870 2075 publicatorum
1926 1971 2021 2048 sit
2074 1968 2470 2046 indicantis
2526 1968 2645 2045 vel
2702 1967 2987 2044 denun-

261 2095 528 2174 ciantiS.
605 2093 684 2170 Si
736 2094 1022 2171 delator
1077 2095 1300 2172 fuerit
1335 2121 1635 2190 servuS,
1695 2122 1923 2172 manu
1959 2095 2329 2192 mittatur,
2388 2105 2821 2196 partemque
2859 2118 2992 2196 pu-

261 2220 682 2296 blicatorum
719 2219 1056 2320 accipiat.
1134 2220 1278 2314 Qui
1335 2233 1585 2296 autem
1623 2245 1660 2294 e
1701 2219 1854 2296 Ceo
1896 2219 2402 2323 exportaverit
2439 2220 2850 2313 rubricam,
2894 2216 2998 2292 fa-

263 2346 391 2420 ciat
441 2345 580 2420 hoc
635 2343 712 2418 in
769 2345 1109 2444 navigi0,
1170 2345 1371 2446 quod
1424 2343 1920 2424 Athenienses
1973 2345 2506 2424 constituerint.
2580 2343 2659 2421 Si
2698 2367 2879 2418 vero
2919 2341 2999 2419 in

263 2471 392 2547 alio
429 2470 732 2567 navigio
771 2471 1314 2572 exportaverit,
1371 2496 1543 2548 reus
1581 2472 1964 2547 habeatur.

1508 2631 1734 2708 1299.

460 2749 760 2851 Κύριον
797 2751 995 2829 εἶναι
1033 2748 1152 2829 ὅτι
1192 2748 1292 2829 ἂν
1349 2751 1437 2827 τὸ
1497 2753 1793 2844 πλῆθος
1847 2755 2004 2831 τῶν
2058 2757 2485 2854 ξυμμάχων
2540 2759 3001 2856 ψηφίσηται,

267 2873 351 2969 ἢν
373 2878 476 2979 μή
515 2909 587 2954 τι
632 2877 842 2955 θεῶν
884 2873 929 2971 ἢ
970 2871 1233 2982 ἡρώων
1268 2877 1590 2981 κώλυμα
1626 2873 1697 2981 ᾗ.
1990 2883 2451 2987 (Thucydid.
2494 2884 2585 2981 V,
2624 2885 2790 2978 30.)

1511 3046 1735 3122 1299.

462 3170 546 3246 Id
601 3182 847 3246 ratum
905 3170 1305 3265 habeatur,
1364 3172 1561 3271 quod
1630 3172 1865 3275 major
1922 3173 2291 3248 sociorum
2346 3198 2520 3273 pars
2576 3170 3005 3265 decreverit,

133 3304 143 3317 “
267 3295 395 3371 nisi
429 3294 739 3373 deorum
773 3296 896 3373 vel
934 3296 1240 3372 heroum
1280 3296 1584 3397 aliquod
1620 3296 2236 3399 impedimentum
2270 3297 2783 3373 intercesserit.

1512 3458 1738 3536 1300.

465 3584 600 3655 Δεῖ
630 3578 802 3655 τών·
825 3580 1120 3657 κοινῶν
1155 3584 1284 3672 τῆς
1325 3574 1699 3669 ςΕλλάδος
1759 3579 2251 3681 ἀδικημάτων
2307 3581 2505 3659 εἶναι
2560 3580 2704 3675 τὴν
2748 3586 3008 3684 κρίσιν

271 3699 414 3777 οὐκ
468 3701 630 3804 ἰδίᾳ
683 3702 884 3803 παρά
944 3716 1100 3793 τοῖς
1145 3702 1603 3799 Ἀθηναίοις
1664 3704 1828 3783 ἀλλ’
1888 3712 2008 3783 ἐπὶ
2064 3707 2207 3783 τοῦ
2264 3707 2549 3784 κοινοῦ
2602 3706 3009 3809 συνεδρίου

269 3828 414 3905 τῶν
452 3822 864 3923 Ἑλλήνων.
1803 3838 2153 3933 (Diodor.
2193 3818 2418 3915 Sicul.
2458 3838 2592 3934 XI,
2632 3841 2796 3931 55.)

1527 3964 1753 4041 1300.

453 4080 552 4169 'In
581 4086 951 4187 -publicas
1007 4086 1368 4165 Graeciae
1425 4089 1653 4165 totius
1705 4089 2012 4190 injurias
2066 4114 2219 4165 non
2273 4089 2565 4190 privato
2602 4087 3007 4167 Athenien-

270 4213 446 4288 sium
499 4212 783 4312 judicio
857 4212 1664 4311 animadvertendum,
1739 4216 1873 4294 sed
1944 4216 2023 4291 in
2095 4215 2469 4293 communi
2546 4214 3010 4306 Graecorum

271 4350 644 4416 conventu.

1526 4450 1753 4528 1301.

474 4566 673 4655 Τούς
713 4562 1396 4664 ἇ’λλους”Ελληνας
1435 4574 1750 4664 πάντας,
1809 4574 1993 4664 τούς
2030 4606 2107 4650 τε
2142 4571 2345 4650 κατά
2383 4572 2528 4666 τήν
2554 4570 2835 4653 Ἀσίαν
2870 4580 3011 4651 καὶ

271 4691 457 4768 κατὰ
509 4693 655 4787 τῆν
707 4692 1124 4796 Εὐρώπην,
1183 4702 1631 4800 ἐλευθέρους
1686 4692 2099 4801 ὑπάρχειν,
2158 4705 2295 4776 καὶ
2350 4698 2613 4800 νόμοις
2658 4698 3010 4803 χρῆσθαι

264 4806 420 4906 ,τοῖς
454 4818 696 4907 ι’δίοις.
1529 4938 1726 5012 1301
1838 4832 2261 4935 (Polybius,
2300 4831 2587 4929 XVIII,
2630 4832 2797 4924 27.)

471 5057 756 5136 Caeteri
797 5085 1056 5136 omnes
1095 5060 1405 5158 Graeci,
1455 5074 1532 5139 et
1565 5062 1692 5163 qui
1726 5064 1805 5139 in
1845 5062 2025 5143 Asia
2061 5066 2347 5166 degunt
2384 5078 2461 5143 et
2496 5066 2624 5167 qui
2659 5066 2737 5144 in
2777 5066 3008 5141 Euro-

275 5206 406 5280 pa,
443 5182 646 5261 liberi
683 5185 870 5283 sint,
908 5186 1208 5287 suisque
1246 5190 1538 5291 legibus
1578 5202 1898 5269 utantur.
