3725 5850
537 461 702 540 244
1623 481 1764 532 'ms
1800 475 2221 530 PUBLICUM.

1838 667 2016 743 967.

752 821 1039 900 Merces
1075 829 1452 894 oratorum
1491 826 1604 892 est
1653 813 2029 892 drachma.

1833 971 2011 1047 968.

754 1097 1075 1188 Μισθὸς
1113 1096 1488 1175 δικαστοῦ
1528 1094 1985 1198 τριώβολον.
2514 1094 2725 1188 (Vid.
2766 1088 2835 1194 ξ.
2878 1093 3095 1185 558.)

1835 1260 2019 1337 968.

752 1409 1037 1487 Merces
1061 1405 1336 1509 judicis
1374 1412 1489 1484 est
1523 1397 1945 1482 triobolum.

1837 1565 2015 1642 969.

760 1717 1025 1808 Πορε
1050 1719 1082 1784 ῖ
1101 1739 1143 1784 ο
1169 1737 1256 1799 ν,
1315 1704 1404 1783 τὸ
1445 1703 1859 1804 διδόμενον
1898 1715 2055 1792 τοῖς
2096 1708 2589 1818 πρεσβευταῖς
2629 1695 2817 1802 ὑπὲρ
2855 1699 2996 1777 τοῦ
3042 1727 3321 1798 πορευ-

551 1838 788 1930 θῆναι
827 1839 936 1922 εἰς
976 1831 1119 1927 τὴν
1156 1835 1569 1934 πρεσβείαν
1605 1826 1852 1932 ὥσπερ
1891 1829 2233 1928 ἐφόδιον.
2410 1837 2417 1845 ’

2151 1939 2377 2037 (Εθκ.
2416 1940 2725 2040 Seguer.
2766 1935 2840 2042 p'.
2878 1934 3103 2030 296.)

1849 2052 2028 2128 969.

762 2197 1239 2275 Commeatus
1277 2205 1429 2289 est,
1473 2195 1671 2296 quod
1710 2194 1980 2295 legatis
2019 2193 2260 2290 datur,
2300 2189 2503 2294 quod
2542 2185 3322 2290 ad‘legationemvive·

551 2325 742 2418 rint,
781 2316 1162 2423 'tamquam
1203 2320 1577 2398 viaticum.

1851 2429 2030 2504 970.

765 2543 1378 2644 Σιτοδοτοῦνται
1422 2534 1576 2643 ἀπὸ
1615 2597 1756 2645 του
1799 2566 2174 2669 δημοσίου
2214 2568 2285 2641 οἱ
2328 2575 2809 2670 γραμματεῖς.

2528 2674 2737 2770 (Vid.
2779 2669 2847 2775 ξ.
2889 2674 3105 2768 229.)

1843 2784 2023 2862 970.

767 2929 1039 3007 Cibum
1077 2930 1382 3032 capiunt
1419 2956 1460 3007 e
1496 2930 1800 3031 publico
1838 2889 2147 3007 serinac.

1854 3090 2033 3167 971.

775 3238 852 3305 K
867 3235 1290 3329 ηρυκεία
1313 3287 1334 3320 ,
1394 3223 1438 3307 ὁ
1500 3227 1901 3332 διδόμενος
1949 3229 2239 3329 μισθὸς
2279 3243 2433 3317 τοῖς
2480 3228 2805 3330 κήρυξιν
2843 3234 2963 3306 ἐπὶ
3003 3242 3163 3318 ταῖς
3200 3260 3329 3335 γι-

563 3362 916 3457 νομέναις
955 3353 1333 3456 πράσεσιν.
2515 3360 3113 3460 (HarpocratiO.)

1859 3468 2037 3543 971.

777 3609 1049 3687 Munus
1088 3609 1566 3709 praeconium
1595 3602 1721 3687 ‘est
1757 3636 2083 3704 merceS,
2140 3637 2331 3713 quae
2389 3610 2605 3686 datur
2652 3610 3149 3712 praeconibus
3187 3637 3331 3711 pro

567 3763 797 3840 opera
833 3734 912 3810 in
948 3732 1500 3811 venditionibus
1538 3737 1915 3836 praestita.

1857 3900 2034 3975 972.

788 4042 882 4116 Οἶ
920 4037 1497 4141 στρατευόμενοι
1524 4038 1828 4138 μισθόν
1863 4025 2067 4141 παρά
2105 4040 2231 4132 τῆς
2270 4038 2551 4128 πόλεως
2589 4037 3096 4140 λαμβάνουσι.

1298 4166 1637 4262 (Libanii
1679 4166 1987 4268 Argum.
2028 4169 2104 4247 in
2143 4169 2521 4247 Demosth.
2562 4167 2867 4279 Olynthf
2909 4169 2964 4248 Ι.
3004 4169 3119 4266 8.)

1863 4330 2043 4420 972.

785 4472 1190 4551 Militantes
1229 4500 1270 4550 e
1309 4473 1611 4576 publico
1649 4472 2033 4575 accipiunt
2064 4473 2539 4575 stipendium.

1868 4631 2049 4709 973.

795 4774 888 4847 Oi
945 4774 1188 4858 ἱππεῖς
1235 4770 1539 4871 μισθόν
1596 4771 2133 4872 λαμβάνουσιν
2188 4779 2274 4849 ἐν
2326 4770 2418 4870 τῇ
2459 4770 2719 4873 εἰρήνη
2758 4764 2947 4874 ὖπὲρ
2983 4774 3128 4850 τοῦ
3167 4780 3345 4875 τρέ-

577 4927 755 4994 φειν
788 4894 973 4985 τούς
1007 4900 1304 4987 ἵππους.
1335 4936 1340 4948 ·
1429 4900 1717 4995 (schol.
1756 4902 1835 4979 in
1871 4901 2258 4980 Demosth.
2298 4900 2697 4979 Timocrat.
2739 4901 2917 4997 732,
2960 4904 3124 4997 10.)

1871 5064 2049 5141 973.

793 5194 1102 5310 Equites
1137 5206 1344 5312 pacis
1379 5210 1718 5313 tempore
1752 5206 2131 5310 accipiunt
2166 5208 2621 5310 stipendium
2640 5203 2736 5288 ad
2756 5184 3064 5289 alendos
3084 5234 3345 5316 equos.
