3725 5850
1267 235 1298 292 Χ

854 471 1468 526 μοΜΜΕΝΤΛΒιυε
1511 469 1610 520 An
1661 462 1813 518 1356.
1861 465 2015 521 1357.
2066 469 2215 521 1355.
2267 467 2417 520 1359.
2873 445 3029 522 603

253 661 482 764 γάμῳ
521 671 916 738 συνοικεῖν
955 657 1272 734 εἰώθασι
1303 715 1318 745 ,
1371 655 1564 756 μετὰ
1629 653 1772 745 τήν
1831 656 2129 756 πρώτην
2173 670 2437 756 πεῖραν
2476 656 2601 748 τῆς
2642 655 3028 752 ἀθεμίτου

245 791 544 885 μίξεως.
625 788 888 890 (Apud
947 787 1400 878 PhoeniceS‚
1465 788 1584 886 qui
1648 787 2019 864 Libanum
2072 801 2143 862 et
2184 786 2637 887 Heliopolim
2696 785 3030 862 incolunt

252 917 366 992 fas
424 912 736 1014 amplius
793 941 940 990 non
981 914 1120 990 fuit
1157 915 1464 990 scortari
1509 913 1881 1010 virgines,
1945 917 2377 1015 priusquam
2419 914 2597 988 viris
2623 913 3029 1012 jungeren-

255 1055 416 1134 tur3
473 1041 584 1117 his
625 1053 872 1116 autem
907 1037 1240 1136 legitimo
1277 1041 1654 1115 connubio
1695 1053 1875 1116 tunc
1914 1041 2212 1116 demum
2254 1041 2769 1130 sociabantur,
2832 1047 3029 1136 post·

255 1197 484 1270 quam
520 1171 857 1248 illicitum
897 1171 1380 1246 concubitum
1425 1180 1776 1269 expertae
1817 1171 2193 1260 fuissent.)

1413 1377 1564 1461 Ad
1610 1380 1896 1462 1356.

479 1547 982 1624 Plutarch.
1045 1547 1617 1639 Quaestion.
1682 1545 2371 1638 Conviv.1V‚3‚
2422 1546 2505 1618 1:
2566 1543 2903 1645 Sponsus
2940 1541 3035 1616 ad

257 1675 560 1773 nuptias
601 1674 874 1748 multos
913 1684 1171 1765 vocat,
1233 1683 1314 1748 ut
1351 1673 1624 1748 multos
1663 1673 1939 1750 habeat
1978 1673 2315 1750 conscios
2366 1685 2587 1771 atque
2630 1679 2893 1762 testeS,
2949 1667 3035 1742 li-

261 1802 528 1876 berum
569 1825 648 1874 se
689 1797 1000 1874 liberam
1041 1799 1356 1875 duxisse.

1403 1970 1556 2054 Ad
1611 1971 1897 2052 1357.

477 2121 918 2198 ‚Iasensibus
976 2148 1128 2196 non
1185 2119 1462 2196 licebat
1518 2121 1610 2196 ad
1666 2121 1966 2222 nuptias
2007 2121 2321 2196 invitare
2362 2119 2611 2220 plures
2654 2146 2873 2220 quam
2914 2117 3037 2194 de·

260 2275 424 2325 cem
462 2247 662 2322 viros
703 2247 1152 2346 totidemque
1195 2247 1549 2336 feminas,
1611 2272 1850 2344 neque
1906 2250 2327 2346 nuptiarum
2370 2246 2890 2322 solennitatem
2929 2243 3039 2318 ul-

261 2387 373 2448 tra
415 2371 724 2448 biduum
765 2371 1170 2480 extrahere.
1234 2373 1405 2464 (He
1431 2369 1865 2447 raclides
1926 2371 2035 2446 de
2096 2401 2130 2444 1·
2156 2405 2189 2442 ιι
2215 2369 2281 2448 b.
2341 2400 2388 2472 p
2414 2372 2596 2446 ubl.
2658 2372 2824 2462 40.)

1405 2581 1556 2664 Ad
1614 2583 1900 2664 1358.

481 2731 702 2831 Apud
741 2731 1216 2805 Plutarchum
1259 2733 1335 2805 in
1378 2733 1531 2806 vita
1572 2730 1867 2808 Solonis
1910 2736 2113 2832 (cap.
2140 2733 2282 2822 20)
2325 2760 2461 2832 pro
2506 2727 3041 2830 ovyxawxum

266 2861 537 2931 νεσθαι
578 2857 854 2954 legitur
893 2855 1694 2956 συγκαθείργνυσθαι.

1423 3064 1574 3147 Ad
1618 3066 1907 3149 1350.

486 3215 914 3315 „Quidquid
951 3229 1244 3313 praeter
1285 3216 1530 3289 dotem
1592 3214 1844 3287 datum
1888 3214 2109 3288 fuerit
2158 3215 2461 3307 marito,
2522 3216 2772 3291 liberis
2814 3240 2851 3290 e
2892 3240 3042 3289 ma-

263 3343 614 3417 trimonio
653 3317 1258 3440 non'procreatis
1319 3352 1490 3441 post
1549 3340 1797 3415 uxoris
1853 3353 2165 3414 mortem
2224 3343 2517 3441 reposci
2577 3366 2725 3415 non
2778 3347 3045 3439 potest.

263 3475 476 3545 Inter
505 3468 690 3541 haec
731 3491 907 3539 vero
949 3465 1146 3540 dona
1186 3477 1690 3541 memorantur
1729 3464 1823 3538 ab
1868 3466 2285 3540 oratoribus
2328 3466 2760 3568 saepissime
2800 3474 3049 3539 vestes

270 3604 346 3669 et
386 3618 566 3667 vasa
605 3616 868 3683 aurea,
930 3602 1148 3690 atque
1209 3593 1463 3667 Isaeus
1524 3588 1869 3664 benevoli
1922 3592 2149 3667 animi
2190 3592 2695 3665 testimonium
2734 3590 3049 3666 certissi-

269 3746 472 3793 mum
507 3717 680 3793 inde
725 3717 946 3817 petit,
1005 3716 1202 3813 quod
1263 3728 1558 3815 praeter
1618 3716 1870 3791 dotem
1925 3716 2047 3791 illa
2087 3718 2309 3791 etiam
2350 3742 2394 3789 a
2426 3717 2668 3791 mariti
2712 3715 3048 3791 defuncti

268 3845 607 3939 cognatis
667 3842 930 3915 viduae
991 3840 1281 3914 reddita
1339 3841 1632 3916 fuerint.
1712 3840 1923 3933 Quae
1982 3868 2149 3916 cum
2187 3843 2451 3919 eadem
2490 3866 2785 3941 semper
2824 3843 3040 3917 innu-

267 3969 490 4043 meris
532 3978 905 4042 oratorum
945 3967 1126 4043 locis
1163 3978 1574 4042 memorata
1615 3969 2081 4043 inveniamus
2108 4026 2123 4057 ‚
2183 3969 2299 4043 lex
2339 3966 2467 4042 illa
2508 3966 2848 4054 Solonis,
2904 3993 3051 4066 qua

269 4104 602 4186 vetatur,
663 4118 755 4167 ne
803 4093 1040 4167 tribus
1097 4093 1431 4167 vestibus
1491 4104 1562 4167 et
1621 4093 1834 4192 parvi
1897 4094 2112 4193 pretii
2173 4093 2608 4192 supellectili
2652 4094 2819 4192 plus
2858 4118 3051 4168 uxor

270 4220 534 4295 afferat
573 4212 937 4313 (φερνή),
996 4217 1090 4292 ad
1149 4244 1237 4292 ea
1294 4228 1580 4293 tantum
1623 4218 1818 4293 haud
1861 4218 2085 4293 dubie
2130 4229 2239 4293 est
2280 4218 2747 4293 1·eferenda.“
2814 4218 2872 4292 B
2898 4244 2941 4291 u
2968 4245 3043 4292 n-

273 4373 307 4418 s
332 4372 482 4421 en:
544 4344 634 4418 de
664 4346 832 4443 jure
873 4344 1321 4419 hereditario
1364 4342 1929 4419 Atheniensium
1968 4372 2039 4445 p.
2083 4345 2205 4418 43.

491 4470 585 4545 W
611 4496 648 4544 e
675 4480 816 4542 ste
843 4494 1178 4543 rmann
1235 4468 1329 4542 ad
1372 4467 1569 4542 hunc
1612 4468 1989 4544 Plutarchi
2032 4471 2316 4545 locum:
2381 4524 2417 4565 ‚,
2446 4462 2685 4563 φερνή
2749 4470 3049 4569 proprie

275 4596 546 4672 dictum
588 4606 696 4667 est
735 4594 823 4668 de
867 4620 953 4667 eo
995 4594 1190 4693 quod
1249 4622 1435 4671 uxor
1489 4595 1752 4670 marito
1814 4596 2065 4685 affert,
2127 4603 2345 4690 προῖξ
2397 4595 2486 4670 de
2530 4624 2616 4671 eo
2659 4595 2855 4695 quod
2896 4622 3049 4670 ma-

278 4722 416 4797 rito
459 4718 920 4795 afferendum
961 4746 1276 4819 sponsae
1320 4721 1447 4796 dat
1487 4723 1766 4821 pater.“
1844 4718 1990 4795 Sed
2034 4732 2107 4795 et
2145 4716 2438 4817 φερνὴν
2474 4749 2723 4797 nonne
2765 4748 2808 4795 a
2845 4732 3055 4820 patre

281 4847 552 4947 accipit
594 4847 922 4945 sponsa?

495 4972 774 5047 Neuter
813 4995 950 5045 acu
987 4996 1146 5045 rem
1187 4972 1447 5068 tetigit.
1525 4970 1756 5046 Solon
1816 4972 1909 5044 de
1966 4972 2051 5045 iis
2108 4970 2400 5045 filiabus
2442 4972 2902 5047 solummodo
2944 4972 3052 5047 lo-

283 5100 548 5199 quitur,
591 5122 780 5196 quae
823 5124 972 5173 non
1013 5108 1185 5171 sunt
1221 5098 1750 5193 hereditariae3
1808 5123 1901 5173 ne
1944 5100 2291 5174 videlicet
2330 5126 2463 5199 per
2502 5096 3051 5173 matrimonium

281 5225 694 5301 substantia
733 5226 948 5300 unius
986 5224 1281 5324 generis
1332 5225 1404 5298 in
1455 5225 1654 5302 aliud
1711 5227 2220 5300 transferatur.
2304 5226 2415 5301 Ad
2456 5225 2639 5299 filias
2679 5222 3049 5299 heredita·
