3725 5850
681 419 834 500 386
1771 443 1899 497 ms
1928 443 2369 503 Pnrvsson.

1952 635 2177 718 1501.

875 775 1132 856 ‘'Ovav
1167 774 1610 878 ἀμφισβητῇ
1647 808 1758 865 τις
1796 783 1965 878 περὶ
2002 771 2319 856 οἰκέτου
2354 774 2459 871 (ὃς
2500 779 2595 858 οὐ
2635 778 2958 872 δεόντως
2996 788 3451 884 πραθέντος,

678 897 720 981 ὃ
761 903 903 980 τάν
942 910 1252 997 οἰκέτην
1289 905 1774 1000 διακατέχων
1831 910 2331 1010 παραγίνεταῑ
2388 915 2511 985 ἐπὶ
2566 907 2715 986 τὸν
2772 909 3261 1012 πεπρακότα,
3320 916 3456 986 καὶ

678 1029 1102 1136 ἀναγκάζει
1143 1029 1394 1107 αὐτὸν
1431 1035 1950 1108 συνίστασθαι
1988 1027 2135 1122 τήν
2182 1030 2413 1126 δίκην
2451 1032 2639 1133 πρὸς
2654 1033 2841 1124 τούς
2864 1032 3455 1136 ἀμφισβητοῦν-

677 1185 810 1244 τας
837 1181 852 1198 ·
909 1155 1322 1234 καὶτοῦτο
1362 1162 1707 1233 καὶεῖται
1767 1151 1814 1231 ἆ
1840 1153 2127 1261 νάγω
2152 1187 2201 1233 ν
2252 1189 2287 1234 ε
2308 1159 2394 1246 ῖς
2449 1189 2500 1235 π
2522 1190 2565 1261 ρ
2587 1159 2697 1236 άτ
2719 1193 2759 1254 η
2783 1190 2847 1238 ν.

2225 1287 2517 1381 (Lexic.
2558 1288 2864 1389 Seguer.
2906 1319 2978 1394 p.
3022 1291 3241 1384 214.)

1956 1447 2182 1525 1501.

891 1591 1141 1686 Quum
1196 1591 1358 1694 quis
1395 1591 1640 1692 litigat
1675 1591 1768 1667 de
1808 1619 2028 1670 servo
2086 1605 2442 1695 tanquam
2494 1619 2651 1671 non
2708 1593 3060 1672 decenter
3116 1593 3448 1677 vendito,

675 1715 796 1793 ille
837 1719 960 1818 qui
997 1745 1298 1795 servum
1349 1717 1722 1818 possidet,
1784 1719 2034 1819 pergit
2087 1719 2183 1794 ad
2236 1719 2701 1798 venditorem
2740 1732 2816 1797 et
2853 1721 3053 1819 cogit
3092 1747 3263 1797 eum
3302 1719 3449 1795 liti-

675 1868 854 1942 gare
893 1842 1251 1920 adversus
1289 1855 1962 1920 controversantes.
2042 1843 2277 1944 quue
2337 1869 2372 1920 r
2392 1871 2432 1920 e
2457 1843 2505 1920 d
2526 1844 2618 1919 hi
2639 1842 2688 1919 b
2714 1869 2753 1920 e
2775 1871 2812 1920 r
2832 1871 2870 1920 e
2930 1873 2979 1918 v
2999 1871 3039 1920 e
3060 1871 3111 1920 n
3132 1839 3345 1921 dito
3369 1846 3447 1921 ri

677 1979 1008 2044 vocatur.

1952 2077 2175 2154 1502.

890 2215 1561 2322 Δακτυλιογλύφῳ
1591 2214 1699 2316 μή
1741 2225 2019 2310 ἐξεῖναι
2060 2218 2447 2324 σφραγῖδα
2484 2217 2904 2318 φυλάττειν
2931 2217 3075 2298 τοῦ
3098 2227 3449 2321 πραθέν-

675 2372 802 2430 τος
842 2341 1292 2421 δακτυλῖου.
1765 2345 2121 2446 (Diogen.
2162 2349 2403 2427 Lrert.
2444 2351 2503 2446 Ι,
2546 2351 2667 2424 57.
2708 2349 3011 2428 Solonis
3046 2351 3235 2443 lex.)

1964 2509 2187 2584 1502.

888 2647 1003 2728 Ne
1060 2651 1282 2726 liceat
1333 2651 1661 2730 anulario
1738 2675 2038 2728 seware
2120 2681 2555 2756 expressum
2632 2654 2955 2755 sigillum
3012 2657 3171 2760 ejus
3229 2685 3456 2759 quem

677 2777 1010 2854 vendidit
1059 2777 1277 2854 anuli.

1850 3028 2291 3132 Τμῆμαβῖ

1507 3196 1806 3290 Περὶ
1919 3192 2642 3295 δανεισμοῦ.

1878 3503 2128 3582 Sectio
2184 3506 2254 3582 2.

1713 3662 1865 3740 De
1974 3678 2395 3743 mutuo.

1953 3881 2181 3959 1503.

889 4013 1106 4117 Πρὸς
1141 4013 1230 4093 τὸ
1269 4014 1548 4099 λοιπὸν
1583 4024 1712 4095 ἐπὶ
1745 4030 1911 4109 τοῖς
1952 4018 2247 4123 σώμασι
2275 4020 2569 4121 μηδένα
2606 4021 3007 4117 δανείζειν.

1753 4150 2175 4243 (Plutarch.
2215 4150 2466 4229 Solon.
2514 4154 2631 4229 15.
2674 4154 2834 4231 Lex
2874 4152 3233 4245 Solonis.)

1940 4308 2169 4390 1503.

886 4452 999 4530 Ne
1039 4454 1200 4553 quis
1238 4454 1577 4531 foeneret
1614 4453 1975 4559 deinceps
2011 4456 2089 4533 in
2128 4480 2423 4561 corpu&

1938 4618 2170 4697 1504.

889 4752 998 4831 Τὸ
1037 4752 1409 4864 ἀργύριον
1445 4755 1855 4861 στάσιμιον
1890 4757 2086 4837 εἶνιν
2115 4819 2135 4851 ,
2195 4766 2319 4857 ἐφ’
2358 4753 2623 4861 ὁπόσῳ
2663 4756 2767 4838 ὂῖν
2798 4757 3176 4863 βούληται
3218 4756 3263 4843 ὁ
3307 4764 3451 4842 δα-

669 4882 961 4973 νείζων.
1323 4890 1630 4991 (Lysias
1668 4916 1728 4968 c.
1767 4886 2257 4968 Theomnest.
2299 4893 2353 4969 Ι.
2396 4886 2464 4991 §.
2514 4892 2630 4967 18.
2671 4891 2831 4969 Lex
2869 4892 3229 4989 Solonis.)

1948 5052 2176 5131 1504.

878 5190 1297 5290 Argentum
1335 5195 1642 5274 foenore
1681 5198 2093 5279 collocetur
2116 5227 2207 5277 eo
2226 5198 2451 5279 modo
2474 5227 2621 5301 quo
2644 5200 3073 5280 foenerator
3102 5201 3443 5280 voluerit..
