3725 5850
715 413 870 491 388
1799 437 1925 487 ms
1962 435 2403 491 vaA'rtJM.

1996 626 2221 706 1510.

924 774 1188 852 Testes
1225 774 1545 852 adeunto
1584 800 1813 874 quum
1851 775 2018 875 quis
2056 774 2272 850 alteri
2310 786 2567 852 mutuo
2604 771 2731 852 dat
2769 774 3189 876 pecuniam.

1981 955 2212 1030 1511.

908 1091 1161 1172 ’Ὁταν
1218 1093 1698 1173 ἀποδιδῶσιν
1754 1099 1826 1172 οἱ
1887 1094 2474 1193 δανεισάμενοι,
2554 1091 2889 1180 πολλοὺς
2966 1097 3491 1191 παρίστασθαι

698 1220 1129 1321 μάρτυρας,
1185 1226 1289 1297 ἵν’
1329 1228 1680 1308 ἐπιεικεῖς
1726 1219 2067 1296 δοκῶσιν
2106 1216 2303 1295 εἶναι
2344 1225 2511 1318 περὶ
2550 1217 2643 1293 τά
2690 1218 3149 1320 συμβόλαια.

1725 1348 2157 1443 (Demosth.
2198 1347 2365 1426 adv.
2406 1348 2702 1423 Phorm.
2750 1348 2904 1422 915
2942 1349 3020 1424 in
3060 1351 3273 1442 fine.)

1993 1510 2222 1586 1511.

920 1653 1169 1747 Quum
1206 1652 1581 1730 debitores
1619 1666 1961 1730 mutuum
1998 1651 2361 1749 reddunt,
2420 1654 2694 1730 multos
2752 1652 3157 1730 adhibeant
3214 1665 3489 1750 testea,

703 1791 786 1854 ut
819 1779 998 1856 boni
1037 1780 1174 1855 viri
1214 1805 1375 1856 esse
1413 1781 1491 1854 in
1529 1778 1999 1882 praestandis
2038 1780 2275 1879 pactis
2316 1778 2734 1855 videantur.

1996 1961 2221 2039 1512.

901 2097 1162 2177 ’Ὀπλα
1200 2108 1521 2202 ἐνέχυρα
1551 2099 1661 2200 μὴ
1705 2109 2041 2178 τιθέναι.

1753 2267 1760 2277 ·
1837 2229 2131 2324 (Schol.
2170 2231 2248 2306 in
2288 2228 2764 2332 Aristophan.
2807 2229 3001 2307 Plut.
3047 2232 3266 2335 451.)

1989 2396 2025 2468 1
2042 2395 2217 2472 512.

919 2535 1146 2614 Arma
1183 2559 1276 2613 ne
1315 2536 1868 2637 oppignerentu
1876 2565 1930 2613 r.

1990 2684 2023 2756 1
2040 2684 2131 2758 51
2146 2683 2215 2760 3.

921 2822 1266 2914 Ναυτικὴ
1310 2823 1709 2930 συγγραφή
1749 2831 1907 2901 ἐστι
1964 2821 2345 2901 ναυτικὸν
2402 2823 2775 2927 δάνεισμα
2798 2883 2819 2916 ,
2878 2817 2928 2902 ὃ
2984 2828 3315 2903 ποιεῖταί
3378 2855 3491 2910 τις

702 2950 822 3019 ἐπὶ
862 2938 1240 3046 ὑποθήκῃ
1278 2950 1408 3041 τῆς
1449 2949 1638 3037 νεώς
1657 3010 1680 3041 ,
1737 2948 1881 3027 ἐὰν
1919 2944 2070 3051 ἄρα
2108 2957 2435 3043 σωθείη·
2490 2957 2565 3028 εἰ
2599 2951 2679 3029 δὲ
2706 2950 2845 3051 μὴ,
2904 2947 3337 3032 ἀπόλλυται
3378 2948 3491 3049 τῷ

705 3069 1057 3172 δανειστῇ
1096 3081 1234 3150 καί
1271 3072 1360 3151 τὸ
1398 3075 1857 3171 κεφάλαιον.
1975 3080 2357 3173 (Bekkem
2391 3079 2669 3159 Anecd.
2688 3108 2800 3181 gr.
2830 3086 2885 3159 Ι.
2927 3110 2999 3185 p.
3041 3082 3263 3172 283.)

1983 3261 2211 3336 1513.

917 3401 988 3479 N
992 3404 1234 3479 autioa
1270 3404 1706 3504 syngrapha
1743 3415 1860 3479 est
1897 3415 2360 3503 contractuS,
2400 3432 2549 3505 quo
2584 3404 2905 3507 pecunia
2942 3404 3253 3482 foenore
3299 3430 3492 3481 nau-

701 3526 849 3601 tico
905 3528 1308 3604 collocatur
1363 3531 1440 3604 in
1499 3556 1808 3624 navem,
1868 3556 2057 3630 quae
2110 3556 2247 3633 pro
2287 3532 2600 3632 pignore
2642 3543 2792 3627 est,
2850 3531 2910 3606 si
2950 3531 3235 3607 scilieet
3273 3530 3488 3606 ineo-

702 3653 920 3728 lumis
958 3654 1298 3753 redierit;
1353 3656 1470 3731 sin
1507 3654 1830 3733 creditor
1867 3654 2116 3755 perdit
2153 3657 2377 3736 etiam
2415 3684 2781 3743 summam
2818 3657 3199 3757 pecuniae.

1981 3839 2209 3915 1514.

923 3972 1086 4066 Τὴν
1124 3973 1579 4081 συγγραφὴν
1621 3983 1909 4054 θέσθαι
1948 3975 2150 4078 παρὰ
2192 3985 2597 4076 τραπεζίτῃ
2637 3972 2687 4071 ἢ
2723 3970 2937 4078 ἄλλῳ
2974 3982 3152 4056 τινί.

918 4107 1342 4198 (Demosth.
1383 4105 1545 4182 adv,
1587 4108 2008 4188 Phormion.
2052 4109 2232 4183 908.
2271 4108 2481 4186 Idem
2516 4107 2681 4188 adv.
2723 4108 2997 4189 Laorit.
3040 4107 3263 4199 927.)

1980 4288 2211 4366 1514.

917 4428 1358 4509 Contractus
1414 4432 1753 4509 nauticus
1811 4428 2232 4534 deponatur
2286 4430 2487 4534 apud
2536 4430 3051 4534 argentarium
3090 4431 3212 4508 vel
3249 4430 3495 4509 alium

703 4575 942 4657 quem.
1980 4646 2187 4743 1515

898 4795 1102 4881 ‘'Ooa
1130 4808 1278 4905 μὲν
1316 4802 1943 4909 ἀμφισβητήσιμά
1979 4814 2130 4884 ἐστι
2172 4806 2329 4885 τῶν
2367 4810 2904 4909 συμβολαίων,
2960 4806 3280 4907 κρίσεως
3323 4804 3493 4883 δεῖ-

700 4953 820 5005 ται
843 4986 865 5019 ,
922 4928 1016 5005 τὰ
1057 4929 1134 5007 δὲ
1175 4941 1346 5031 παρ’
1385 4931 1840 5034 ἀμφοτέρων
1879 4928 2472 5039 ὁμολογηθέντα
2510 4933 2665 5010 τῶν
2702 4939 3277 5033 συντιθεμένων
3338 4938 3489 5009 καὶ

701 5062 865 5155 περὶ
906 5045 1014 5132 ὦν
1055 5065 1494 5162 συγγραφαὶ
1534 5050 1830 5137 κεῖνται
1870 5065 2283 5152 ναυτικαί,
2332 5061 2686 5162 χρῆσθαι
2746 5057 3107 5162 προσῆκει
3146 5068 3309 5147 τοῖς
3352 5090 3489 5166 γε·

699 5188 1180 5285 γραμμὲνοῑς·
2046 5191 2471 5287 (Demosth.
2515 5190 2675 5269 adv,
2719 5190 2989 5269 Lacrit.
3034 5190 3255 5281 932.)
