3725 5850
669 409 826 500 5²86
1382 428 1997 500 coMMsNTAnms
2038 443 2143 495 An
2184 440 2344 495 118⁴.
2386 437 2544 498 1185.
2594 437 2751 497 uss.

663 639 813 716 r‘em
856 623 1615 717 Lacedaemoniorum
1656 637 2072 730 civitatem,
2134 661 2327 736 quae
2375 635 2553 713 solis
2588 635 3101 713 meretricibus
3138 635 3439 713 floridas

663 775 904 843 vestes
943 776 1017 842 et
1052 791 1356 841 aureum
1415 775 1762 843 ornatum
1817 774 2113 860 gestare
2172 763 2545 864 permisit,
2603 787 2648 838 a
2701 761 2955 862 probis
3014 757 3445 837 mulieribus

661 890 916 967 mundi
973 890 1302 968 studium
1359 891 1748 984 auferens,
1810 887 2012 987 quod
2073 886 2250 964 solis
2291 887 2806 964 meretricibus
2844 911 2921 963 se
2959 911 3229 964 ornare
3272 912 3441 962 con·

663 1013 1038 1110 cederet.)

873 1141 1352 1217 Zaleucus
1412 1141 1670 1218 Locris
1721 1140 1916 1215 hanc
1955 1141 2198 1237 legem
2236 1140 2569 1240 scripsit:
2632 1138 2898 1214 Mulier
2935 1149 3149 1216 extra
3186 1137 3439 1214 urbem

663 1276 888 1341 noctu
924 1265 1194 1366 pedem
1217 1291 1310 1341 ne
1335 1268 1619 1360 efferte,
1649 1264 1790 1340 nisi
1831 1289 2060 1363 quum
2100 1265 2491 1339 moechum
2533 1264 2721 1339 forte
2764 1262 3069 1339 accedit.
3114 1262 3447 1339 Aureum

662 1401 1005 1466 ornatum
1047 1401 1121 1466 et
1158 1391 1596 1467 intertextas
1636 1415 1819 1465 auro
1859 1400 2105 1464 vestes
2144 1413 2239 1464 ne
2280 1386 2753 1482 circumdatO,
2792 1388 2935 1464 nisi
2976 1389 3443 1463 meretricem

661 1539 886 1615 agere
927 1515 1129 1592 velit.
1207 1515 1348 1592 Vir
1406 1503 1767 1592 annulum
1825 1515 2274 1590 subaureum
2323 1525 2452 1590 aut
2490 1523 2774 1590 vestem
2812 1511 3145 1589 Milesiae
3186 1536 3443 1613 parem

661 1665 756 1715 ne
795 1651 1110 1741 gestato,
1151 1641 1294 1716 nisi
1334 1642 1458 1740 qui
1495 1642 1942 1718 scortatione
1985 1639 2099 1714 vel
2140 1639 2498 1715 adulterio
2540 1665 2621 1715 se
2662 1640 3143 1716 contaminat.
3184 1640 3300 1731 (D
3324 1638 3344 1710 i
3370 1637 3441 1711 o-

660 1765 1187 1843 dor.Sicul.
1229 1763 1613 1858 X11,21.)
3248 1845 3255 1852 ,

705 1899 714 1908 ’
877 1890 1099 1994 Apud
1139 1888 1579 1991 Syracusios
1619 1887 1863 1986 legem
1906 1915 2066 1966 esse
2109 1889 2286 1966 dicit
2315 1883 2803 1990 Phylarchus,
2842 1899 3029 1963 teste
3054 1883 3439 1966 Athenaeo

551 2115 560 2122 ·
661 2017 874 2113 (XII,
901 2017 1146 2113 5213,
1170 2043 1317 2118 qua
1339 2027 1692 2093 caveatur
1713 2043 1806 2091 ne
1829 2040 2011 2092 auro
2033 2041 2195 2092 sese
2216 2027 2485 2092 ornent
2518 2015 2891 2109 mulieres,
2914 2038 3104 2090 neve
3134 2013 3439 2091 floridas

659 2147 958 2244 gestent
995 2153 1242 2220 vestes
1283 2153 1409 2218 aut
1447 2167 1774 2244 purpura
1815 2153 2281 2244 praetextas,
2326 2141 2466 2216 nisi
2505 2165 2695 2240 quae
2735 2166 2813 2216 se
2852 2139 3239 2240 publicum
3276 2163 3439 2216 esse

661 2267 1159 2370 prostibulum
1219 2270 1693 2370 profiteatur:
1754 2291 2063 2366 esseque
2122 2267 2343 2344 aliam
2379 2266 2666 2364 legem,
2725 2289 2918 2366 quae
2959 2275 3161 2340 vetet
3202 2265 3439 2341 virum

661 2393 1049 2468 lenociniis
1070 2393 1353 2469 formae
1394 2393 1691 2468 studere
1731 2401 1859 2469 aut
1897 2393 2342 2468 vestimento
2379 2393 2486 2467 uti
2524 2390 2999 2489 exquisitiore
3042 2401 3118 2468 et
3156 2415 3202 2466 a
3240 2415 3437 2467 com-

661 2519 862 2593 muni
911 2541 1050 2592 usu
1089 2501 1538 2596 abhorrente
1561 2577 1577 2610 ,
1639 2517 1776 2592 nisi
1836 2518 1959 2617 qui
2003 2515 2427 2594 adulterum
2466 2543 2547 2592 se
2585 2527 2715 2592 aut
2752 2513 3050 2592 mollem
3088 2517 3436 2618 profitea-

660 2647 828 2752 tur?
875 2641 1054 2717 item
1095 2653 1395 2718 cautum
1435 2667 1635 2736 esse,
1692 2641 2023 2740 ingenua
2058 2640 2331 2718 mulier
2368 2667 2463 2717 ne
2502 2652 2671 2743 post
2707 2665 3053 2718 occasum
3090 2641 3271 2718 solis
3310 2639 3439 2715 do-

661 2793 784 2882 mo
823 2779 1081 2862 exeat,
1137 2767 1276 2842 nisi
1314 2766 1758 2843 adulterium
1799 2764 2230 2842 admissura.

1831 2976 1985 3061 Ad
2020 2976 2287 3061 118⁵.

875 3146 1270 3222 Rationem
1325 3142 1548 3245 hujus
1604 3144 1791 3245 legis
1847 3143 1981 3221 dat
2018 3154 2270 3220 orator
2308 3140 2605 3220 dicens:
2665 3142 2759 3220 ab
2798 3140 3165 3243 ejusmodi·
3200 3140 3441 3217 homi·

660 3271 881 3347 nibus
918 3296 1070 3349 non
1107 3256 1347 3346 solum
1387 3294 1554 3364 eos,
1613 3269 1740 3369 qui
1798 3270 1875 3342 in
1934 3268 2103 3345 illos
2157 3266 2587 3362 inciderint,
2644 3267 2775 3343 sed
2814 3280 3223 3343 mercatum
3261 3290 3443 3365 quo-

660 3422 804 3498 que
843 3396 1161 3473 civitatis
1207 3394 1696 3470 communiter
1753 3393 1969 3469 laedi
2044 3392 2511 3469 Commercia
2544 3394 2747 3468 enim
2784 3389 3113 3494 pendent
3150 3416 3309 3467 non
3348 3388 3439 3467 de

662 3522 1195 3623 accipientibus
1235 3530 1610 3615 mutuum,
1669 3520 1800 3596 sed
1842 3519 1933 3595 de
1975 3508 2368 3613 dantibuS,
2418 3530 2493 3594 et
2528 3542 2667 3593 nec
2706 3517 2917 3593 navis
2956 3540 3093 3592 nec
3129 3517 3437 3591 navicu-

657 3646 884 3723 larius
941 3674 1080 3723 nec
1135 3657 1393 3721 vector
1450 3644 1765 3745 provehi
1823 3656 2111 3746 potest,
2168 3646 2228 3719 si
2280 3657 2539 3720 mutuo
2578 3642 2911 3721 dantium
2950 3642 3441 3719 ministerium

660 3772 1034 3852 sublatum
1073 3771 1316 3849 fuerit.

1817 3872 1971 3959 Aa
2024 3876 2293 3961 uss.

877 4040 1369 4119 Athenienses
1419 4040 1614 4115 inter
1669 4063 1949 4116 annum
2008 4040 2183 4115 307.
2222 4050 2297 4117 et
2334 4040 2510 4116 200.
2554 4066 2616 4117 a.
2658 4039 2793 4117 ch.
2835 4030 3215 4117 ‘decretum
3254 4038 3439 4115 tule-

660 4175 875 4261 runt,
933 4176 1053 4259 ut,
1111 4165 1236 4264 qui
1295 4192 1450 4241 non
1509 4164 1986 4243 vendiderint
2042 4162 2446 4243 secundum
2502 4166 2997 4268 praescriptas
3055 4189 3438 4240 mensuras

664 4290 875 4383 (vide
911 4289 1325 4366 Comment.
1387 4291 1480 4367 ad
1530 4290 1794 4384 312),
1855 4317 2112 4368 eorum
2170 4316 2351 4368 vasa
2405 4292 3095 4390 confringerentur,
3152 4312 3439 4365 merces

665 4438 842 4491 vero
879 4412 1463 4515 publicarentur.
1509 4417 1876 4510 (Boeck
1904 4418 2041 4494 hii
2080 4414 2358 4519 Corp.
2398 4416 2855 4518 inscript
2896 4442 3022 4518 gr.
3064 4412 3439 4505 Nr.123.)

878 4556 1305 4635 Secundum
1349 4557 1681 4635 Platonis
1719 4558 1966 4660 Leges
2024 4554 2247 4657 (917,
2290 4557 2598 4656 O--D),
2660 4560 2994 4637 vendens
3054 4554 3330 4659 aliquid
3365 4558 3439 4631 in

663 4682 829 4760 foro
885 4708 979 4758 ne
1035 4706 1360 4784 unquam
1417 4683 1565 4761 duo
1621 4687 1867 4787 pretia
1918 4685 2113 4763 dicat
2164 4712 2452 4779 eorum,
2513 4712 2703 4785 quae
2742 4683 3037 4778 vendit,
3095 4682 3227 4760 sed
3266 4684 3433 4759 sim-

663 4804 852 4909 plice
893 4806 1131 4901 dicto,
1172 4807 1232 4882 si
1270 4834 1422 4883 non
1464 4808 1786 4905 obtinet,
1828 4808 2149 4905 auferat,
2193 4836 2431 4910 neque
2474 4808 2561 4887 eo
2600 4809 2716 4885 die
2754 4810 2991 4911 majus
3032 4812 3160 4884 aut
3194 4808 3435 4884 minus

663 4936 980 5033 pretium
1035 4934 1453 5009 constituat.
1541 4932 1902 5012 Laudatio
1960 4934 2207 5013 autem
2240 4932 2339 5045 ‚bt
2384 4933 2903 5037 jusjurandum
2964 4935 3040 5010 in
3100 4937 3301 5011 omni
3356 4936 3430 5009 re

661 5060 1060 5137 vendenda
1099 5058 1386 5136 abesto:
1456 5058 1532 5137 Si
1574 5064 1736 5163 quis
1778 5058 2026 5171 autem
2067 5062 2178 5138 his
2216 5088 2369 5139 non
2412 5062 2703 5160 obedit,
2746 5062 3170 5164 quicunque
3210 5064 3431 5143 inter-

660 5178 866 5259 v'enit
904 5186 1216 5281 civium,
1277 5189 1402 5286 qui
1449 5182 1610 5263 'non
1672 5184 1937 5263 minus
1969 5186 2279 5287 triginta
2334 5184 2551 5263 annis
2606 5186 3003 5285 situatas,
3048 5188 3427 5289 jurantem
