3725 5850
1436 452 1537 503 DE
1574 452 1879 507 DAMNO.
2892 410 3044 506 399

1555 646 1784 724 1556.

470 796 644 869 Ka&
702 794 981 889 ἐκείνῳ
1041 783 1270 877 δίκην
1322 782 1614 886 βλάβης
1671 792 1983 883 λαχεῖν,
2062 778 2146 873 ὃς
2204 782 2308 863 (ἲν
2363 784 3044 889 ψευδομαρτυριῶν

252 910 668 996 ὖπόδικόν
704 948 877 997 τινα
916 912 1183 1010 ποιήσῃ
1222 910 1423 987 κατά
1466 942 1672 1003 τινος
1713 910 1808 991 οὐ
1852 914 2270 1012 προσῆκον.

1424 1043 1849 1135 (Demosth.
1891 1044 2058 1120 πᾶν.
2099 1042 2395 1144 Aphob.
2435 1044 2569 1139 III,
2609 1044 2830 1135 849.)

1545 1204 1769 1280 1556.

473 1352 709 1431 Actio
745 1352 998 1430 damni
1037 1350 1260 1427 etiam
1298 1359 1557 1424 contra
1595 1375 1765 1425 eum
1820 1348 2246 1426 instituatur
2268 1409 2286 1445 ,
2348 1350 2475 1450 qui
2512 1351 2590 1426 in
2628 1376 2851 1426 causa
2889 1351 3038 1426 fue-

256 1481 347 1556 rit
368 1540 386 1577 ,
446 1491 537 1557 ut
579 1481 849 1580 aliquis
889 1477 1081 1555 falso
1120 1474 1297 1552 dicti
1333 1474 1411 1551 in
1448 1474 1773 1573 aliquem
1810 1475 2217 1553 testimonii
2256 1501 2425 1551 reus
2465 1478 2613 1553 fiat.

1554 1634 1778 1709 1557.

482 1775 814 1854 Τούτων
870 1772 1067 1851 εἶναι
1126 1773 1349 1861 δίκας
1407 1770 1894 1871 προσήκει
1943 1774 2599 1872 μεταλλικάς.
2687 1774 2879 1853 Ἐάν
2936 1811 3043 1865 τις

262 1905 559 2001 ἐξείλλῃ
624 1900 798 1979 τινὰ
856 1901 985 1993 τῆς
1042 1904 1396 2006 ἐργασίας
1420 1958 1439 1989 ,
1498 1891 1890 1977 ὑπόδικον
1947 1906 2360 1991 ποιεῖσθαι.
2456 1897 2633 1977 Κᾶν
2687 1898 2878 1979 ἄλλο
2937 1935 3044 1990 τις

265 2024 504 2125 ἀδικῇ
542 2059 621 2104 τι
662 2035 826 2127 περὶ
863 2024 956 2105 τά
988 2031 1371 2125 μέταλλα,
1431 2028 1569 2101 καὶ
1628 2024 1932 2103 τούτων
1987 2030 2132 2132 εἰσρ
2185 2024 2443 2101 δίκαι·
2501 2022 2606 2103 ἂν
2642 2032 2846 2125 τυφῇ
2887 2061 3040 2119 τις,

264 2147 364 2228 ὅῖν
401 2150 617 2229 ὅπλα
654 2159 969 2252 ἐπιφέρῃ
991 2212 1012 2243 ,
1074 2148 1177 2227 ἂν
1214 2157 1775 2249 ἐπικατατέμνῃ
1813 2149 1971 2226 τῶν
2000 2158 2298 2251 μέτρων
2335 2150 2568 2239 ἐντός.

1186 2281 1613 2375 (Demosth.
1654 2280 1820 2355 adv,
1861 2280 2297 2357 Pantaenet.
2341 2282 2828 2377 976—977.)

1552 2445 1780 2521 1557.

478 2591 627 2667 His
663 2593 741 2667 in
778 2587 999 2666 rebus
1038 2588 1613 2665 metallicae
1670 2587 2128 2665 actiones
2167 2588 2454 2664 dandae
2494 2599 2686 2665 sunt.
2761 2589 2839 2665 Si
2879 2592 3040 2689 quis

270 2714 603 2815 aliquem
638 2716 933 2818 repellit
971 2740 1063 2790 ex
1104 2714 1439 2809 officina,
1498 2714 1559 2789 is
1616 2715 1747 2788 fiat
1794 2712 2182 2789 obnoxius.
2261 2712 2338 2789 Si
2379 2715 2542 2812 quis
2579 2716 2799 2791 etiam
2839 2716 3039 2791 aliud

272 2838 443 2937 quid
498 2840 581 2915 in
636 2840 955 2915 metallis
1012 2839 1367 2915 damnum
1422 2836 1748 2933 dederit,
1810 2864 2064 2914 earum
2122 2862 2414 2938 quoque
2474 2866 2711 2915 rerum
2771 2841 3042 2916 dantur

273 2965 643 3042 actiones:
702 2967 763 3041 si
818 2967 983 3065 quis
1040 2962 1548 3058 succenderit,
1608 2961 1691 3037 si'
1727 2989 1934 3038 arma
1988 2963 2359 3058 intulerit,
2419 2964 2479 3038 si
2537 2966 2722 3041 citra
2771 2965 3038 3040 limites

272 3092 608 3168 secuerit.

1553 3198 1778 3273 1558.

485 3334 713 3413 Κύνα
752 3334 1097 3413 δακόντα
1138 3333 1618 3437 παραδοῦναι
1658 3332 1907 3438 κλοιῷ
1946 3333 2288 3436 τριπήχει
2329 3335 2751 3438 δεδεμένον.

1058 3465 1393 3560 (Solonis
1432 3466 1551 3542 lex
1592 3465 1790 3569 apud
1832 3465 2206 3542 Plutarch.
2247 3467 2323 3542 in
2362 3467 2615 3546 Solon.
2659 3471 2824 3562 24.)
2962 3511 2970 3517 ·

1551 3630 1777 3705 1558.

482 3773 753 3871 Oanis,
812 3776 935 3875 qui
975 3773 1494 3871 momorderit,
1554 3775 1890 3851 tradatur
1947 3775 2254 3876 alligata
2309 3777 2375 3852 ei
2432 3776 2754 3852 numella
2815 3779 3034 3853 trium

276 3899 711 3980 cubitorum.

1552 4009 1774 4086 1559.

480 4149 591 4224 Εἴ
618 4179 727 4236 τις
765 4146 979 4237 ἐντὸς
1018 4149 1167 4226 τοῦ
1206 4149 1709 4254 Πελασγικοῦ
1752 4153 1987 4249 κείρει
2031 4144 2077 4242 ἢ
2112 4145 2316 4224 κατὰ
2359 4155 2591 4226 πλέον
2628 4146 3030 4249 &gomma-e,

278 4267 360 4344 τὸ
395 4279 681 4373 τίμημα
719 4287 913 4374 τρεῖς
953 4275 1325 4375 δραχμαὶ,
1386 4282 1525 4351 καὶ
1566 4269 1877 4351 ἁπλοῦν
1911 4273 2001 4351 τὸ
2041 4273 2354 4376 βλάβος.

2005 4405 2314 4498 (Pollux
2351 4405 2561 4503 VIII,
2606 4403 2749 4477 101
2784 4407 2819 4496 )

1546 4514 1775 4590 1559.

481 4653 561 4731 Si
601 4655 765 4754 quis
801 4656 995 4733 inter
1031 4655 1500 4758 Pelasgicum
1540 4663 1853 4733 meteret
1893 4667 2019 4732 aut
2043 4656 2364 4750 ,ulterius
2415 4657 2736 4752 foderet,
2795 4659 3034 4733 solvat

284 4783 421 4854 tres
458 4782 845 4857 drachmas
870 4841 887 4876 ,
946 4793 1020 4857 et
1058 4783 1373 4883 simplex
1414 4783 1789 4858 damnum.

1434 5043 1860 5053 ψ
