3725 5850
972 441 1594 501 confflem-Aulus
1627 448 1736 498 An
1775 440 1905 500 848.
1942 439 2068 502 850.
2106 440 2233 501 859.
2271 440 2399 501 880.
2900 416 3053 501 525

255 662 478 714 nere.
562 638 1106 732 (Plutarch.
1162 636 1852 739 apophthegm.
1910 639 2225 717 lacon.
2282 667 2353 740 p.
2406 639 2582 716 217.
2644 636 3051 716 Alexan-

251 762 514 841 drid.
573 766 687 855 6.)
1452 863 1604 946 M
1651 866 1853 947 m

491 1030 996 1133 Areopagitae
1033 1031 1261 1131 igitur
1285 1030 1728 1133 judicabant
1763 1033 2077 1134 singulis
2118 1030 2497 1111 mensibus
2534 1046 2839 1135 quarto,
2900 1046 3047 1113 ter·

252 1156 374 1231 tio
416 1167 496 1232 et
530 1157 770 1257 pridie
811 1156 1350 1252 Kalendarum,
1391 1158 1466 1235 id
1507 1170 1621 1234 est
1658 1160 2022 1257 vigesimo
2060 1159 2401 1261 septimO,
2444 1172 2711 1236 octavo
2753 1172 2828 1236 et
2848 1188 3051 1238 nono

255 1282 551 1359 mensis
591 1282 729 1360 die.

1451 1387 1603 1470 Ad
1641 1390 1875 1474 850.

377 1614 384 1621 .
485 1550 1022 1652 Scirophorion
1077 1554 1380 1630 ultimus
1435 1554 1574 1630 fuit
1629 1555 1808 1629 anni
1863 1552 2181 1649 mensis3
2254 1555 2317 1629 si
2385 1554 2617 1653 igitur
2671 1555 2835 1654 quis
2910 1553 3049 1631 hoc

258 1703 528 1753 mense
565 1677 932 1753 actionem
971 1677 1362 1755 detulisset
1414 1678 1509 1755 ad
1565 1679 2087 1777 magistratum
2110 1737 2129 1773 ,
2188 1679 2249 1753 is
2287 1704 2441 1756 non
2482 1680 2847 1778 potuisset
2882 1692 3053 1781 post

256 1803 582 1903 triginta
615 1800 812 1898 dies,
853 1803 1264 1879 secundum
1300 1805 1850 1905 praescriptum
1886 1804 2109 1901 legis,
2148 1804 2521 1880 actionem
2556 1804 2653 1883 ad
2679 1804 3051 1905 judicium

258 1926 744 2005 introducere
771 1985 790 2021 ,
830 1928 1002 2027 quia
1041 1942 1198 2005 tum
1228 1930 1390 2029 jam
1427 1930 1608 2005 novi
1645 1928 2159 2027 fungebantur
2196 1928 2689 2029 magistratus.

1451 2138 1603 2221 Ad
1642 2140 1875 2221 858.

489 2282 886 2363 Lucian.
947 2286 1732 2385 Pseudologista
1791 2286 1931 2361 12:
1990 2288 2239 2380 Quum
2290 2312 2531 2385 neque
2572 2286 3045 2386 magistratus

264 2408 385 2483 sui
427 2409 718 2508 copiam
777 2411 1096 2507 faciunt,
1158 2437 1398 2510 neque
1456 2436 1723 2487 causae
1767 2410 2089 2510 judicari
2146 2427 2499 2513 possunt,
2556 2437 2799 2513 neque
2836 2438 3049 2489 sacra

265 2546 772 2635 peraguntur,
822 2561 1062 2635 neque
1100 2536 1404 2613 omnino
1443 2560 1698 2611 earum
1735 2561 2025 2629 rerum,
2082 2561 2267 2636 quas
2306 2535 2592 2612 faustas
2631 2560 2795 2615 esse
2835 2538 3043 2614 volu-

265 2687 474 2756 mus,
515 2660 908 2760 quicquam
947 2660 1368 2760 peragitur,
1423 2660 1554 2737 illa
1589 2659 1748 2737 dies
1785 2658 2187 2761 Apophras
2228 2660 2599 2753 (nefasta)
2638 2676 2773 2737 est.

487 2784 540 2861 S
565 2786 723 2862 uid
746 2812 886 2861 as:
935 2779 1426 2879 Ἀποφράδες
1467 2776 1943 2880 hyenae-sunt
1982 2786 2178 2877 dies,
2220 2785 2487 2885 quibus
2526 2784 2896 2862 defunctis
2934 2788 3042 2862 in-

265 2910 498 2988 feriae
535 2912 766 3008 fiunt-3
823 2911 938 2988 vel
977 2910 1134 2987 dies
1172 2909 1616 3014 inauspicati
1655 2905 1885 3007 (πρὸς
1916 2905 2221 3006 πράξεις
2260 2903 2831 3003 ἀνεπιτήδειοι).

483 3037 794 3114 Romani
834 3063 1128 3138 quoque
1167 3037 1590 3113 habuerunt
1625 3065 1798 3114 suos
1835 3036 1995 3113 dies
2033 3038 2265 3113 fastos
2313 3048 2388 3112 et
2442 3038 2789 3114 nefastos.
2868 3036 3045 3112 Dies

271 3161 470 3256 fasti,
512 3162 689 3238 dicit
727 3164 972 3241 Varro
1013 3162 1139 3257 (L.
1170 3164 1252 3238 L.
1295 3165 1367 3258 6,
1408 3162 1576 3256 29),
1617 3189 1754 3264 per
1793 3189 1981 3262 quos
2019 3161 2486 3263 praetoribus
2524 3163 2777 3240 omnia
2812 3163 3047 3238 verba

266 3290 426 3365 sine
467 3289 764 3388 piaculo
802 3289 979 3362 licet
1014 3287 1196 3384 fari3
1253 3289 1606 3364 contrarii
1642 3287 1907 3364 horum
1946 3300 2309 3364 vocantur
2346 3287 2647 3382 nefasti,
2686 3315 2823 3387 per
2859 3313 3044 3387 qnos

267 3414 429 3492 dies
469 3413 678 3489 nefas
716 3413 856 3489 fari
896 3423 1356 3513 praetorem:
1414 3413 1511 3490 do
1534 3471 1552 3507 ,
1593 3411 1797 3506 dico,
1835 3413 2123 3491 addico.

1443 3622 1595 3705 Ad
1638 3625 1871 3706 880.

487 3786 846 3887 „Metalla
882 3788 1129 3869 Attica
1164 3781 1517 3893 privatis,
1576 3793 1866 3870 civibus
1922 3802 1999 3868 et
2056 3791 2513 3876 ἰσοτελέσιν,
2572 3816 2618 3865 a
2656 3790 3043 3893 republica

267 3915 698 3993 venditione
737 3916 814 3991 in
853 3928 1293 4019 perpetuam
1333 3919 1890 4020 possessionem
1927 3917 2229 3995 addicta
2264 3929 2472 4013 sunt,
2532 3944 2684 3994 non
2722 3916 2816 3993 ad
2858 3928 3041 3992 tem-

265 4068 408 4143 pus
445 4041 730 4136 locata,
769 4042 970 4144 quod
1010 4043 1188 4120 olim
1226 4043 1560 4128 fecerant
1591 4043 1954 4140 Romani,
2012 4055 2085 4120 et
2124 4055 2415 4144 emptor
2452 4041 2774 4143 pretium
2810 4043 3040 4118 semel

266 4195 404 4270 pro
437 4167 718 4244 metalli
739 4170 1213 4270 possessione
1244 4169 1647 4273 pendebat,
1682 4197 1772 4249 ac
1809 4197 1860 4272 p
1883 4195 1923 4244 e
1948 4196 1983 4244 r
2002 4198 2051 4271 p
2073 4196 2113 4246 e
2137 4181 2168 4244 t
2186 4196 2235 4246 u
2254 4197 2299 4244 o
2342 4196 2389 4243 v
2410 4194 2451 4244 e
2472 4195 2513 4244 c
2534 4169 2605 4244 ti
2627 4193 2681 4268 g
2698 4169 2790 4245 al
2827 4193 3043 4267 quar-

267 4306 392 4371 tae
433 4303 510 4368 et
545 4294 953 4393 vigesimae
1003 4297 1290 4372 metalli
1326 4323 1420 4373 ex
1459 4295 1769 4372 caminis
1825 4293 2406 4397 provenientis.“
2486 4295 2612 4390 (B
2635 4319 2680 4368 o
2701 4320 2741 4368 e
2762 4319 2803 4368 c
2825 4292 2945 4368 kh
2972 4295 3042 4368 ii

263 4417 492 4520 Corp.
525 4418 746 4495 inser.
785 4445 898 4517 gr.
938 4419 1010 4495 N
1012 4449 1068 4498 r.
1116 4421 1330 4514 162.)

481 4546 834 4644 Ingentes
873 4545 1102 4622 fuisse
1129 4546 1204 4620 in
1231 4543 1798 4624 Atheniensium
1835 4545 2125 4624 aerario
2165 4543 2541 4646 pecunias,
2582 4567 2770 4645 quae
2809 4570 2849 4623 e
2886 4569 3037 4620 me-

261 4667 456 4746 tallis
495 4695 542 4744 a
578 4669 874 4746 Laureo
915 4669 1331 4767 redierant,
1388 4680 1703 4748 testatur
1740 4669 2167 4749 Herodotus
2208 4669 2418 4767 (Vll,
2465 4669 2681 4764 144).
2735 4666 2929 4746 Cum
2962 4670 3039 4744 in

264 4823 357 4872 eo
396 4823 516 4872 res
554 4805 789 4892 esset,
849 4808 930 4872 ut
965 4821 1054 4872 ea
1090 4797 1411 4897 pecunia
1465 4797 1738 4872 viritim
1795 4795 2086 4874 civibus
2126 4793 2625 4891 divideretur,
2682 4807 2759 4870 et
2812 4820 3037 4870 unus-

264 4922 576 5022 quisque
614 4921 872 4997 decem
931 4921 1304 5022 acciperet
1359 4919 1793 5014 drachmas3
1851 4933 2031 4996 tunc
2067 4919 2611 4996 Themistocles
2647 4942 3037 5022 pcrsvase-
3106 4963 3117 4974 ·

264 5057 386 5122 rat
419 5045 751 5141 civibus,
791 5056 873 5120 ut
900 5102 919 5137 ,
991 5046 1266 5120 omissa
1318 5046 1449 5120 illa
1503 5043 2065 5139 distributione,
2123 5071 2349 5122 naves
2408 5071 2501 5122 ex
2548 5046 2685 5123 hac
2723 5043 3037 5145 pecunia

264 5169 624 5246 ducentas
661 5169 1144 5248 aedificarent
1179 5169 1274 5248 ad
1311 5167 1608 5249 bellum.
