<?xml version="1.0" encoding="UTF-8"?>
<!DOCTYPE html PUBLIC "-//W3C//DTD XHTML 1.0 Transitional//EN"
    "http://www.w3.org/TR/xhtml1/DTD/xhtml1-transitional.dtd">
<html xmlns="http://www.w3.org/1999/xhtml" xml:lang="en" lang="en">
 <head>
  <title>
</title>
<meta http-equiv="Content-Type" content="text/html;charset=utf-8" />
  <meta name='ocr-system' content='tesseract 3.04.00' />
  <meta name='ocr-capabilities' content='ocr_page ocr_carea ocr_par ocr_line ocrx_word'/>
</head>
<body>
  <div class='ocr_page' id='page_1' title='image "./synaggtnattiknn01tlgoog_0441.png"; bbox 0 0 3725 5850; ppageno 0'>
   <div class='ocr_carea' id='block_1_1' title="bbox 1167 396 3035 480">
    <p class='ocr_par' dir='ltr' id='par_1_1' title="bbox 1167 396 3035 480">
     <span class='ocr_line' id='line_1_1' title="bbox 1167 396 3035 480; baseline 0.002 -6"><span class='ocrx_word' id='word_1_1' title='bbox 1167 418 1795 476; x_wconf 70' lang='lat' dir='ltr'><strong>ocumsmnms</strong></span> <span class='ocrx_word' id='word_1_2' title='bbox 1831 423 1941 474; x_wconf 71' lang='lat' dir='ltr'><strong>An</strong></span> <span class='ocrx_word' id='word_1_3' title='bbox 1978 419 2033 477; x_wconf 79' lang='lat'><strong>9.</strong></span> <span class='ocrx_word' id='word_1_4' title='bbox 2074 413 2165 476; x_wconf 77' lang='lat' dir='ltr'><strong>w.</strong></span> <span class='ocrx_word' id='word_1_5' title='bbox 2879 396 3035 480; x_wconf 70' lang='lat'><strong>415</strong></span> 
     </span>
    </p>
   </div>
   <div class='ocr_carea' id='block_1_2' title="bbox 259 605 3049 1218">
    <p class='ocr_par' dir='ltr' id='par_1_2' title="bbox 259 605 3049 1218">
     <span class='ocr_line' id='line_1_2' title="bbox 269 605 3031 720; baseline 0.004 -36"><span class='ocrx_word' id='word_1_6' title='bbox 269 605 530 688; x_wconf 81' lang='lat' dir='ltr'><strong>foedus</strong></span> <span class='ocrx_word' id='word_1_7' title='bbox 565 607 858 688; x_wconf 81' lang='lat' dir='ltr'><strong>cum&#39;iis</strong></span> <span class='ocrx_word' id='word_1_8' title='bbox 895 613 1167 692; x_wconf 80' lang='lat' dir='ltr'><strong>sanxit.</strong></span> <span class='ocrx_word' id='word_1_9' title='bbox 1233 611 1368 689; x_wconf 88' lang='lat' dir='ltr'><strong>Ob·</strong></span> <span class='ocrx_word' id='word_1_10' title='bbox 1395 638 1588 712; x_wconf 87' lang='lat' dir='ltr'><strong>quae</strong></span> <span class='ocrx_word' id='word_1_11' title='bbox 1627 616 2003 692; x_wconf 87' lang='lat' dir='ltr'><strong>communi</strong></span> <span class='ocrx_word' id='word_1_12' title='bbox 2042 615 2346 694; x_wconf 84' lang='lat' dir='ltr'><strong>decreto</strong></span> <span class='ocrx_word' id='word_1_13' title='bbox 2388 628 2439 692; x_wconf 72' lang='lat' dir='ltr'><strong>a·</strong></span> <span class='ocrx_word' id='word_1_14' title='bbox 2460 615 2747 720; x_wconf 84' lang='lat' dir='ltr'><strong>&#39;populo</strong></span> <span class='ocrx_word' id='word_1_15' title='bbox 2784 617 3031 694; x_wconf 85' lang='lat' dir='ltr'><strong>scisci-</strong></span> 
     </span>
     <span class='ocr_line' id='line_1_3' title="bbox 266 735 3049 844; baseline 0.004 -36"><span class='ocrx_word' id='word_1_16' title='bbox 266 745 424 828; x_wconf 84' lang='lat' dir='ltr'><strong>tur‚</strong></span> <span class='ocrx_word' id='word_1_17' title='bbox 485 746 566 812; x_wconf 89' lang='lat' dir='ltr'><strong>ut</strong></span> <span class='ocrx_word' id='word_1_18' title='bbox 603 735 971 838; x_wconf 84' lang='lat' dir='ltr'><strong>Antigoni</strong></span> <span class='ocrx_word' id='word_1_19' title='bbox 1010 739 1519 839; x_wconf 91' lang='lat' dir='ltr'><strong>Demetriique</strong></span> <span class='ocrx_word' id='word_1_20' title='bbox 1577 750 1866 818; x_wconf 79' lang='lat' dir='ltr'><strong>statuae</strong></span> <span class='ocrx_word' id='word_1_21' title='bbox 1920 767 2013 820; x_wconf 83' lang='lat' dir='ltr'><strong>ex</strong></span> <span class='ocrx_word' id='word_1_22' title='bbox 2051 765 2231 818; x_wconf 87' lang='lat' dir='ltr'><strong>auro</strong></span> <span class='ocrx_word' id='word_1_23' title='bbox 2269 768 2509 844; x_wconf 83' lang='lat' dir='ltr'>prope</span> <span class='ocrx_word' id='word_1_24' title='bbox 2548 741 3049 820; x_wconf 80' lang='lat' dir='ltr'><strong>Harmodium·</strong></span> 
     </span>
     <span class='ocr_line' id='line_1_4' title="bbox 266 859 3029 967; baseline 0.003 -31"><span class='ocrx_word' id='word_1_25' title='bbox 266 873 340 936; x_wconf 91' lang='lat' dir='ltr'><strong>et</strong></span> <span class='ocrx_word' id='word_1_26' title='bbox 372 859 958 962; x_wconf 68' lang='lat' dir='ltr'><strong>Aristogitonem</strong></span> <span class='ocrx_word' id='word_1_27' title='bbox 989 865 1071 942; x_wconf 90' lang='lat' dir='ltr'><strong>in</strong></span> <span class='ocrx_word' id='word_1_28' title='bbox 1103 889 1326 942; x_wconf 89' lang='lat' dir='ltr'><strong>curru</strong></span> <span class='ocrx_word' id='word_1_29' title='bbox 1385 863 1770 966; x_wconf 83' lang='lat' dir='ltr'><strong>erigantur</strong></span> <span class='ocrx_word' id='word_1_30' title='bbox 1807 875 1884 944; x_wconf 93' lang='lat' dir='ltr'><strong>et</strong></span> <span class='ocrx_word' id='word_1_31' title='bbox 1922 876 2231 967; x_wconf 86' lang='lat' dir='ltr'><strong>uterque</strong></span> <span class='ocrx_word' id='word_1_32' title='bbox 2270 866 2759 946; x_wconf 77' lang='lat' dir='ltr'><strong>ducentorum</strong></span> <span class='ocrx_word' id='word_1_33' title='bbox 2794 867 3029 944; x_wconf 84' lang='lat' dir='ltr'><strong>talen-</strong></span> 
     </span>
     <span class='ocr_line' id='line_1_5' title="bbox 262 989 3033 1094; baseline 0.003 -31"><span class='ocrx_word' id='word_1_34' title='bbox 262 998 500 1064; x_wconf 81' lang='lat' dir='ltr'><strong>torum</strong></span> <span class='ocrx_word' id='word_1_35' title='bbox 538 1013 818 1068; x_wconf 88' lang='lat' dir='ltr'><strong>corona</strong></span> <span class='ocrx_word' id='word_1_36' title='bbox 851 990 1338 1089; x_wconf 82' lang='lat' dir='ltr'><strong>insigniatur3</strong></span> <span class='ocrx_word' id='word_1_37' title='bbox 1393 989 1490 1070; x_wconf 87' lang='lat' dir='ltr'><strong>ad</strong></span> <span class='ocrx_word' id='word_1_38' title='bbox 1549 991 1806 1068; x_wconf 89' lang='lat' dir='ltr'><strong>decem</strong></span> <span class='ocrx_word' id='word_1_39' title='bbox 1861 1001 2255 1094; x_wconf 83' lang='lat' dir='ltr'><strong>praeterea</strong></span> <span class='ocrx_word' id='word_1_40' title='bbox 2306 992 2547 1070; x_wconf 85' lang='lat' dir='ltr'><strong>tribus</strong></span> <span class='ocrx_word' id='word_1_41' title='bbox 2602 993 2791 1072; x_wconf 86' lang='lat' dir='ltr'><strong>alias</strong></span> <span class='ocrx_word' id='word_1_42' title='bbox 2846 992 3033 1072; x_wconf 71' lang='lat' dir='ltr'><strong>dms</strong></span> 
     </span>
     <span class='ocr_line' id='line_1_6' title="bbox 259 1109 1912 1218; baseline 0.003 -31"><span class='ocrx_word' id='word_1_43' title='bbox 259 1109 786 1213; x_wconf 80' lang='lat' dir='ltr'><strong>Antigenidem</strong></span> <span class='ocrx_word' id='word_1_44' title='bbox 827 1126 902 1192; x_wconf 92' lang='lat' dir='ltr'><strong>et</strong></span> <span class='ocrx_word' id='word_1_45' title='bbox 935 1114 1496 1194; x_wconf 71' lang='lat' dir='ltr'><strong>Demetriadem</strong></span> <span class='ocrx_word' id='word_1_46' title='bbox 1533 1115 1912 1218; x_wconf 85' lang='lat' dir='ltr'><strong>adjiciant.</strong></span> 
     </span>
    </p>
   </div>
   <div class='ocr_carea' id='block_1_3' title="bbox 249 1257 3039 1989">
    <p class='ocr_par' dir='ltr' id='par_1_3' title="bbox 253 1257 3029 1733">
     <span class='ocr_line' id='line_1_7' title="bbox 469 1257 3028 1360; baseline 0.002 -26"><span class='ocrx_word' id='word_1_47' title='bbox 469 1257 634 1335; x_wconf 84' lang='lat' dir='ltr'><strong>Hae</strong></span> <span class='ocrx_word' id='word_1_48' title='bbox 690 1258 882 1338; x_wconf 83' lang='lat' dir='ltr'><strong>duae</strong></span> <span class='ocrx_word' id='word_1_49' title='bbox 935 1261 1170 1338; x_wconf 85' lang='lat' dir='ltr'><strong>tribus</strong></span> <span class='ocrx_word' id='word_1_50' title='bbox 1220 1261 1799 1338; x_wconf 69' lang='lat' dir='ltr'><strong>nominabantur</strong></span> <span class='ocrx_word' id='word_1_51' title='bbox 1834 1260 2119 1339; x_wconf 86' lang='lat' dir='ltr'><strong>tardius</strong></span> <span class='ocrx_word' id='word_1_52' title='bbox 2158 1261 2427 1340; x_wconf 80' lang='lat' dir='ltr'><strong>Attalis</strong></span> <span class='ocrx_word' id='word_1_53' title='bbox 2464 1273 2542 1337; x_wconf 89' lang='lat' dir='ltr'><strong>et</strong></span> <span class='ocrx_word' id='word_1_54' title='bbox 2578 1262 3028 1360; x_wconf 83' lang='lat' dir='ltr'><strong>Ptolemais3</strong></span> 
     </span>
     <span class='ocr_line' id='line_1_8' title="bbox 257 1382 3029 1482; baseline 0.001 -22"><span class='ocrx_word' id='word_1_55' title='bbox 257 1391 330 1460; x_wconf 89' lang='lat' dir='ltr'><strong>et</strong></span> <span class='ocrx_word' id='word_1_56' title='bbox 385 1383 689 1482; x_wconf 88' lang='lat' dir='ltr'><strong>quidem</strong></span> <span class='ocrx_word' id='word_1_57' title='bbox 749 1385 1153 1464; x_wconf 82' lang='lat' dir='ltr'><strong>Ptolemais</strong></span> <span class='ocrx_word' id='word_1_58' title='bbox 1208 1413 1408 1464; x_wconf 90' lang='lat' dir='ltr'><strong>anno</strong></span> <span class='ocrx_word' id='word_1_59' title='bbox 1469 1387 1708 1462; x_wconf 83' lang='lat'>265-0</span> <span class='ocrx_word' id='word_1_60' title='bbox 1767 1413 1830 1463; x_wconf 85' lang='lat' dir='ltr'><strong>a.</strong></span> <span class='ocrx_word' id='word_1_61' title='bbox 1871 1385 2041 1481; x_wconf 63' lang='lat' dir='ltr'><strong>Oh„</strong></span> <span class='ocrx_word' id='word_1_62' title='bbox 2102 1382 2373 1465; x_wconf 90' lang='lat' dir='ltr'><strong>Attalis</strong></span> <span class='ocrx_word' id='word_1_63' title='bbox 2410 1413 2591 1464; x_wconf 84' lang='lat' dir='ltr'><strong>vero</strong></span> <span class='ocrx_word' id='word_1_64' title='bbox 2630 1413 2829 1464; x_wconf 88' lang='lat' dir='ltr'><strong>anno</strong></span> <span class='ocrx_word' id='word_1_65' title='bbox 2869 1390 3029 1463; x_wconf 79' lang='lat'><strong>200</strong></span> 
     </span>
     <span class='ocr_line' id='line_1_9' title="bbox 254 1507 3027 1615; baseline 0.003 -31"><span class='ocrx_word' id='word_1_66' title='bbox 254 1535 318 1584; x_wconf 89' lang='lat' dir='ltr'><strong>a.</strong></span> <span class='ocrx_word' id='word_1_67' title='bbox 358 1507 496 1586; x_wconf 85' lang='lat' dir='ltr'><strong>Ch.</strong></span> <span class='ocrx_word' id='word_1_68' title='bbox 573 1511 972 1604; x_wconf 85' lang='lat' dir='ltr'><strong>(Pollux</strong></span> <span class='ocrx_word' id='word_1_69' title='bbox 1029 1512 1238 1609; x_wconf 91' lang='lat' dir='ltr'>VIII,</span> <span class='ocrx_word' id='word_1_70' title='bbox 1300 1512 1480 1589; x_wconf 88' lang='lat'><strong>110.</strong></span> <span class='ocrx_word' id='word_1_71' title='bbox 1549 1509 2105 1590; x_wconf 86' lang='lat' dir='ltr'><strong>Pausanias</strong></span> <span class='ocrx_word' id='word_1_72' title='bbox 2161 1513 2219 1608; x_wconf 92' lang='grc' dir='ltr'><strong>Ι,</strong></span> <span class='ocrx_word' id='word_1_73' title='bbox 2262 1513 2335 1605; x_wconf 88' lang='grc'><strong>6,</strong></span> <span class='ocrx_word' id='word_1_74' title='bbox 2394 1513 2466 1590; x_wconf 89' lang='lat'><strong>8.</strong></span> <span class='ocrx_word' id='word_1_75' title='bbox 2540 1513 3027 1615; x_wconf 81' lang='lat' dir='ltr'><strong>Polybius</strong></span> 
     </span>
     <span class='ocr_line' id='line_1_10' title="bbox 253 1634 2437 1733; baseline 0.003 -23"><span class='ocrx_word' id='word_1_76' title='bbox 253 1634 465 1733; x_wconf 83' lang='lat' dir='ltr'>XVI,</span> <span class='ocrx_word' id='word_1_77' title='bbox 506 1636 632 1733; x_wconf 81' lang='grc'><strong>25,</strong></span> <span class='ocrx_word' id='word_1_78' title='bbox 671 1639 787 1732; x_wconf 84' lang='grc'><strong>9.)</strong></span> <span class='ocrx_word' id='word_1_79' title='bbox 2428 1651 2437 1661; x_wconf 85' lang='grc'><strong>’</strong></span> 
     </span>
    </p>

    <p class='ocr_par' dir='ltr' id='par_1_4' title="bbox 249 1759 3039 1989">
     <span class='ocr_line' id='line_1_11' title="bbox 468 1759 3039 1867; baseline 0.002 -29"><span class='ocrx_word' id='word_1_80' title='bbox 468 1759 584 1838; x_wconf 80' lang='lat' dir='ltr'><strong>Of.</strong></span> <span class='ocrx_word' id='word_1_81' title='bbox 637 1763 1000 1842; x_wconf 83' lang='lat' dir='ltr'><strong>Boeckhii</strong></span> <span class='ocrx_word' id='word_1_82' title='bbox 1055 1789 1280 1867; x_wconf 89' lang='lat' dir='ltr'><strong>corp.·</strong></span> <span class='ocrx_word' id='word_1_83' title='bbox 1318 1764 1540 1843; x_wconf 87' lang='lat' dir='ltr'><strong>inser.</strong></span> <span class='ocrx_word' id='word_1_84' title='bbox 1597 1790 1708 1866; x_wconf 77' lang='lat' dir='ltr'><strong>gr.</strong></span> <span class='ocrx_word' id='word_1_85' title='bbox 1765 1765 1824 1845; x_wconf 95' lang='grc' dir='ltr'><strong>Ι.</strong></span> <span class='ocrx_word' id='word_1_86' title='bbox 1884 1765 2013 1843; x_wconf 89' lang='lat' dir='ltr'><strong>Nr.</strong></span> <span class='ocrx_word' id='word_1_87' title='bbox 2080 1764 2255 1860; x_wconf 83' lang='grc'><strong>111,</strong></span> <span class='ocrx_word' id='word_1_88' title='bbox 2319 1765 2473 1842; x_wconf 71' lang='lat'><strong>120</strong></span> <span class='ocrx_word' id='word_1_89' title='bbox 2526 1773 2602 1844; x_wconf 68' lang='lat' dir='ltr'><strong>st</strong></span> <span class='ocrx_word' id='word_1_90' title='bbox 2659 1763 3039 1846; x_wconf 74' lang='lat' dir='ltr'><strong>Addenda·</strong></span> 
     </span>
     <span class='ocr_line' id='line_1_12' title="bbox 249 1888 544 1989; baseline 0.003 -24"><span class='ocrx_word' id='word_1_91' title='bbox 249 1915 325 1989; x_wconf 89' lang='lat' dir='ltr'><strong>p.</strong></span> <span class='ocrx_word' id='word_1_92' title='bbox 365 1888 544 1966; x_wconf 82' lang='lat'><strong>901.</strong></span> 
     </span>
    </p>
   </div>
   <div class='ocr_carea' id='block_1_4' title="bbox 243 2031 3025 2387">
    <p class='ocr_par' dir='ltr' id='par_1_5' title="bbox 243 2031 3025 2387">
     <span class='ocr_line' id='line_1_13' title="bbox 468 2031 3025 2158; baseline 0.002 -49"><span class='ocrx_word' id='word_1_93' title='bbox 468 2031 712 2111; x_wconf 87' lang='lat' dir='ltr'><strong>Etiam</strong></span> <span class='ocrx_word' id='word_1_94' title='bbox 748 2033 826 2110; x_wconf 90' lang='lat' dir='ltr'><strong>in</strong></span> <span class='ocrx_word' id='word_1_95' title='bbox 863 2034 1224 2112; x_wconf 89' lang='lat' dir='ltr'><strong>honorem</strong></span> <span class='ocrx_word' id='word_1_96' title='bbox 1262 2033 1626 2112; x_wconf 87' lang='lat' dir='ltr'><strong>Hadriani</strong></span> <span class='ocrx_word' id='word_1_97' title='bbox 1679 2033 2146 2137; x_wconf 87' lang='lat' dir='ltr'><strong>imperatoris</strong></span> <span class='ocrx_word' id='word_1_98' title='bbox 2182 2034 2684 2114; x_wconf 83' lang='lat' dir='ltr'><strong>denominata</strong></span> <span class='ocrx_word' id='word_1_99' title='bbox 2728 2048 2841 2158; x_wconf 84' lang='lat' dir='ltr'><strong>est</strong></span> <span class='ocrx_word' id='word_1_100' title='bbox 2876 2061 3025 2114; x_wconf 82' lang='lat' dir='ltr'><strong>uua</strong></span> 
     </span>
     <span class='ocr_line' id='line_1_14' title="bbox 247 2155 3023 2262; baseline 0.002 -30"><span class='ocrx_word' id='word_1_101' title='bbox 247 2155 489 2233; x_wconf 86' lang='lat' dir='ltr'><strong>tribus</strong></span> <span class='ocrx_word' id='word_1_102' title='bbox 525 2160 697 2253; x_wconf 85' lang='lat' dir='ltr'><strong>(Pa</strong></span> <span class='ocrx_word' id='word_1_103' title='bbox 721 2185 826 2236; x_wconf 90' lang='lat' dir='ltr'><strong>us</strong></span> <span class='ocrx_word' id='word_1_104' title='bbox 851 2184 984 2235; x_wconf 88' lang='lat' dir='ltr'><strong>an.</strong></span> <span class='ocrx_word' id='word_1_105' title='bbox 1023 2161 1082 2256; x_wconf 91' lang='lat'><strong>1,</strong></span> <span class='ocrx_word' id='word_1_106' title='bbox 1124 2163 1194 2254; x_wconf 84' lang='lat'><strong>5,</strong></span> <span class='ocrx_word' id='word_1_107' title='bbox 1238 2161 1349 2256; x_wconf 84' lang='lat'><strong>5),</strong></span> <span class='ocrx_word' id='word_1_108' title='bbox 1407 2186 1600 2259; x_wconf 87' lang='lat' dir='ltr'><strong>quae</strong></span> <span class='ocrx_word' id='word_1_109' title='bbox 1646 2161 1808 2262; x_wconf 90' lang='lat' dir='ltr'><strong>jam</strong></span> <span class='ocrx_word' id='word_1_110' title='bbox 1866 2159 2155 2236; x_wconf 86' lang='lat' dir='ltr'><strong>decima</strong></span> <span class='ocrx_word' id='word_1_111' title='bbox 2190 2160 2419 2236; x_wconf 84' lang='lat' dir='ltr'><strong>tertia</strong></span> <span class='ocrx_word' id='word_1_112' title='bbox 2448 2161 2607 2239; x_wconf 85' lang='lat' dir='ltr'><strong>fuit.</strong></span> <span class='ocrx_word' id='word_1_113' title='bbox 2682 2160 3023 2239; x_wconf 82' lang='lat' dir='ltr'><strong>Occurrit</strong></span> 
     </span>
     <span class='ocr_line' id='line_1_15' title="bbox 243 2281 2223 2387; baseline 0.003 -30"><span class='ocrx_word' id='word_1_114' title='bbox 243 2283 326 2359; x_wconf 88' lang='lat' dir='ltr'><strong>in</strong></span> <span class='ocrx_word' id='word_1_115' title='bbox 369 2281 729 2362; x_wconf 85' lang='lat' dir='ltr'><strong>Boeckhii</strong></span> <span class='ocrx_word' id='word_1_116' title='bbox 767 2282 1100 2387; x_wconf 78' lang='lat' dir='ltr'><strong>Corpore</strong></span> <span class='ocrx_word' id='word_1_117' title='bbox 1135 2285 1356 2361; x_wconf 87' lang='lat' dir='ltr'><strong>inser.</strong></span> <span class='ocrx_word' id='word_1_118' title='bbox 1395 2311 1507 2385; x_wconf 86' lang='lat' dir='ltr'><strong>gr.</strong></span> <span class='ocrx_word' id='word_1_119' title='bbox 1549 2285 1679 2362; x_wconf 88' lang='lat' dir='ltr'><strong>Nr.</strong></span> <span class='ocrx_word' id='word_1_120' title='bbox 1724 2284 1881 2362; x_wconf 85' lang='grc'><strong>184</strong></span> <span class='ocrx_word' id='word_1_121' title='bbox 1918 2296 1995 2362; x_wconf 92' lang='lat' dir='ltr'><strong>et</strong></span> <span class='ocrx_word' id='word_1_122' title='bbox 2044 2283 2223 2362; x_wconf 76' lang='lat'><strong>2⁷5.</strong></span> 
     </span>
    </p>
   </div>
   <div class='ocr_carea' id='block_1_5' title="bbox 237 2427 3017 3428">
    <p class='ocr_par' dir='ltr' id='par_1_6' title="bbox 241 2427 3017 2777">
     <span class='ocr_line' id='line_1_16' title="bbox 463 2427 3017 2531; baseline 0.001 -27"><span class='ocrx_word' id='word_1_123' title='bbox 463 2427 839 2531; x_wconf 88' lang='lat' dir='ltr'><strong>Tempore</strong></span> <span class='ocrx_word' id='word_1_124' title='bbox 897 2427 1290 2506; x_wconf 81' lang='lat' dir='ltr'><strong>Strabonis</strong></span> <span class='ocrx_word' id='word_1_125' title='bbox 1355 2427 1504 2502; x_wconf 79' lang='lat'><strong>174</strong></span> <span class='ocrx_word' id='word_1_126' title='bbox 1545 2429 1843 2506; x_wconf 87' lang='lat' dir='ltr'><strong>fuerant</strong></span> <span class='ocrx_word' id='word_1_127' title='bbox 1892 2427 2127 2526; x_wconf 89' lang='lat' dir='ltr'><strong>demi,</strong></span> <span class='ocrx_word' id='word_1_128' title='bbox 2187 2429 2291 2506; x_wconf 88' lang='lat' dir='ltr'><strong>ait</strong></span> <span class='ocrx_word' id='word_1_129' title='bbox 2327 2429 2523 2508; x_wconf 91' lang='lat' dir='ltr'><strong>enim</strong></span> <span class='ocrx_word' id='word_1_130' title='bbox 2558 2427 2737 2525; x_wconf 85' lang='lat' dir='ltr'>(IX,</span> <span class='ocrx_word' id='word_1_131' title='bbox 2781 2429 2850 2526; x_wconf 91' lang='lat'><strong>1,</strong></span> <span class='ocrx_word' id='word_1_132' title='bbox 2894 2429 3017 2507; x_wconf 74' lang='lat'><strong>16.</strong></span> 
     </span>
     <span class='ocr_line' id='line_1_17' title="bbox 241 2529 3017 2656; baseline -0.001 -26"><span class='ocrx_word' id='word_1_133' title='bbox 241 2579 324 2656; x_wconf 90' lang='lat' dir='ltr'><strong>p.</strong></span> <span class='ocrx_word' id='word_1_134' title='bbox 365 2553 606 2648; x_wconf 83' lang='lat'>396):</span> <span class='ocrx_word' id='word_1_135' title='bbox 653 2547 1058 2627; x_wconf 81' lang='grc' dir='ltr'><strong><em>Ἐλευσῖνά</em></strong></span> <span class='ocrx_word' id='word_1_136' title='bbox 1093 2582 1178 2627; x_wconf 79' lang='grc' dir='ltr'><strong>τε</strong></span> <span class='ocrx_word' id='word_1_137' title='bbox 1214 2547 1495 2641; x_wconf 73' lang='grc' dir='ltr'><strong>εἰπών,</strong></span> <span class='ocrx_word' id='word_1_138' title='bbox 1553 2557 1691 2628; x_wconf 74' lang='grc' dir='ltr'><strong>ἕνα</strong></span> <span class='ocrx_word' id='word_1_139' title='bbox 1726 2547 1889 2626; x_wconf 76' lang='grc' dir='ltr'><strong>τῶν</strong></span> <span class='ocrx_word' id='word_1_140' title='bbox 1944 2548 2236 2628; x_wconf 78' lang='grc' dir='ltr'><strong><em>ἑκατὸν</em></strong></span> <span class='ocrx_word' id='word_1_141' title='bbox 2287 2557 2423 2626; x_wconf 77' lang='grc' dir='ltr'><strong>καὶ</strong></span> <span class='ocrx_word' id='word_1_142' title='bbox 2478 2529 3017 2652; x_wconf 59' lang='grc' dir='ltr'><strong><em>ἑβδομὴἶνοντα</em></strong></span> 
     </span>
     <span class='ocr_line' id='line_1_18' title="bbox 243 2670 3016 2777; baseline 0.001 -27"><span class='ocrx_word' id='word_1_143' title='bbox 243 2673 510 2776; x_wconf 81' lang='grc' dir='ltr'><strong><em>δῆμων</em></strong></span> <span class='ocrx_word' id='word_1_144' title='bbox 544 2674 731 2777; x_wconf 84' lang='grc' dir='ltr'><strong><em>πρὸς</em></strong></span> <span class='ocrx_word' id='word_1_145' title='bbox 768 2673 846 2754; x_wconf 82' lang='grc' dir='ltr'><strong>δὲ</strong></span> <span class='ocrx_word' id='word_1_146' title='bbox 884 2681 1023 2752; x_wconf 79' lang='grc' dir='ltr'><strong>καὶ</strong></span> <span class='ocrx_word' id='word_1_147' title='bbox 1060 2674 1476 2776; x_wconf 74' lang='grc' dir='ltr'><strong><em>τεττάρων,</em></strong></span> <span class='ocrx_word' id='word_1_148' title='bbox 1543 2737 1557 2751; x_wconf 95' lang='grc'><strong>.</strong></span> <span class='ocrx_word' id='word_1_149' title='bbox 1621 2733 1638 2752; x_wconf 92' lang='grc'><strong>.</strong></span> <span class='ocrx_word' id='word_1_150' title='bbox 1700 2737 1717 2755; x_wconf 94' lang='grc'><strong>.</strong></span> <span class='ocrx_word' id='word_1_151' title='bbox 1777 2671 2061 2752; x_wconf 78' lang='grc' dir='ltr'><em>οὐδένα</em></span> <span class='ocrx_word' id='word_1_152' title='bbox 2094 2675 2257 2752; x_wconf 74' lang='grc' dir='ltr'><strong>τῶν</strong></span> <span class='ocrx_word' id='word_1_153' title='bbox 2292 2670 2549 2754; x_wconf 72' lang='grc' dir='ltr'><strong><em>ἄλλων</em></strong></span> <span class='ocrx_word' id='word_1_154' title='bbox 2584 2672 3016 2776; x_wconf 72' lang='grc' dir='ltr'><strong><em>ὠνόμακεν.</em></strong></span> 
     </span>
    </p>

    <p class='ocr_par' dir='ltr' id='par_1_7' title="bbox 237 2819 3015 3428">
     <span class='ocr_line' id='line_1_19' title="bbox 465 2819 3014 2926; baseline 0 -26"><span class='ocrx_word' id='word_1_155' title='bbox 465 2819 580 2901; x_wconf 80' lang='lat' dir='ltr'><strong>Cf.</strong></span> <span class='ocrx_word' id='word_1_156' title='bbox 621 2824 713 2901; x_wconf 88' lang='lat' dir='ltr'><strong>de</strong></span> <span class='ocrx_word' id='word_1_157' title='bbox 750 2823 1094 2902; x_wconf 79' lang='lat' dir='ltr'><strong>tribubus</strong></span> <span class='ocrx_word' id='word_1_158' title='bbox 1133 2836 1208 2900; x_wconf 90' lang='lat' dir='ltr'><strong>et</strong></span> <span class='ocrx_word' id='word_1_159' title='bbox 1265 2821 1496 2901; x_wconf 89' lang='lat' dir='ltr'><strong>demis</strong></span> <span class='ocrx_word' id='word_1_160' title='bbox 1538 2821 2149 2902; x_wconf 85' lang='lat' dir='ltr'><strong>Atheniensium:</strong></span> <span class='ocrx_word' id='word_1_161' title='bbox 2207 2823 2697 2926; x_wconf 84' lang='lat' dir='ltr'><strong>Kutorga:</strong></span> <span class='ocrx_word' id='word_1_162' title='bbox 2754 2823 2843 2900; x_wconf 88' lang='lat' dir='ltr'><strong>de</strong></span> <span class='ocrx_word' id='word_1_163' title='bbox 2884 2851 3014 2902; x_wconf 85' lang='lat' dir='ltr'><strong>an-</strong></span> 
     </span>
     <span class='ocr_line' id='line_1_20' title="bbox 237 2946 3012 3053; baseline -0 -28"><span class='ocrx_word' id='word_1_164' title='bbox 237 2949 676 3049; x_wconf 87' lang='lat' dir='ltr'><strong>tiquissimis</strong></span> <span class='ocrx_word' id='word_1_165' title='bbox 731 2950 1075 3027; x_wconf 88' lang='lat' dir='ltr'><strong>tribubus</strong></span> <span class='ocrx_word' id='word_1_166' title='bbox 1121 2949 1378 3029; x_wconf 88' lang='lat' dir='ltr'><strong>Atticis</strong></span> <span class='ocrx_word' id='word_1_167' title='bbox 1441 2949 2128 3053; x_wconf 74' lang='lat' dir='ltr'><strong>(Torpat.·1832.).</strong></span> <span class='ocrx_word' id='word_1_168' title='bbox 2187 2992 2289 3003; x_wconf 95' lang='lat'>—</span> <span class='ocrx_word' id='word_1_169' title='bbox 2348 2946 2555 3026; x_wconf 78' lang='lat' dir='ltr'><strong>Gar.</strong></span> <span class='ocrx_word' id='word_1_170' title='bbox 2613 2949 3012 3027; x_wconf 83' lang='lat' dir='ltr'><strong>Miiller:</strong></span> 
     </span>
     <span class='ocr_line' id='line_1_21' title="bbox 239 3074 3014 3179; baseline 0 -28"><span class='ocrx_word' id='word_1_171' title='bbox 239 3076 671 3175; x_wconf 84' lang='lat' dir='ltr'><strong>fragmenta</strong></span> <span class='ocrx_word' id='word_1_172' title='bbox 707 3076 1114 3155; x_wconf 88' lang='lat' dir='ltr'><strong>historicor.</strong></span> <span class='ocrx_word' id='word_1_173' title='bbox 1152 3102 1484 3175; x_wconf 85' lang='lat' dir='ltr'><strong>graecor.</strong></span> <span class='ocrx_word' id='word_1_174' title='bbox 1529 3074 1698 3154; x_wconf 88' lang='lat' dir='ltr'><strong>Vol.</strong></span> <span class='ocrx_word' id='word_1_175' title='bbox 1723 3076 1818 3154; x_wconf 90' lang='grc' dir='ltr'><strong>Π.</strong></span> <span class='ocrx_word' id='word_1_176' title='bbox 1859 3103 1933 3179; x_wconf 89' lang='lat' dir='ltr'><strong>p.</strong></span> <span class='ocrx_word' id='word_1_177' title='bbox 1956 3076 2134 3151; x_wconf 83' lang='lat'><strong>357.</strong></span> <span class='ocrx_word' id='word_1_178' title='bbox 2157 3100 2363 3176; x_wconf 90' lang='lat' dir='ltr'><strong>seqq.</strong></span> <span class='ocrx_word' id='word_1_179' title='bbox 2403 3116 2505 3128; x_wconf 89' lang='lat'><strong>-—</strong></span> <span class='ocrx_word' id='word_1_180' title='bbox 2541 3074 2682 3153; x_wconf 91' lang='lat' dir='ltr'><strong>Die</strong></span> <span class='ocrx_word' id='word_1_181' title='bbox 2722 3076 3014 3151; x_wconf 92' lang='lat' dir='ltr'><strong>Demen</strong></span> 
     </span>
     <span class='ocr_line' id='line_1_22' title="bbox 241 3185 3015 3301; baseline -0 -24"><span class='ocrx_word' id='word_1_182' title='bbox 241 3229 400 3278; x_wconf 86' lang='lat' dir='ltr'><strong>von</strong></span> <span class='ocrx_word' id='word_1_183' title='bbox 438 3202 716 3285; x_wconf 82' lang='lat' dir='ltr'><strong>Attika.</strong></span> <span class='ocrx_word' id='word_1_184' title='bbox 775 3185 1180 3301; x_wconf 81' lang='lat' dir='ltr'><strong>Ludwig·</strong></span> <span class='ocrx_word' id='word_1_185' title='bbox 1226 3202 1496 3278; x_wconf 86' lang='lat' dir='ltr'><strong>Ross.</strong></span> <span class='ocrx_word' id='word_1_186' title='bbox 1553 3192 2190 3299; x_wconf 81' lang='lat' dir='ltr'><strong>Herausgegeben</strong></span> <span class='ocrx_word' id='word_1_187' title='bbox 2229 3226 2377 3277; x_wconf 87' lang='lat' dir='ltr'><strong>von</strong></span> <span class='ocrx_word' id='word_1_188' title='bbox 2414 3198 2737 3276; x_wconf 86' lang='lat' dir='ltr'><strong>Meier.</strong></span> <span class='ocrx_word' id='word_1_189' title='bbox 2795 3198 3015 3276; x_wconf 87' lang='lat' dir='ltr'><strong>Halle</strong></span> 
     </span>
     <span class='ocr_line' id='line_1_23' title="bbox 245 3324 3013 3428; baseline -0 -28"><span class='ocrx_word' id='word_1_190' title='bbox 245 3327 478 3405; x_wconf 83' lang='lat'><strong>1846.</strong></span> <span class='ocrx_word' id='word_1_191' title='bbox 537 3369 640 3381; x_wconf 77' lang='lat'><strong>-—</strong></span> <span class='ocrx_word' id='word_1_192' title='bbox 697 3330 813 3405; x_wconf 90' lang='lat' dir='ltr'><strong>De</strong></span> <span class='ocrx_word' id='word_1_193' title='bbox 865 3328 1100 3405; x_wconf 87' lang='lat' dir='ltr'><strong>demis</strong></span> <span class='ocrx_word' id='word_1_194' title='bbox 1137 3327 1445 3404; x_wconf 87' lang='lat' dir='ltr'><strong>urbanis</strong></span> <span class='ocrx_word' id='word_1_195' title='bbox 1483 3324 1969 3428; x_wconf 71' lang='lat' dir='ltr'><strong>Athenarum:</strong></span> <span class='ocrx_word' id='word_1_196' title='bbox 2024 3324 2341 3428; x_wconf 82' lang='lat' dir='ltr'><strong>Scripsit</strong></span> <span class='ocrx_word' id='word_1_197' title='bbox 2392 3324 3013 3402; x_wconf 87' lang='lat' dir='ltr'><strong>Hermannus</strong></span> 
     </span>
    </p>
   </div>
   <div class='ocr_carea' id='block_1_6' title="bbox 239 3450 1288 3557">
    <p class='ocr_par' dir='ltr' id='par_1_8' title="bbox 239 3450 1288 3557">
     <span class='ocr_line' id='line_1_24' title="bbox 239 3450 1288 3557; baseline 0.001 -29"><span class='ocrx_word' id='word_1_198' title='bbox 239 3450 300 3528; x_wconf 83' lang='lat' dir='ltr'>S</span> <span class='ocrx_word' id='word_1_199' title='bbox 323 3478 367 3529; x_wconf 88' lang='lat' dir='ltr'><strong>a</strong></span> <span class='ocrx_word' id='word_1_200' title='bbox 383 3480 434 3530; x_wconf 93' lang='lat' dir='ltr'><strong>u</strong></span> <span class='ocrx_word' id='word_1_201' title='bbox 453 3480 502 3556; x_wconf 93' lang='lat' dir='ltr'><strong>p</strong></span> <span class='ocrx_word' id='word_1_202' title='bbox 524 3480 575 3557; x_wconf 93' lang='lat' dir='ltr'><strong>p</strong></span> <span class='ocrx_word' id='word_1_203' title='bbox 597 3480 658 3532; x_wconf 92' lang='lat' dir='ltr'><strong>e.</strong></span> <span class='ocrx_word' id='word_1_204' title='bbox 717 3454 1017 3557; x_wconf 88' lang='lat' dir='ltr'><strong>Lipsiae</strong></span> <span class='ocrx_word' id='word_1_205' title='bbox 1062 3452 1288 3529; x_wconf 82' lang='grc'><strong>1846.</strong></span> 
     </span>
    </p>
   </div>
   <div class='ocr_carea' id='block_1_7' title="bbox 234 3592 3028 4075">
    <p class='ocr_par' dir='ltr' id='par_1_9' title="bbox 234 3592 3028 4075">
     <span class='ocr_line' id='line_1_25' title="bbox 457 3592 3012 3699; baseline -0.003 -22"><span class='ocrx_word' id='word_1_206' title='bbox 457 3599 792 3678; x_wconf 81' lang='lat' dir='ltr'><strong>Iudicem</strong></span> <span class='ocrx_word' id='word_1_207' title='bbox 847 3598 1168 3675; x_wconf 90' lang='lat' dir='ltr'><strong>tribuum</strong></span> <span class='ocrx_word' id='word_1_208' title='bbox 1209 3596 1622 3676; x_wconf 89' lang='lat' dir='ltr'><strong>Atticarum</strong></span> <span class='ocrx_word' id='word_1_209' title='bbox 1679 3622 1848 3673; x_wconf 88' lang='lat' dir='ltr'><strong>cum</strong></span> <span class='ocrx_word' id='word_1_210' title='bbox 1898 3596 2049 3673; x_wconf 87' lang='lat' dir='ltr'><strong>suis</strong></span> <span class='ocrx_word' id='word_1_211' title='bbox 2086 3597 2303 3699; x_wconf 84' lang='lat' dir='ltr'><strong>pagis</strong></span> <span class='ocrx_word' id='word_1_212' title='bbox 2343 3594 2573 3672; x_wconf 86' lang='lat' dir='ltr'><strong>edidit</strong></span> <span class='ocrx_word' id='word_1_213' title='bbox 2607 3592 3012 3672; x_wconf 90' lang='lat' dir='ltr'><strong>secundum</strong></span> 
     </span>
     <span class='ocr_line' id='line_1_26' title="bbox 237 3720 3006 3823; baseline -0.001 -24"><span class='ocrx_word' id='word_1_214' title='bbox 237 3720 626 3801; x_wconf 86' lang='lat' dir='ltr'><strong>Leakeum</strong></span> <span class='ocrx_word' id='word_1_215' title='bbox 665 3736 740 3801; x_wconf 92' lang='lat' dir='ltr'><strong>et</strong></span> <span class='ocrx_word' id='word_1_216' title='bbox 776 3724 1124 3803; x_wconf 87' lang='lat' dir='ltr'><strong>Rossium</strong></span> <span class='ocrx_word' id='word_1_217' title='bbox 1162 3724 1388 3803; x_wconf 86' lang='lat' dir='ltr'><strong>etiam</strong></span> <span class='ocrx_word' id='word_1_218' title='bbox 1425 3721 1593 3800; x_wconf 85' lang='lat' dir='ltr'><strong>Car.</strong></span> <span class='ocrx_word' id='word_1_219' title='bbox 1625 3723 1826 3800; x_wconf 87' lang='lat' dir='ltr'><strong>Frid.</strong></span> <span class='ocrx_word' id='word_1_220' title='bbox 1868 3722 2345 3801; x_wconf 83' lang='lat' dir='ltr'><strong>Hermannus</strong></span> <span class='ocrx_word' id='word_1_221' title='bbox 2383 3722 2462 3798; x_wconf 91' lang='lat' dir='ltr'><strong>in</strong></span> <span class='ocrx_word' id='word_1_222' title='bbox 2500 3720 2699 3797; x_wconf 89' lang='lat' dir='ltr'><strong>calce</strong></span> <span class='ocrx_word' id='word_1_223' title='bbox 2740 3722 3006 3823; x_wconf 76' lang='lat' dir='ltr'><strong>operiS,</strong></span> 
     </span>
     <span class='ocr_line' id='line_1_27' title="bbox 238 3836 3027 3949; baseline -0.001 -26"><span class='ocrx_word' id='word_1_224' title='bbox 238 3849 446 3947; x_wconf 87' lang='lat' dir='ltr'><strong>quod</strong></span> <span class='ocrx_word' id='word_1_225' title='bbox 499 3849 986 3927; x_wconf 86' lang='lat' dir='ltr'><strong>inscribitur:</strong></span> <span class='ocrx_word' id='word_1_226' title='bbox 1062 3850 1593 3928; x_wconf 92' lang='lat' dir='ltr'><strong>Lehrbuch</strong></span> <span class='ocrx_word' id='word_1_227' title='bbox 1670 3848 1836 3926; x_wconf 91' lang='lat' dir='ltr'><strong>der</strong></span> <span class='ocrx_word' id='word_1_228' title='bbox 1898 3848 2275 3949; x_wconf 77' lang='lat' dir='ltr'><strong>‘griech.</strong></span> <span class='ocrx_word' id='word_1_229' title='bbox 2353 3836 3027 3925; x_wconf 63' lang='lat' dir='ltr'><strong>Staatsalter-&#39;</strong></span> 
     </span>
     <span class='ocr_line' id='line_1_28' title="bbox 234 3960 3028 4075; baseline 0 -27"><span class='ocrx_word' id='word_1_230' title='bbox 234 3988 266 4048; x_wconf 90' lang='lat' dir='ltr'><strong>t</strong></span> <span class='ocrx_word' id='word_1_231' title='bbox 289 3974 342 4049; x_wconf 91' lang='lat' dir='ltr'><strong>h</strong></span> <span class='ocrx_word' id='word_1_232' title='bbox 361 3986 412 4051; x_wconf 81' lang='lat' dir='ltr'><strong>ii</strong></span> <span class='ocrx_word' id='word_1_233' title='bbox 434 4001 504 4051; x_wconf 92' lang='lat' dir='ltr'><strong>m</strong></span> <span class='ocrx_word' id='word_1_234' title='bbox 525 4002 565 4053; x_wconf 92' lang='lat' dir='ltr'><strong>e</strong></span> <span class='ocrx_word' id='word_1_235' title='bbox 587 4003 643 4054; x_wconf 88' lang='lat' dir='ltr'><strong>r.</strong></span> <span class='ocrx_word' id='word_1_236' title='bbox 701 3976 950 4053; x_wconf 88' lang='lat' dir='ltr'><strong>Editio</strong></span> <span class='ocrx_word' id='word_1_237' title='bbox 989 3974 1120 4055; x_wconf 85' lang='lat' dir='ltr'><strong>IV.</strong></span> <span class='ocrx_word' id='word_1_238' title='bbox 1175 3974 1724 4075; x_wconf 86' lang='lat' dir='ltr'><strong>Heidelbergae</strong></span> <span class='ocrx_word' id='word_1_239' title='bbox 1767 3975 1996 4051; x_wconf 85' lang='lat'><strong>1855.</strong></span> <span class='ocrx_word' id='word_1_240' title='bbox 3014 3960 3028 3977; x_wconf 60' lang='lat'>⁸</span> 
     </span>
    </p>
   </div>
   <div class='ocr_carea' id='block_1_8' title="bbox 1446 4222 1798 4309">
    <p class='ocr_par' dir='ltr' id='par_1_10' title="bbox 1446 4222 1798 4309">
     <span class='ocr_line' id='line_1_29' title="bbox 1446 4222 1798 4309; baseline -0.006 0"><span class='ocrx_word' id='word_1_241' title='bbox 1446 4224 1598 4309; x_wconf 73' lang='lat' dir='ltr'><strong>Ad</strong></span> <span class='ocrx_word' id='word_1_242' title='bbox 1649 4222 1798 4309; x_wconf 79' lang='lat'><strong>10.</strong></span> 
     </span>
    </p>
   </div>
   <div class='ocr_carea' id='block_1_9' title="bbox 235 4400 3000 4642">
    <p class='ocr_par' dir='ltr' id='par_1_11' title="bbox 235 4400 3000 4642">
     <span class='ocr_line' id='line_1_30' title="bbox 451 4400 3000 4512; baseline -0.004 -21"><span class='ocrx_word' id='word_1_243' title='bbox 451 4410 721 4491; x_wconf 86' lang='lat' dir='ltr'><strong>Suidas</strong></span> <span class='ocrx_word' id='word_1_244' title='bbox 771 4414 850 4490; x_wconf 91' lang='lat' dir='ltr'><strong>in</strong></span> <span class='ocrx_word' id='word_1_245' title='bbox 893 4400 988 4485; x_wconf 85' lang='lat' dir='ltr'><strong>‘E</strong></span> <span class='ocrx_word' id='word_1_246' title='bbox 1011 4439 1184 4512; x_wconf 74' lang='grc' dir='ltr'><strong>ρκε</strong></span> <span class='ocrx_word' id='word_1_247' title='bbox 1206 4415 1298 4486; x_wconf 85' lang='grc' dir='ltr'><strong>ἴο</strong></span> <span class='ocrx_word' id='word_1_248' title='bbox 1319 4438 1354 4497; x_wconf 83' lang='grc' dir='ltr'><strong><em>ς</em></strong></span> <span class='ocrx_word' id='word_1_249' title='bbox 1409 4412 1482 4484; x_wconf 94' lang='grc' dir='ltr'><strong><em>Ζ</em></strong></span> <span class='ocrx_word' id='word_1_250' title='bbox 1497 4406 1600 4485; x_wconf 76' lang='grc' dir='ltr'><strong>εὐ</strong></span> <span class='ocrx_word' id='word_1_251' title='bbox 1626 4439 1698 4495; x_wconf 73' lang='grc' dir='ltr'><strong>ςε</strong></span> <span class='ocrx_word' id='word_1_252' title='bbox 1755 4408 2059 4510; x_wconf 84' lang='lat' dir='ltr'><strong>Jupiter</strong></span> <span class='ocrx_word' id='word_1_253' title='bbox 2094 4406 2467 4501; x_wconf 86' lang='lat' dir='ltr'><strong>Herceus,</strong></span> <span class='ocrx_word' id='word_1_254' title='bbox 2524 4406 2643 4482; x_wconf 89' lang='lat' dir='ltr'><strong>cui</strong></span> <span class='ocrx_word' id='word_1_255' title='bbox 2681 4429 2853 4481; x_wconf 84' lang='lat' dir='ltr'><strong>arae</strong></span> <span class='ocrx_word' id='word_1_256' title='bbox 2888 4402 3000 4481; x_wconf 90' lang='lat' dir='ltr'><strong>di-</strong></span> 
     </span>
     <span class='ocr_line' id='line_1_31' title="bbox 235 4528 2763 4642; baseline -0.004 -27"><span class='ocrx_word' id='word_1_257' title='bbox 235 4550 446 4617; x_wconf 83' lang='lat' dir='ltr'><strong>catae</strong></span> <span class='ocrx_word' id='word_1_258' title='bbox 481 4550 656 4616; x_wconf 87' lang='lat' dir='ltr'><strong>sunt</strong></span> <span class='ocrx_word' id='word_1_259' title='bbox 693 4539 888 4615; x_wconf 88' lang='lat' dir='ltr'><strong>intra</strong></span> <span class='ocrx_word' id='word_1_260' title='bbox 925 4550 1220 4642; x_wconf 89' lang='lat' dir='ltr'><strong>septum</strong></span> <span class='ocrx_word' id='word_1_261' title='bbox 1256 4537 1508 4635; x_wconf 82' lang='lat' dir='ltr'><strong>aulae3</strong></span> <span class='ocrx_word' id='word_1_262' title='bbox 1563 4535 1758 4637; x_wconf 87' lang='lat' dir='ltr'><strong>quod</strong></span> <span class='ocrx_word' id='word_1_263' title='bbox 1797 4532 2072 4613; x_wconf 79' lang='lat' dir='ltr'><strong>Graeci</strong></span> <span class='ocrx_word' id='word_1_264' title='bbox 2109 4534 2330 4628; x_wconf 73' lang='grc' dir='ltr'><strong><em>ἕρκος</em></strong></span> <span class='ocrx_word' id='word_1_265' title='bbox 2368 4528 2763 4607; x_wconf 88' lang='lat' dir='ltr'><strong>vocabant.</strong></span> 
     </span>
    </p>
   </div>
   <div class='ocr_carea' id='block_1_10' title="bbox 221 4670 3041 5291">
    <p class='ocr_par' dir='ltr' id='par_1_12' title="bbox 221 4670 3025 5033">
     <span class='ocr_line' id='line_1_32' title="bbox 453 4670 2999 4782; baseline -0.005 -21"><span class='ocrx_word' id='word_1_266' title='bbox 453 4683 700 4761; x_wconf 86' lang='lat' dir='ltr'><strong>Schol.</strong></span> <span class='ocrx_word' id='word_1_267' title='bbox 759 4682 856 4763; x_wconf 84' lang='lat' dir='ltr'><strong>ad</strong></span> <span class='ocrx_word' id='word_1_268' title='bbox 909 4682 1204 4760; x_wconf 89' lang='lat' dir='ltr'><strong>Platon.</strong></span> <span class='ocrx_word' id='word_1_269' title='bbox 1275 4680 1734 4782; x_wconf 85' lang='lat' dir='ltr'><strong>Euthydem..</strong></span> <span class='ocrx_word' id='word_1_270' title='bbox 1789 4678 1969 4755; x_wconf 79' lang='lat'><strong>302.</strong></span> <span class='ocrx_word' id='word_1_271' title='bbox 2035 4676 2128 4753; x_wconf 90' lang='lat' dir='ltr'><strong>D.</strong></span> <span class='ocrx_word' id='word_1_272' title='bbox 2188 4674 2303 4753; x_wconf 88' lang='lat' dir='ltr'><strong>ed.</strong></span> <span class='ocrx_word' id='word_1_273' title='bbox 2362 4670 2597 4751; x_wconf 78' lang='lat' dir='ltr'><strong>Bekk.</strong></span> <span class='ocrx_word' id='word_1_274' title='bbox 2651 4700 2724 4775; x_wconf 82' lang='lat' dir='ltr'><strong>p.</strong></span> <span class='ocrx_word' id='word_1_275' title='bbox 2775 4672 2999 4749; x_wconf 79' lang='lat'><strong>869.:</strong></span> 
     </span>
     <span class='ocr_line' id='line_1_33' title="bbox 221 4792 3025 4907; baseline -0.002 -26"><span class='ocrx_word' id='word_1_276' title='bbox 221 4803 578 4907; x_wconf 69' lang='lat' dir='ltr'><strong>‘&#39;Eomog·</strong></span> <span class='ocrx_word' id='word_1_277' title='bbox 641 4813 822 4906; x_wconf 74' lang='grc' dir='ltr'><strong><em>ἕρκη</em></strong></span> <span class='ocrx_word' id='word_1_278' title='bbox 877 4802 1059 4893; x_wconf 75' lang='grc' dir='ltr'><strong><em>τούς</em></strong></span> <span class='ocrx_word' id='word_1_279' title='bbox 1116 4803 1390 4891; x_wconf 79' lang='grc' dir='ltr'><strong><em>οἴκους</em></strong></span> <span class='ocrx_word' id='word_1_280' title='bbox 1435 4799 1858 4895; x_wconf 80' lang='grc' dir='ltr'><strong><em>Ἀθηναῖοί</em></strong></span> <span class='ocrx_word' id='word_1_281' title='bbox 1914 4821 2194 4895; x_wconf 84' lang='grc' dir='ltr'><strong><em>φασιν·</em></strong></span> <span class='ocrx_word' id='word_1_282' title='bbox 2257 4802 2350 4874; x_wconf 79' lang='grc' dir='ltr'><strong>ἐκ</strong></span> <span class='ocrx_word' id='word_1_283' title='bbox 2382 4793 2671 4873; x_wconf 74' lang='grc' dir='ltr'><strong><em>τούτου</em></strong></span> <span class='ocrx_word' id='word_1_284' title='bbox 2706 4792 2807 4872; x_wconf 82' lang='grc' dir='ltr'><strong>’δὲ</strong></span> <span class='ocrx_word' id='word_1_285' title='bbox 2858 4797 3025 4875; x_wconf 68' lang='grc' dir='ltr'><strong>καί,</strong></span> 
     </span>
     <span class='ocr_line' id='line_1_34' title="bbox 241 4918 2891 5033; baseline -0.003 -26"><span class='ocrx_word' id='word_1_286' title='bbox 241 4930 442 5020; x_wconf 70' lang='grc' dir='ltr'><strong><em>Ζεύς</em></strong></span> <span class='ocrx_word' id='word_1_287' title='bbox 473 4940 728 5033; x_wconf 73' lang='grc' dir='ltr'><strong><em>ἕρκιος</em></strong></span> <span class='ocrx_word' id='word_1_288' title='bbox 763 4938 937 5033; x_wconf 88' lang='grc' dir='ltr'><strong><em>παρ’</em></strong></span> <span class='ocrx_word' id='word_1_289' title='bbox 977 4926 1244 5017; x_wconf 77' lang='grc' dir='ltr'><strong><em>αὐτοῖς</em></strong></span> <span class='ocrx_word' id='word_1_290' title='bbox 1265 4988 1286 5021; x_wconf 91' lang='grc'>,</span> <span class='ocrx_word' id='word_1_291' title='bbox 1347 4923 1443 5007; x_wconf 80' lang='grc' dir='ltr'><strong>ὃν</strong></span> <span class='ocrx_word' id='word_1_292' title='bbox 1477 4927 1755 5029; x_wconf 74' lang='grc' dir='ltr'><strong><em>ἵδρυον</em></strong></span> <span class='ocrx_word' id='word_1_293' title='bbox 1791 4934 1878 5003; x_wconf 76' lang='grc' dir='ltr'><strong>ἓν</strong></span> <span class='ocrx_word' id='word_1_294' title='bbox 1916 4923 2217 5011; x_wconf 76' lang='grc' dir='ltr'><strong><em>τούτοις</em></strong></span> <span class='ocrx_word' id='word_1_295' title='bbox 2254 4920 2611 5019; x_wconf 76' lang='grc' dir='ltr'><strong><em>φυλακῆς</em></strong></span> <span class='ocrx_word' id='word_1_296' title='bbox 2629 4918 2891 5019; x_wconf 80' lang='grc' dir='ltr'><strong><em>χάριν.</em></strong></span> 
     </span>
    </p>

    <p class='ocr_par' dir='ltr' id='par_1_13' title="bbox 241 5049 3041 5291">
     <span class='ocr_line' id='line_1_35' title="bbox 453 5049 3041 5159; baseline -0.007 -18"><span class='ocrx_word' id='word_1_297' title='bbox 453 5064 782 5157; x_wconf 88' lang='lat' dir='ltr'><strong>(Domus</strong></span> <span class='ocrx_word' id='word_1_298' title='bbox 815 5060 998 5159; x_wconf 74' lang='grc' dir='ltr'><strong>ἕρκη</strong></span> <span class='ocrx_word' id='word_1_299' title='bbox 1048 5060 1302 5137; x_wconf 89' lang='lat' dir='ltr'><strong>dicunt</strong></span> <span class='ocrx_word' id='word_1_300' title='bbox 1335 5058 1848 5139; x_wconf 84' lang='lat' dir='ltr'><strong>Athenienses.</strong></span> <span class='ocrx_word' id='word_1_301' title='bbox 1886 5092 1893 5100; x_wconf 95' lang='lat'><strong>·</strong></span> <span class='ocrx_word' id='word_1_302' title='bbox 1926 5056 2123 5132; x_wconf 87' lang='lat' dir='ltr'><strong>Hinc</strong></span> <span class='ocrx_word' id='word_1_303' title='bbox 2160 5052 2356 5155; x_wconf 84' lang='lat' dir='ltr'><strong>apud</strong></span> <span class='ocrx_word' id='word_1_304' title='bbox 2386 5052 2561 5129; x_wconf 72' lang='lat' dir='ltr'><strong>illos</strong></span> <span class='ocrx_word' id='word_1_305' title='bbox 2598 5051 2821 5127; x_wconf 83' lang='lat' dir='ltr'><strong>etiam</strong></span> <span class='ocrx_word' id='word_1_306' title='bbox 2861 5049 2916 5125; x_wconf 89' lang='lat' dir='ltr'><strong>J</strong></span> <span class='ocrx_word' id='word_1_307' title='bbox 2918 5074 2997 5125; x_wconf 85' lang='lat' dir='ltr'><strong>u·-</strong></span> <span class='ocrx_word' id='word_1_308' title='bbox 3028 5050 3041 5075; x_wconf 79' lang='grc'><strong>”</strong></span> 
     </span>
     <span class='ocr_line' id='line_1_36' title="bbox 241 5175 3003 5291; baseline -0.005 -23"><span class='ocrx_word' id='word_1_309' title='bbox 241 5190 436 5291; x_wconf 82' lang='lat' dir='ltr'><strong>piter</strong></span> <span class='ocrx_word' id='word_1_310' title='bbox 469 5188 836 5285; x_wconf 67' lang='lat' dir='ltr'><strong>Herceum,</strong></span> <span class='ocrx_word' id='word_1_311' title='bbox 895 5210 1120 5289; x_wconf 87' lang='lat' dir='ltr'><strong>quem</strong></span> <span class='ocrx_word' id='word_1_312' title='bbox 1155 5185 1232 5261; x_wconf 88' lang='lat' dir='ltr'><strong>in</strong></span> <span class='ocrx_word' id='word_1_313' title='bbox 1273 5184 1618 5265; x_wconf 86' lang='lat' dir='ltr'><strong>domibus</strong></span> <span class='ocrx_word' id='word_1_314' title='bbox 1659 5179 2039 5261; x_wconf 83' lang='lat' dir='ltr'><strong>custodiae</strong></span> <span class='ocrx_word' id='word_1_315' title='bbox 2062 5178 2319 5279; x_wconf 84' lang='lat' dir='ltr'><strong>,gratia</strong></span> <span class='ocrx_word' id='word_1_316' title='bbox 2356 5175 2899 5266; x_wconf 69' lang='lat' dir='ltr'><strong>collecabant.)</strong></span> <span class='ocrx_word' id='word_1_317' title='bbox 2992 5244 3003 5254; x_wconf 86' lang='lat'><strong>.</strong></span> 
     </span>
    </p>
   </div>
  </div>
 </body>
</html>
