3725 5850
1019 469 1641 527 comm-Amos
1678 469 1786 522 An
1827 459 1989 549 1559.
2032 462 2194 526 155⁴.
2236 465 2395 526 1⁵58.
2934 447 3095 527 03⁴7

311 651 529 741 multi
567 655 824 742 furtim
863 659 1265 743 evehentes
1302 661 2059 767 deprehenderentur,
2099 665 2227 768 qui
2262 663 2535 742 horum
2560 665 2862 742 nomina
2893 665 3094 770 apud

296 785 594 888 judices
631 788 1093 888 deferebant,
1131 799 1293 868 tum
1327 791 1646 893 primum
1683 787 2189 891 sycophantas
2228 793 2546 885 (ficuum
2576 789 2897 882 indices)
2934 815 3094 868 esse

309 911 752 992 nominatos.

1470 1033 1624 1122 Ad
1663 1035 1954 1124 1⁸⁸0.

517 1219 906 1302 Demosth.
945 1219 1380 1300 Zenothem.
1419 1248 1494 1325 p.
1533 1221 1732 1298 882:
1791 1219 1866 1294 οἱ
1897 1213 2143 1315 ψνόμοι,
2182 1211 2586 1292 κελεύουσι
2610 1271 2635 1308 ,
2694 1211 2829 1306 τάς
2867 1213 3093 1306 δίκας

302 1337 507 1446 εἶναι
541 1353 704 1434 τοῖς
755 1340 1222 1448 ναυκλήροις
1276 1349 1417 1420 καὶ
1476 1353 1636 1435 τοῖς
1689 1338 2050 1446 ἐμπόροις
2100 1341 2259 1419 τῶν
2300 1335 2703 1436 Ἀθήναζε
2754 1339 3093 1418 καὶτῶν

289 1463 752 1562 Ἀθήνηθεν
789 1471 1332 1570 συμβολαίων,
1390 1475 1534 1548 καὶ
1584 1473 1749 1570 περὶ
1789 1455 1903 1544 οἷν
1940 1461 2047 1544 ἂν
2082 1459 2221 1546 ὦσι
2262 1469 2731 1574 συγγραφαί.
2805 1467 3091 1574 (Leges

290 1595 567 1698 jubent
603 1600 937 1678 actiones
972 1598 1132 1678 dari
1177 1600 1658 1680 naviculariis
1696 1611 1772 1678 et
1807 1596 2407 1702 negotiatoribus
2443 1599 2522 1674 in
2559 1597 2649 1676 iis
2688 1596 3086 1676 contracti-

300 1722 446 1800 bus
467 1779 488 1816 ,
542 1725 670 1828 qui
705 1723 1048 1806 Athenas
1084 1725 1383 1806 aliunde
1422 1737 1498 1805 et
1537 1724 1850 1804 Athenis
1888 1724 2036 1806 alio
2070 1724 2533 1822 referantur,
2570 1733 2649 1802 et
2684 1719 2776 1802 de
2816 1723 3089 1826 quibus

305 1861 566 1928 extent
599 1849 970 1947 tabulae.)
2546 1892 2551 1896 ·

517 1991 944 2074 Secundum
1001 1997 1480 2074 scholiastam
1533 1999 1613 2074 in
1669 1991 2197 2099 Aristophanis
2252 1993 2557 2072 Plutum
2612 1996 2724 2088 (v.
2783 1991 3085 2089 1155),

302 2119 626 2222 quinque
667 2121 971 2198 fuerant
1007 2121 1484 2200 venditorum
1519 2145 1846 2222 genera:
1884 2112 2331 2210 αύτοπώλης
2369 2119 2887 2222 (propriorum
2904 2142 3085 2196 ven-

299 2244 579 2343 ditor);
615 2241 962 2336 κάπηλος
997 2248 1372 2351 (caupo);
1425 2248 1758 2348 ἔμπορος
1793 2247 2279 2344 (mereatorh
2320 2238 2898 2348 παλιγκάπηλος
2936 2245 3087 2338 (ro-

303 2369 654 2450 venditor
675 2431 694 2467 ‚
733 2374 1114 2472 institor);
1159 2369 1634 2471 μεταβολεύς
1675 2372 2095 2474 (propola).
2152 2361 2623 2460 Αύτοπώλης
2660 2367 2865 2448 domi
2900 2393 3084 2446 ven·

301 2496 534 2576 debat
565 2525 740 2576 suas
777 2525 919 2578 res.
977 2497 1242 2603 Caupo
1281 2525 1404 2578 res
1439 2501 1539 2578 ab
1577 2491 1990 2593 αύτοπώλῃ
2031 2507 2323 2600 emptas
2356 2497 2437 2574 in
2472 2496 2741 2578 eadem
2773 2495 3087 2596 region·

300 2621 696 2700 vendebat.
772 2624 1142 2706 Mercator
1194 2653 1318 2704 res
1373 2637 1662 2728 emptas
1719 2625 1814 2704 ad
1873 2622 2313 2728 peregrinas
2347 2622 2697 2722 regiones
2734 2631 3082 2722 exporta-

297 2745 432 2824 bat
466 2747 562 2826 ad
601 2749 1102 2827 vendendum.
1177 2751 1638 2830 Revenditor
1689 2777 1808 2829 res
1866 2773 1913 2826 a
1948 2758 2363 2826 mercatore
2419 2757 2712 2849 emptas
2769 2769 3081 2826 venum-

297 2871 545 2951 dabat.
618 2873 954 2976 Propola
987 2884 1244 2954 autem
1275 2887 1568 2955 tantum
1603 2876 1875 2978 cotylis
1912 2871 2309 2951 vendebat.

385 3016 390 3021 ’
511 3018 626 3095 De
665 3018 1130 3121 cauponibus
1167 3018 1349 3098 dicit
1384 3018 1606 3099 Plato
1645 3019 1816 3114 (Po
1835 3017 1999 3096 liti
2022 3043 2063 3093 c
2082 3043 2189 3095 us
2226 3014 2407 3113 260,
2444 3017 2605 3111 D),
2660 3014 2863 3115 quod
2902 3014 3078 3093 alio·

298 3168 460 3220 rum
501 3169 739 3245 opera
773 3144 980 3245 prius
1017 3144 1322 3223 vendita
1357 3144 1852 3249 suscipientes
1888 3144 2035 3245 ipsi
2075 3168 2327 3221 rursus
2364 3140 2718 3220 vendant.

1456 3392 1609 3476 Ad
1647 3393 1939 3477 15⁵4.

510 3556 600 3637 In
637 3556 1082 3637 editionibus
1115 3557 1426 3661 legitur:
1485 3554 1762 3649 οἰκῆος
1816 3558 1959 3633 καὶ
2010 3550 2304 3655 βλάβης
2354 3548 2497 3644 τὴν
2552 3548 2841 3644 δούλην
2875 3548 3074 3630 εἶναι

296 3674 663 3777 ὀφείλειν.
743 3684 911 3761 Ηοο
947 3696 1200 3763 tamen
1236 3686 1527 3764 nullum
1562 3711 1869 3765 sensum
1922 3682 2249 3788 praebet.
2326 3679 2703 3759 Heraldus
2738 3682 3069 3784 suspica-

290 3820 410 3886 tus
449 3820 562 3885 est
595 3810 1075 3888 scribendum
1111 3831 1271 3889 esse
1313 3806 1587 3901 οἰκῆος
1621 3814 1764 3885 καὶ
1805 3803 2079 3901 δούλης
2124 3803 2268 3899 τὴν
2300 3806 2654 3907 βλάβην,
2713 3808 2915 3909 quod
2952 3833 3073 3885 su-

293 3934 665 4037 perfluum
703 3962 866 4015 esse
905 3936 1238 4035 videtur,
1296 3962 1468 4015 cum
1523 3931 1762 4027 δούλη
1817 3936 1973 4015 sub·
2017 3931 2288 4025 οἰκῆος
2336 3932 2815 4031 intelligatur.
2893 3932 3074 4011 Ideo

293 4060 668 4140 adhaereo
726 4060 1361 4163 Schellingio
1422 4062 1559 4157 (de
1619 4061 1919 4141 Solonis
1974 4060 2305 4160 Legibus
2362 4087 2433 4161 p.
2480 4057 2695 4155 138),
2756 4058 2881 4158 qui
2930 4051 3077 4165 γῆν

295 4180 588 4277 δούλην
623 4198 974 4291 corrupta
1006 4187 1234 4267 habet
1276 4215 1416 4290 pro
1450 4182 1598 4277 τὴν
1633 4182 1938 4277 διπλῆν.

419 4420 424 4423 ,
505 4330 1073 4410 Ammonius
1129 4358 1188 4409 s,
1229 4359 1297 4409 v.
1360 4326 1802 4431 Οἰκότριψ.·
1861 4322 2065 4430 παρά
2107 4323 2419 4404 Σόλωνι
2454 4331 2541 4402 ἐν
2598 4316 2868 4415 ἅξοσιν
2927 4328 3070 4399 οἶ-

293 4449 531 4542 κεύς
585 4458 949 4546 κέκληται
987 4444 1032 4531 ό
1073 4454 1468 4558 οἰκότριψ.

1447 4649 1604 4735 Ad
1638 4652 1929 4737 1558.

503 4816 796 4896 Clarius
853 4818 1292 4921 intelligitur
1345 4816 1531 4897 haec
1585 4820 1708 4898 lex
1758 4846 1800 4897 e
1835 4816 2368 4921 Xenophontis
2403 4811 2737 4892 Historia
2771 4810 3069 4890 Graeca

288 4945 385 5039 II,
423 4945 498 5041 4,
536 4944 632 5018 41
664 4973 682 5021 τ
740 4936 985 5043 ὥσπερ
1040 4938 1225 5030 τούς
1282 4939 1714 5031 δάκνοντας
1760 4939 2011 5029 κύνας
2045 4937 2297 5041 κλοιῷ
2336 4933 2699 5029 δήσαντες
2736 4932 3065 5035 παραδι-

289 5064 562 5145 δόασιν
587 5126 609 5159 ,
669 5063 874 5144 οὕτω
927 5062 1293 5147 κάκεῖνοι
1349 5062 1552 5169 ύμᾶς
1608 5064 2087 5170 παραδόντας
2150 5064 2260 5167 τῷ
2320 5054 2755 5164 ῆδικημένῳ
2806 5059 3063 5163 τούτῳ

288 5191 500 5296 δήμῳ
537 5195 894 5293 οἷὲτονται
935 5192 1306 5284 ἀπιόντες.
1346 5197 2036 5295 (Quemadmodum
2052 5222 2279 5279 canes
2309 5194 2699 5274 mordaces
2733 5190 3063 5272 numella
