3725 5850
648 445 803 519 502
1492 468 2110 519 coMMENTAmos
2159 468 2256 517 ,m
2297 465 2423 518 665.
2461 464 2589 518 668.

646 654 998 746 λάξας,
1078 652 1272 731 ὅταν
1350 660 1567 751 πείσῃ
1643 650 1785 730 τὸν
1866 654 2358 757 ἐγκαλοῦντα
2445 650 2870 745 ἀποστῆναι
2949 662 3086 730 καὶ
3153 662 3424 753 μηκέτι

644 786 1023 884 ἐγκαλεῖν.
1122 776 1452 878 (Amnis
1524 809 1657 859 seu
1748 786 2277 859 remittens
2351 784 2677 879 dicitur,
2755 808 2982 883 quum
3057 785 3224 885 quis
3295 782 3424 857 ab·

645 911 899 1005 solvat·
962 910 1287 1010 aliquem
1358 909 1828 1003 criminibUS,
1906 936 2222 1008 quorum
2273 909 2521 1009 ipsum
2579 919 2915 1001 accusat3
2994 901 3432 993 ἀπαλλάξας

646 1062 779 1111 seu
843 1037 1428 1133 transigens
1494 1046 1747 1111 autem
1805 1062 2030 1134 quum
2090 1036 2256 1133 quis
2311 1035 2764 1135 persvadeat
2820 1044 3292 1111 accusantem
3350 1039 3432 1105 ut

644 1160 988 1253 desistat,
1046 1185 1188 1235 nec
1226 1161 1549 1261 amplius
1590 1161 1952 1251 accuset.)

858 1304 1248 1381 Demosth.
1286 1304 1766 1380 Nausimach.
1809 1313 1885 1379 et
1919 1304 2325 1404 Xenopith.
2369 1305 2564 1379 984:
2607 1298 3062 1377 δεδωκότων
3097 1299 3254 1375 τῶν
3291 1294 3432 1373 νό-

637 1456 811 1527 μων
852 1424 1516 1529 παραγράψασθαι
1556 1430 1721 1523 περὶ
1762 1414 1876 1499 ὧν
1915 1417 2019 1499 ἄν
2068 1455 2178 1510 τις
2237 1420 2458 1521 ἀφεὶς
2514 1432 2651 1499 καὶ
2711 1422 3150 1517 ἀπαλλάξας
3199 1420 3434 1498 πάλιν

648 1549 1069 1643 δικάζηται.
1145 1556 1437 1654 (Leges
1495 1566 1950 1655 potestatem
2008 1555 2427 1655 excipiendi
2485 1555 2854 1633 dederunt
2905 1555 2996 1631 iis
3045 1554 3135 1630 de
3183 1556 3430 1647 rebuS,

646 1706 834 1781 quae
875 1705 1106 1780 quum
1142 1680 1493 1757 remissae
1531 1689 2101 1780 transactaeque
2139 1691 2354 1774 sunt,
2411 1681 2490 1755 in
2517 1681 2883 1781 judicium
2919 1682 3434 1771 revocantur.)

860 1822 1104 1900 Ibid.
1163 1823 1357 1898 989:
1416 1823 1663 1921 Leges
1722 1823 1956 1898 semel
2013 1818 2273 1897 iisdem
2331 1823 2424 1897 de
2484 1823 2708 1900 rebus
2765 1850 2932 1899 cum
2990 1822 3256 1899 eodem
3310 1823 3432 1921 agi

640 1949 933 2049 jubent.

861 2091 1125 2167 Idem
1178 2091 1383 2168 adv,
1442 2090 1827 2192 Leptin.
1892 2092 2086 2165 502:
2144 2092 2392 2187 Leges
2451 2104 2748 2187 vetant,
2807 2117 2899 2168 ne
2949 2092 3066 2168 bis
3104 2118 3272 2169 cum
3311 2118 3432 2168 eo-

649 2218 820 2293 dem
855 2215 1117 2293 iisdem
1156 2218 1249 2295 de
1286 2219 1510 2294 rebus
1551 2217 1672 2294 vel
1727 2217 1857 2293 lite
1919 2218 2042 2291 vel
2098 2216 2513 2293 rationibus
2569 2218 2964 2294 reddendis
3023 2219 3140 2295 vel
3195 2232 3432 2295 certa·

648 2344 851 2419 tione
888 2343 1011 2419 vel
1047 2344 1200 2420 ullo
1240 2344 1386 2419 alio
1426 2343 1559 2419 tali
1598 2343 1823 2447 modo
1863 2344 1988 2443 agi
2028 2343 2263 2420 liceat.

862 2488 1279 2564 Isocrat.
1338 2487 1545 2593 adv,
1610 2486 2190 2563 Callimach.
2252 2483 2317 2587 ξ.
2364 2487 2502 2560 11;
2561 2488 2812 2579 Quum
2852 2514 2994 2585 ego
3035 2500 3222 2566 teste
3261 2518 3435 2590 pro-

651 2612 876 2688 ducto
916 2614 1288 2688 actionem
1329 2612 1486 2687 dari
1527 2638 1743 2713 posse
1792 2605 1992 2705 (οὐκ
2036 2606 2540 2712 εἰσαγώγιμος
2581 2602 2678 2699 ἦν
2713 2601 2752 2700 ἦ
2797 2606 3014 2705 δίκη)
3055 2640 3435 2714 negarem,

652 2737 851 2837 quod
892 2738 1283 2813 arbitrium
1336 2737 1877 2814 intercessisset
1933 2733 2269 2832 (διαίτης
2307 2738 2880 2838 γεγενημένης),
2939 2740 3144 2814 litem
3180 2764 3432 2838 perse·

652 2874 866 2940 cutus
904 2890 1061 2941 non
1102 2874 1235 2940 est.

869 3007 1145 3084 Similis
1186 3008 1526 3110 exceptio
1587 3009 1837 3083 locum
1893 3001 2222 3085 habebat
2263 3009 2482 3084 etiam
2522 3008 2724 3108 apud
2763 3009 3162 3086 Romanos.
3237 3011 3442 3085 Dicit

656 3137 852 3212 enim
910 3135 1225 3235 Gajus
1284 3137 1653 3228 (Instit.
1713 3135 1845 3230 IV,
1894 3135 2128 3228 1163:
2187 3138 2248 3211 si
2287 3146 2550 3236 pactus
2590 3137 2796 3210 fuero
2835 3147 3118 3228 tecum,
3176 3163 3274 3211 ne
3316 3137 3438 3230 id,

656 3261 856 3361 quod
894 3259 1074 3336 mihi
1120 3259 1437 3353 debeaS,
1488 3287 1533 3336 a
1570 3274 1642 3334 te
1681 3271 1974 3360 petam,
2035 3260 2512 3336 nihilominus
2549 3261 2626 3335 id
2663 3261 2828 3360 ipso
2855 3261 3027 3359 jure
3069 3273 3140 3335 te
3179 3273 3438 3362 petere

656 3413 961 3488 possum
1019 3385 1195 3461 dare
1253 3383 1429 3460 mihi
1490 3396 1833 3486 oportere
1862 3443 1881 3480 ,
1942 3387 2118 3485 quia
2175 3385 2533 3484 obligatio
2587 3398 2812 3486 pacto
2873 3363 3246 3461 convento
3287 3413 3439 3460 non

657 3511 978 3607 tollitur3
1032 3510 1163 3586 sed
1202 3513 1490 3612 placet,
1548 3510 1820 3586 debere
1882 3537 2002 3586 me
2064 3520 2441 3610 petentem
2495 3535 2632 3611 per
2685 3511 3200 3611 exceptionem
3238 3513 3438 3613 pacti

659 3637 1009 3714 conventi
1047 3635 1326 3736 repelli.

1836 3756 1988 3839 Ad
2035 3757 2265 3839 008.

876 3939 1143 4018 Suidas
1183 3969 1238 4017 s·
1279 3968 1350 4017 v,
1392 3937 1885 4041 Παραγραφή
1909 3972 1933 4013 .·
1991 3943 2358 4042 Exceptio
2411 3953 2563 4034 est,
2623 3967 2792 4015 cum
2829 3943 2992 4040 quis
3031 3946 3439 4038 contendit,

662 4095 861 4159 rem,
904 4067 997 4142 de
1036 4092 1185 4165 qua
1222 4078 1335 4142 est
1373 4070 1916 4162 controversia,
1976 4069 2054 4143 in
2081 4068 2451 4168 judicium
2487 4078 2661 4143 ante
2701 4067 3142 4164 adductam,
3183 4073 3438 4168 cogni-

661 4196 1087 4292 tionemque
1130 4192 1223 4267 de
1263 4218 1352 4268 ea
1388 4192 1723 4269 habitam
1760 4194 2025 4286 fuisse,
2087 4194 2181 4268 ob
2243 4219 2556 4292 eamque
2595 4217 2894 4268 causam
2933 4193 3181 4269 denuo
3222 4195 3318 4271 de
3357 4223 3442 4271 ea

649 4319 969 4422 judicari
1006 4345 1162 4394 non
1199 4329 1581 4419 oportere,
1646 4321 1778 4396 sed
1817 4320 2068 4419 potius
2104 4319 2310 4417 leges
2336 4318 2720 4418 judicibus
2761 4319 3057 4414 recitat,
3117 4343 3310 4420 quae
3350 4322 3438 4397 de

662 4447 887 4521 rebus
918 4444 1188 4520 iisdem
1226 4445 1521 4543 saepius
1549 4445 1891 4545 judicare
1929 4471 2084 4520 non
2123 4444 2412 4536 sinant3
2467 4470 2694 4544 porro
2743 4469 2909 4520 cum
2947 4446 3182 4520 verba
3225 4447 3438 4540 facit,

650 4570 1031 4672 judicibus
1090 4569 1494 4645 ostendens
1552 4571 1645 4648 de
1702 4570 1959 4646 eadem
2009 4569 2514 4646 controversia
2552 4596 2720 4662 eOS,
2781 4570 2908 4668 qui
2951 4581 3122 4645 ante
3148 4572 3440 4671 judica-

662 4698 861 4787 rint,
920 4705 994 4769 et
1036 4695 1239 4794 juste
1279 4706 1353 4770 et
1402 4695 1812 4770 secundum
1846 4695 2052 4793 leges
2089 4694 2539 4770 sententiam
2575 4694 2851 4770 tulisse.
2929 4695 3096 4772 Hoc
3134 4709 3441 4773 vocatur

664 4821 1046 4922 Exceptio.
1120 4821 1207 4896 Id
1263 4822 1533 4898 dicitur
1588 4825 1811 4898 etiam
1868 4825 1946 4897 in
1988 4849 2251 4915 causa,
2311 4824 2404 4897 de
2444 4849 2592 4923 qua
2632 4822 2920 4920 legibus
2960 4823 3144 4898 nihil
3182 4823 3438 4898 defini-

666 4957 829 5022 tum
865 4956 1016 5040 est,
1076 4973 1444 5048 quamque
1503 4975 1723 5025 nemo
1772 4949 1850 5022 in
1894 4949 2264 5048 judicium
2301 4949 2760 5044 introducat,
2825 4960 2904 5024 ut
2949 4959 3234 5023 ceteras
3273 4975 3436 5023 cau·

667 5097 807 5146 sas,
884 5070 1196 5146 Ceterae
1255 5074 1453 5147 enim
1508 5101 1779 5150 causae
1835 5076 1987 5150 suis
2041 5099 2379 5173 quaeque
2437 5085 2611 5148 sunt
2663 5073 3225 5172 magistratibus
3265 5073 3436 5149 assi-

666 5207 983 5294 gnatae,
1044 5198 1171 5296 qui
1228 5223 1351 5274 eas
1410 5198 1486 5271 in
1528 5197 1893 5297 judicium
1950 5197 2452 5274 introducant.
2530 5199 2992 5300 Exceptione
3041 5199 3268 5296 igitur
3299 5198 3435 5273 illis
