3725 5850
1377 438 1480 490 nn
1516 436 1756 487 nepos
1785 437 1911 488 Το.
2884 413 3036 488 391

296 631 576 732 deponit
613 630 754 708 nisi
795 630 1222 726 confiden83
1260 641 1338 708 at
1371 629 1437 704 is
1475 627 1592 704 oui
1629 627 1970 724 debetur,
2022 629 2304 704 amicus
2342 655 2495 704 non
2534 641 2665 704 est.
2744 629 3037 706 Deinde

295 766 562 864 praeter
619 754 973 832 damnum
1029 756 1256 833 etiam
1291 755 1474 832 fides
1511 754 1855 832 violatur.
1934 753 2337 832 Praeterea
2374 756 2697 856 depositi
2734 758 3035 858 quidem

293 881 470 960 datio
508 880 968 960 custodiendi
1026 878 1534 984 reddendique
1588 881 1834 978 gratia
1893 881 2016 977 fit3
2071 882 2304 958 mutui
2344 907 2523 960 vero
2567 881 2791 960 etiam
2828 883 3035 962 lueri.

1543 1062 1766 1138 1524.

465 1196 566 1280 ‘O
605 1200 868 1290 διδούς
903 1198 1577 1302 παρακαταθήκην
1615 1203 1824 1304 εἴπερ
1861 1202 2229 1303 βούληαι
2265 1208 2565 1281 τελείαν
2622 1201 2833 1300 32(ch
2887 1201 3032 1278 α’σ-

289 1329 632 1428 φάλειαν,
689 1329 1139 1429 λαμβανέτω
1168 1329 1318 1426 μὲν
1355 1331 1494 1404 καὶ
1533 1325 1847 1432 γράμμα
1885 1335 1977 1405 ἐκ
2036 1327 2184 1405 τοῦ
2230 1325 2658 1428 ἀνθρώπου
2696 1333 3033 1421 ἐκείνου,

287 1454 448 1555 πρὸς
485 1447 582 1531 ὃν
616 1449 762 1545 τήν
799 1453 1474 1554 παρακαταθήκην
1512 1449 1816 1532 διδόναι
1873 1449 2240 1552 βούλεται
2264 1478 2279 1496 ·
2326 1451 2437 1552 μή
2498 1450 2895 1556 ἀρκείσθω
2956 1451 3034 1528 δὲ

281 1579 480 1681 μόνῳ
514 1577 628 1680 τῷ
681 1577 1067 1683 γράμματι
1088 1636 1111 1669 ,
1171 1573 1367 1656 ἀλλά
1425 1583 1565 1654 καὶ
1611 1576 2003 1680 μάρτυρας
2059 1583 2652 1680 προσκαλείσθω
2708 1576 3037 1682 σεμνούς

287 1710 401 1780 καὶ
441 1701 951 1796 ἀξιοπίστους.

477 1833 920 1930 (Zachariae
960 1861 978 1913 z
1019 1823 1204 1913 'Jus
1271 1831 2084 1914 Graeco-Romanum.
2143 1834 2514 1938 Synopsis
2582 1837 2822 1915 minor

2307 1961 2451 2039 Lit.
2494 1962 2601 2058 Π,
2643 1961 2810 2056 96.)

1542 2069 1770 2146 1524.

473 2213 614 2307 Qui
655 2211 1077 2316 depositum
1113 2211 1280 2310 dat,
1321 2212 1381 2288 si
1421 2213 1752 2315 perfecte
1791 2223 2195 2291 tutus’esse
2237 2213 2442 2308 vult,
2502 2207 2819 2314 accipiat
2856 2213 3029 2290 scri-

282 2349 470 2440 ptum
524 2339 618 2414 ab
675 2337 977 2418 homine
1033 2337 1200 2436 illo,
1261 2338 1380 2416 oui
1439 2340 1863 2443 depositum
1924 2339 2099 2417 dare
2153 2340 2331 2417 vult.
2405 2339 2517 2414 Ne
2557 2349 3031 2416 contentetur

281 2475 507 2540 autem
562 2465 720 2542 solo
791 2463 1109 2566 seriptO,
1185 2464 1318 2542 sed
1373 2466 1600 2546 etiam
1657 2475 1887 2542 testes
1944 2489 2165 2542 vocet
2222 2463 2689 2542 venerandos
2748 2476 2824 2542 et
2881 2464 3027 2542 fide

283 2571 546 2690 dignos'.
2812 2594 2819 2603 ·

1530 2699 1756 2777 1525.

474 2845 572 2912 Μ
587 2869 620 2915 ε
642 2863 740 2914 σε
760 2864 810 2941 γ
829 2865 878 2943 y
897 2834 950 2914 ύ
981 2867 1022 2929 η
1036 2869 1099 2937 μ
1122 2865 1171 2912 α
1225 2833 1315 2912 τὸ
1356 2829 1858 2944 ὃμολογηθὲν
1894 2833 2275 2944 ἀργύριον
2330 2845 2503 2939 παρ’
2541 2833 2769 2937 ἀνδρὶ
2816 2845 3027 2939 μέσῳ

280 2972 640 3069 γινομένῳ
678 2963 1008 3069 ἐγγυητῇ
1040 2962 1171 3056 τῆς
1210 2960 1662 3052 ἀποδόσεως.
2210 2968 2815 3069 [Harpocratio.)

1538 3148 1764 3223 1525.

472 3291 836 3367 Mei-cedis
891 3292 1196 3391 sponsio
1255 3302 1366 3367 est
1415 3301 1638 3392 pacta
1691 3292 2016 3392 pecunia
2055 3289 2258 3392 apud
2296 3300 2755 3393 sequestrem
2794 3292 3022 3396 depo-

277 3416 436 3513 sita,
491 3416 616 3519 qui
653 3415 1136 3493 restitutionis
1175 3427 1288 3493 est
1325 3415 1738 3518 fidejussor.

1519 3596 1742 3673 1526.

455 3734 547 3811 ’E
567 3767 663 3810 πι
689 3733 780 3811 δι
805 3740 961 3812 ατί
986 3743 1098 3813 θε
1121 3764 1168 3815 σ
1190 3744 1247 3814 θ
1268 3742 1367 3814 αἱ
1423 3745 1579 3815 ἐστι
1615 3736 1703 3815 τὸ
1741 3738 2149 3832 συνθήκας
2183 3737 2399 3829 τινὰς
2438 3746 2826 3815 ποιεῖσθαι
2865 3770 3019 3813 κα-

277 3870 800 3964 τατιθεμένους
836 3890 908 3939 τι
947 3860 1177 3963 ῥητὸν
1213 3859 1585 3969 ἀργύριον
1621 3862 1824 3965 παρά
1859 3893 2013 3942 τινι
2050 3864 2209 3942 τῶν
2235 3860 2525 3966 μεταξύ
2567 3872 3019 3969 γινομένων,

277 3985 482 4089 ὅσπερ
519 3987 889 4093 ἐγγυᾶται
927 3994 1262 4090 ἑκατέρῳ
1299 3984 1528 4081 ὥστε,
1585 3997 1661 4068 εἰ
1695 3984 1735 4083 ἦ
1778 3994 2045 4092 πρᾶξις
2080 4000 2418 4097 γένοιτο,
2482 3996 2780 4091 θατέρῳ
2818 3989 3015 4065 πάν-

274 4147 397 4204 τως
430 4114 515 4192 τὸ
556 4107 1152 4219 ὦμολογημένον
1189 4112 1562 4220 ἀργύριον
1615 4112 2080 4197 ἀποδοῦναι.
2148 4115 2255 4193 Τὸ
2314 4115 2391 4193 δὲ
2450 4115 2758 4220 πρᾶγμα
2819 4113 3015 4193 αὐτο
3052 4114 3071 4141 “

273 4244 544 4349 λέγεται
597 4249 635 4321 ι’·
655 4273 709 4319 π
730 4270 758 4317 ι
779 4240 827 4318 ὃ
843 4272 870 4317 ι
891 4270 942 4319 α
967 4246 1026 4319 θ
1047 4240 1090 4335 ἡ
1112 4272 1170 4317 κ
1187 4274 1250 4335 η.
1775 4314 1778 4317 .
2200 4244 2803 4349 (HarpocratiO.)

1525 4354 1753 4435 1526.

459 4498 749 4596 Pignus
803 4497 1176 4599 deponere
1233 4509 1348 4575 est
1399 4499 1719 4601 pacisci,
1797 4510 2001 4575 certa
2056 4497 2417 4598 pecuniae
2467 4522 2757 4573 summa
2812 4498 3013 4598 apud

273 4635 702 4723 sequestrem
758 4625 1138 4726 deposita,
1215 4628 1339 4727 qui
1395 4624 1718 4728 spondet
1774 4626 2063 4727 utrique
2086 4682 2105 4718 ‚
2180 4651 2259 4700 se
2315 4623 2654 4699 confecto
2709 4625 3012 4722 negotio

273 4760 544 4846 pactam
600 4751 1000 4851 pecuniam
1051 4752 1267 4829 alteri
1313 4753 1846 4833 restituturum.
1924 4754 2103 4858 Ipsa
2158 4776 2339 4830 vero
2387 4775 2505 4831 res
2560 4748 2828 4830 dieitur
2882 4778 2931 4857 p
2952 4751 3007 4827 i-

272 4876 588 4975 gnotis
644 4872 1176 4983 depositio·
