3725 5850
691 432 848 505 504
1376 454 1997 505 coMMEN'rAmus
2034 453 2140 501 Ao
2181 450 2307 503 676.
2348 450 2473 503 677.
2512 451 2637 505 6¹78.
2679 450 2807 505 682.

691 639 896 739 παρὰ
933 640 1180 719 ταῦτα
1219 638 1616 732 δικάζηται
1640 697 1661 730 ,
1713 637 1822 737 μή
1865 637 2384 744 εἰσαγώγιμον
2429 637 2625 715 εἶναι
2664 637 2810 731 τήν
2847 639 3101 733 δίκην.
3180 649 3463 741 (Quum

689 772 1132 873 exceptione
1172 798 1339 848 sum
1373 796 1592 863 usus,
1651 797 1806 846 non
1866 770 2269 846 convenire
2324 770 2520 845 hanc
2568 770 2977 865 actionem,
3038 772 3133 848 de
3169 772 3459 871 legibus

686 897 1008 999 primum
1045 896 1286 973 dicam
1311 953 1328 987 ,
1384 894 1792 973 secundum
1853 920 2037 995 quas
2084 895 2603 996 exceptionem
2658 898 3000 997 opposui.
3078 898 3315 999 Leges
3340 900 3461 1001 ju-

685 1022 873 1099 bent
927 1023 1256 1099 actiones
1315 1020 1475 1098 dari
1534 1018 2010 1097 naviculariis
2068 1031 2142 1096 et
2200 1020 2805 1119 negotiatoribus·
2830 1021 2909 1097 in
2946 1022 3036 1099 iis
3074 1025 3459 1105 contracti-

687 1148 868 1242 bus,
929 1148 1053 1249 qui
1092 1146 1426 1227 Athenas
1464 1144 1765 1222 aliunde
1806 1157 1883 1221 et
1920 1142 2236 1223 Athenis
2274 1145 2424 1223 alio
2460 1144 2915 1243 referantur,
2957 1159 3032 1225 et
3068 1148 3159 1225 de
3196 1150 3463 1251 quibus

687 1286 948 1353 extent
983 1274 1324 1371 tabulae3
1380 1273 1496 1349 sin
1534 1273 1698 1373 quis
1735 1282 2031 1372 praeter
2080 1270 2267 1347 haec
2322 1272 2531 1348 litem
2586 1272 2965 1371 intendat,
3024 1302 3183 1351 non
3238 1274 3463 1353 intro-

687 1399 1104 1478 ducendam
1141 1424 1304 1476 esse
1341 1400 1774 1491 actionem.)

1867 1534 2018 1618 Aa
2060 1535 2291 1619 676.

901 1704 1578 1808 Harpocratio
1637 1728 1693 1780 s.
1732 1732 1804 1779 v.
1861 1695 2395 1799 αὐτομαχεῖν.·
2450 1702 2531 1780 si
2588 1705 2753 1807 quis
2791 1715 3059 1783 testem
3095 1708 3455 1809 proferat,

688 1832 816 1931 qui
871 1840 1452 1927 contestaretur,
1509 1856 1812 1909 causam
1868 1830 2255 1907 intendere
2311 1854 2449 1930 per
2501 1830 2712 1928 leges
2767 1856 2923 1907 non
2978 1832 3209 1909 licere
3232 1890 3251 1927 ,
3306 1833 3463 1934 ipse

688 1954 988 2055 quidem
1041 1982 1195 2034 non
1251 1957 1573 2059 amplius
1617 1956 1906 2057 judicio
1964 1954 2387 2051 contendit,
2441 1980 2701 2033 verum
2754 1967 2915 2033 tota
2966 1956 3059 2035 lis
3110 1957 3465 2035 adversus

687 2092 1232 2159 contestantem
1270 2093 1634 2159 movetur.

1870 2217 2021 2301 Ad
2060 2220 2292 2301 677.

899 2383 1274 2487 Anonym.
1313 2385 1542 2463 schol.
1580 2388 1659 2462 in
1698 2398 1866 2463 stat.
1906 2412 2069 2487 cap.
2115 2385 2237 2480 16,
2279 2384 2367 2459 7:
2426 2376 2881 2457 Εὐθυδικία
2937 2389 3094 2458 ἐστι
3152 2380 3244 2459 τὸ
3282 2390 3457 2457 κατ’

689 2504 894 2587 εὐθύ
934 2506 1059 2600 τῆς
1100 2506 1316 2599 δίκης
1358 2514 1598 2599 ἰέναι,
1657 2513 1794 2583 καὶ
1842 2504 1949 2607 μὴ
2000 2506 2261 2606 μόνον
2319 2502 2473 2581 ἀπὸ
2532 2506 2681 2582 τοῦ
2741 2506 2989 2607 νόμου
3028 2508 3459 2609 προβάλλε-

688 2643 879 2713 σθαι
919 2628 1230 2725 ἄδειαν,
1294 2630 1496 2709 ἄλλα
1534 2638 1672 2710 καὶ
1714 2630 1855 2725 τὴν
1894 2628 2049 2707 ἀπὸ
2090 2630 2247 2708 τῶν
2286 2629 2754 2737 πραγμάτων
2809 2630 3253 2739 ἀπολογίαν
3290 2667 3463 2710 ποι-

687 2768 970 2841 εῖσθαι.
1049 2764 1394 2858 (Directa
1439 2763 1632 2867 juris
1691 2764 1854 2857 via,
1912 2788 2043 2838 seu
2100 2763 2590 2839 accusationis
2641 2762 3025 2864 depulsi0,
3086 2772 3201 2839 est
3239 2791 3464 2865 quum

687 2890 966 2970 directe
1005 2899 1266 2968 contra
1321 2888 1873 2967 accusationem
1933 2886 2405 2989 proceditur,
2466 2896 2540 2964 et
2576 2911 2729 2963 non
2768 2889 3012 2965 solum
3050 2913 3089 2966 e
3125 2885 3297 2990 lege
3332 2890 3461 2964 im-

687 3017 1010 3094 munitas
1052 3015 1269 3109 facti,
1327 3013 1535 3114 cujus
1575 3039 2051 3110 accusamur,
2106 3013 2569 3108 defenditur,
2608 3013 2739 3090 sed
2778 3024 2853 3090 et
2890 3016 3114 3090 etiam
3152 3041 3247 3092 ex
3284 3015 3462 3116 ipsis

686 3142 910 3219 rebus
946 3141 1284 3219 hauritur
1321 3139 1724 3230 defensio.)

901 3285 1210 3360 Directa
1236 3283 1426 3385 juris
1465 3283 1590 3358 via
1625 3282 1857 3382 igitur
1894 3307 2046 3357 non
2086 3282 2393 3360 recurrit
2430 3281 2524 3358 ad
2563 3284 3107 3384 exceptionem.

902 3425 1172 3504 Suidas
1209 3453 1266 3504 s.
1305 3454 1374 3502 v.
1415 3417 1919 3499 Εὐθυδικία.·
1978 3423 2171 3502 Cum
2226 3425 2389 3525 quis
2444 3425 2523 3500 in
2568 3427 2696 3526 jus
2752 3437 3109 3522 vocatur,
3168 3455 3463 3504 causam

670 3554 1009 3630 dicturus
1036 3552 1130 3628 de
1158 3579 1239 3628 re
1271 3553 1350 3626 in
1376 3551 1662 3652 judicio
1702 3551 2041 3629 nondum
2080 3552 2511 3652 disceptata,
2549 3551 2629 3629 id
2666 3545 2752 3624 εὐ
2766 3547 3095 3624 θυδικία
3134 3565 3460 3630 vocatur.

894 3675 1009 3754 Cf.
1053 3675 1368 3776 Gregor.
1411 3675 1746 3753 Corinth.
1786 3676 1883 3753 ad
1920 3677 2377 3778 Hermogen.
2434 3675 2760 3753 method.
2820 3678 3189 3778 eloquent.
3234 3677 3463 3756 1120.

687 3829 849 3906 cap.
891 3803 964 3880 2.

1862 3902 2014 3986 Ad
2057 3905 2287 3986 678.

685 4155 694 4166 ‚
901 4069 1286 4148 Demosth.
1343 4095 1404 4145 c.
1437 4067 1902 4148 Androtion.
1964 4070 2159 4146 600:
2196 4059 2577 4171 ’Ἑλεγχός
2633 4073 2883 4158 ἐστιν,
2942 4063 3139 4144 ὅταν
3192 4059 3311 4146 ὦν
3364 4063 3467 4146 ἄν

689 4195 864 4292 εἴπῃ
901 4224 1052 4284 τις,
1093 4196 1234 4266 καὶ
1269 4186 1594 4282 τάληθὲς
1636 4184 1839 4288 ὁμοῦ
1884 4188 2093 4288 δείξῃ
2116 4216 2131 4231 ·
2175 4193 2330 4267 ἔστι
2369 4196 2648 4268 τοίνυν
2688 4189 2995 4297 ἀνάγκη
3032 4191 3217 4284 τούς
3255 4202 3463 4301 ἐλέγ-

678 4351 974 4418 χοντας
1021 4314 1070 4409 ἢ
1105 4313 1474 4417 τεκμήρια
1533 4313 1976 4405 δεικνύναι,
2039 4315 2135 4390 δι’
2196 4305 2309 4392 ὦν
2363 4315 2837 4415 ἐμφανιοῦσι
2895 4316 2984 4394 τὸ
3044 4319 3365 4414 πιστὸν,
3422 4319 3465 4414 ἢ

688 4444 784 4521 τοὶ
842 4443 1110 4520 εἰκότα
1165 4441 1532 4542 φράζειν,
1593 4436 1643 4532 ἢ
1688 4439 2080 4541 μάρτυρας
2160 4447 2651 4541 παρέχεσθαι.
2735 4447 3133 4539 (Probatio
3192 4463 3344 4546 est,
3404 4453 3460 4526 si

690 4576 853 4674 quis
894 4599 1084 4673 quae
1142 4573 1356 4662 dicit,
1412 4597 1502 4648 ea
1559 4571 1783 4646 etiam
1838 4594 2022 4645 vera
2079 4596 2240 4648 esse
2296 4572 2639 4646 ostendit.
2718 4572 3043 4648 Necesse
3085 4587 3201 4649 est
3238 4577 3461 4674 igitur

691 4727 819 4776 eos
858 4701 984 4800 qui
1022 4699 1350 4801 probant
1387 4710 1515 4775 aut
1550 4699 2011 4796 arg-umentis
2066 4698 2202 4773 niti
2242 4723 2380 4799 per
2418 4723 2607 4798 quae
2644 4700 2750 4775 rei
2789 4700 3183 4777 veritatem
3222 4703 3455 4779 decla-

687 4835 895 4921 rent,
955 4835 1085 4902 aut
1122 4825 1550 4902 verisimilia
1587 4827 1899 4919 afferre,
1958 4837 2085 4901 aut
2122 4826 2534 4925 producere
2573 4829 2865 4919 testes.)

1865 5034 2016 5118 Ad
2056 5035 2286 5118 082.

821 5317 826 5322 ι
905 5201 1321 5281 Secundum
1361 5203 1675 5301 Leges
1723 5203 2185 5280 Platonis
2237 5203 2459 5298 (937,
2505 5202 2649 5294 AJ:
2706 5206 2769 5281 si
2806 5205 2971 5305 quis
2998 5203 3449 5306 judicantem
