3725 5850
733 433 890 508 120
1823 458 1951 508 ms
1988 456 2410 508 mancum

2027 646 2205 722 494.

939 778 1248 852 Festum
1322 776 1638 852 ollarum
1709 773 2132 852 celebratur
2202 775 2478 850 mensis
2549 773 3141 852 Anthesterionis
3214 771 3493 850 decima

729 903 947 979 tertia
1002 903 1142 978 die.

2036 1011 2213 1085 495.

950 1128 1153 1218 Τούς
1210 1129 1641 1233 κωμῳδούς
1719 1129 1987 1236 ἀγῶνα
2043 1142 2201 1220 τοῖς
2257 1129 2593 1229 Χύτροις
2649 1134 3018 1207 ἐπιτελεῖν
3073 1126 3495 1227 ἐφάμιλλον

731 1265 816 1336 ἐν
851 1256 958 1358 τῷ
1001 1255 1302 1359 θεάτρῳ
1328 1317 1349 1348 ,
1410 1264 1548 1334 καὶ
1587 1255 1730 1336 τὸν
1767 1254 2194 1348 νικήσαντα
2243 1261 2348 1346 εἰς
2389 1249 2584 1334 ἄστυ
2621 1260 3206 1361 καταλέγεσθαι.

1694 1384 2111 1479 (Plutarch.
2150 1386 2245 1462 X.
2286 1394 2552 1460 orator.
2593 1385 2722 1462 vit.
2757 1384 3081 1485 Lyeurg.
3123 1382 3286 1475 10.)

2029 1546 2207 1621 495.

949 1671 1308 1749 Comoedi
1366 1673 1559 1749 festo
1618 1671 1935 1748 ollarum
1990 1682 2369 1748 certamen
2426 1669 2866 1752 theatricum
2920 1674 3289 1750 aemulum
3336 1701 3497 1776 per-

733 1810 965 1897 agant
1002 1799 1387 1900 victorque
1426 1800 1507 1875 in
1546 1796 1808 1874 urbem
1845 1797 2267 1900 recipiatur.

2032 1964 2210 2040 496.

955 2095 1132 2174 Τοῖς
1160 2085 1528 2194 μεγάλοις
1569 2093 2045 2177 Διονυσίοις,
2094 2083 2755 2188 Ἀνθεστηριῶνος
2800 2087 3093 2187 μηνὸς,
3152 2092 3503 2172 πλείονος

735 2197 1187 2321 γιγνομένης
1243 2213 1371 2304 τῆς
1411 2210 1793 2304 δαπάνης,
1854 2211 1957 2300 εἷς
1984 2209 2324 2317 χορηγὸς
2365 2211 2678 2306 ἑκάστης
2717 2214 2963 2310 φυλῆς
3007 2218 3501 2288 καθίσταται.

1706 2341 1991 2436 (Schol.
2031 2345 2109 2419 in
2146 2342 2529 2421 Demosth.
2569 2345 2864 2446 Leptin.
2907 2344 3085 2438 465,
3123 2343 3288 2436 27.)

2036 2504 2213 2578 496.

947 2627 1242 2724 Magnis
1301 2626 1937 2724 BacchanalibuS,
1997 2655 2254 2705 mense
2316 2627 2933 2724 Anthesterione‚
2993 2630 3312 2727 majores
3354 2629 3506 2704 exi-

734 2751 1086 2854 gentibus
1123 2765 1502 2856 sumptuS‚
1543 2755 1925 2854 quaelibet
1958 2755 2196 2832 tribus
2236 2781 2464 2830 unum
2504 2754 2887 2831 constituit
2926 2755 3351 2854 choragum.

2031 2915 2210 2994 497.

885 3138 890 3141 -
936 3030 957 3055 ‘
981 3034 1410 3137 Υδροφόρια
1434 3095 1457 3127 ,
1517 3034 1732 3137 ἑορτή
1799 3044 2172 3139 πένθιμος
2221 3034 2881 3138 Ἀνθεστηριῶνος
2919 3043 3039 3115 ἐπὶ
3076 3048 3233 3124 τοῖς
3272 3044 3357 3113 ἐν
3395 3034 3505 3136 τῷ

737 3164 1263 3263 κατακλυσμῷ
1304 3160 1832 3261 ἀπολομένοις.
2035 3274 2189 3349 497
2598 3166 2960 3270 (Etymol.
3001 3168 3294 3267 Magn.)

950 3396 1210 3499 Aquae
1263 3400 1584 3499 gestatio
1635 3412 1748 3477 est
1802 3400 2119 3499 lugubre
2179 3403 2449 3479 festum
2505 3428 2760 3478 mense
2800 3399 3375 3477 Anthesterione
3438 3398 3517 3473 in

738 3525 1170 3600 memoriam
1208 3547 1497 3623 eorum,
1539 3526 1661 3627 qui
1704 3526 1986 3603 diluvio
2025 3529 2423 3631 perierant.

2037 3689 2213 3762 498.

954 3805 1233 3885 Διάσια
1267 3801 1615 3883 καλεῖται
1657 3804 1838 3894 Διὸς
1876 3807 2095 3907 ἑορτὴ
2138 3814 2564 3905 Μειλιχίου
2594 3814 2953 3913 μεγίστη,
3014 3812 3154 3901 ἔξω
3192 3807 3317 3899 τῆς
3364 3807 3518 3885 πό-

743 3938 967 4023 λεως,
1027 3940 1112 4010 ἐν
1147 3921 1196 4031 ᾗ
1235 3929 1610 4032 πανδημεῖ
1646 3934 1937 4009 θύουσι
1976 3939 2247 4011 πολλοὶ
2290 3930 2448 4030 οὐχ
2484 3936 2711 4032 ἱερεῖα
2750 3931 2944 4009 ἀλλὰ
2988 3932 3302 4032 θύματα
3342 3941 3517 4011 ἐπι-

739 4058 1007 4159 χώρια.
2090 4156 2097 4166 Δ
2146 4172 2195 4245 8
2560 4065 2940 4167 (Thucyd.
2978 4066 3037 4161 Ι,
3081 4065 3294 4157 126.)

2040 4173 2139 4245 49
2200 4231 2218 4249 .

962 4297 1292 4373 Jovialia
1345 4309 1653 4375 vocatur
1709 4298 2073 4375 maximus
2110 4298 2332 4375 Jovis
2368 4299 2766 4376 Placabilis
2824 4299 2979 4375 dies
3031 4300 3265 4375 festus
3301 4310 3527 4375 extra

746 4425 1046 4517 urbem,
1105 4423 1182 4498 in
1219 4449 1366 4523 quo
1407 4424 1733 4501 universi
1771 4426 2230 4520 sacrificant,
2289 4426 2503 4502 multi
2560 4453 2715 4503 non
2754 4424 3131 4521 victimas,
3188 4422 3322 4501 sed
3362 4424 3528 4501 liba

749 4536 1036 4626 usitata.

2043 4660 2219 4733 499.

943 4773 1266 4884 '‘Ayewu
1307 4777 1384 4857 δὲ
1413 4776 1658 4879 μηνὸς
1705 4778 2369 4879 Ἀνθεστηριῶνος
2406 4776 2651 4885 ὀγδόῃ
2690 4785 3145 4875 φθίνοντος.

1986 4910 2273 5005 (Schol.
2310 4910 2389 4985 in
2429 4907 2807 5010 Aristoph.
2846 4910 3041 4987 Nub.
3083 4910 3301 5002 408.)

2040 5071 2217 5147 499.

963 5194 1410 5278 Celebratur
1445 5208 1696 5278 autem
1731 5198 2009 5275 mensis
2029 5196 2621 5279 Anthesterionis
2660 5196 3065 5275 desinentis
3086 5196 3205 5275 die
3230 5206 3531 5277 octavo.
