3725 5850
663 450 816 537 546
1361 482 1977 535 commem-Amos
2012 482 2121 535 An
2163 476 2321 535 1011.
2365 480 2523 537 που.
2566 474 2723 534 10¹8.

660 702 801 747 τον
838 673 1071 747 τοῦτο
1114 668 1470 771 προσήκει
1511 668 1899 762 κολάζειν.
1960 670 2214 767 (Servi
2252 674 2609 776 quidquid
2648 673 3225 767 commiserunt,
3274 696 3419 749 cor-

657 828 842 903 pore
879 803 1084 879 luere
1125 812 1494 901 coguntur
1517 858 1536 895 ,
1589 801 1939 899 ingenuis
1997 812 2245 877 autem
2297 802 2441 878 hoc
2479 802 2821 877 ultimum
2857 800 3109 900 puniri
3146 798 3418 889 debet.)

1826 1008 1977 1092 Ad
2018 1009 2269 1094 1011.

873 1176 1288 1257 Memoratu
1325 1178 1556 1277 digna
1593 1187 1806 1269 sunt,
1868 1202 2058 1274 quae
2096 1178 2175 1251 in
2214 1174 2550 1252 Platonis
2590 1176 2900 1276 Legib
2923 1203 3029 1255 us
3077 1181 3192 1277 (p.
3232 1176 3421 1267 862)

655 1305 1110 1405 reperimus;
1165 1313 1248 1378 ut
1283 1328 1554 1403 nempe
1594 1301 1954 1401 quidquid
1992 1300 2261 1398 aliquis
2298 1301 2568 1400 injuste
2608 1301 2869 1377 fecerit
2902 1328 3264 1403 magnum
3302 1328 3425 1377 seu

656 1452 1012 1529 parvum,
1079 1429 1200 1505 lex
1257 1453 1426 1505 eum
1483 1427 1747 1505 doceat
1800 1438 1875 1502 et
1926 1436 2151 1525 cogat
2188 1425 2489 1501 omnino
2530 1426 2605 1502 in
2646 1438 3033 1527 posterum
3066 1428 3217 1504 tale
3259 1427 3424 1528 quid

655 1566 784 1630 aut
821 1580 1206 1654 nunquam
1243 1556 1618 1631 volentem
1674 1554 1919 1631 facere
1978 1551 2251 1629 audere
2316 1562 2445 1627 aut
2480 1578 2841 1653 perquam
2877 1554 3113 1629 multo
3152 1553 3425 1643 rarius,

653 1692 950 1781 praeter
985 1680 1232 1756 damni
1272 1680 1728 1782 pensionem.
1805 1678 2014 1753 Haec
2072 1678 2228 1753 sive
2287 1678 2502 1753 factis
2561 1702 2693 1754 seu
2731 1678 2980 1754 verbis
3002 1736 3021 1771 ,
3080 1678 3425 1755 adhibitis

653 1806 774 1883 vel
809 1805 1316 1907 voluptatibus
1353 1806 1473 1881 vel
1510 1802 1895 1883 doloribus
1935 1803 2056 1878 vel
2095 1802 2516 1903 ignominiis
2555 1813 2629 1878 et
2665 1804 3111 1880 mulctatum
3144 1805 3422 1903 irroga-

649 1933 852 2007 tione
887 1931 1011 2007 vel
1049 1932 1276 2007 etiam
1313 1930 1740 2007 muneribus
1761 1988 1780 2023 ,
1837 1928 1959 2005 vel
2014 1930 2319 2005 omnino
2370 1954 2811 2029 quocunque
2852 1930 3019 2029 quis
3057 1929 3283 2005 modo
3324 1929 3420 2003 ef-

651 2055 888 2149 ficiet,
964 2067 1064 2131 ut
1141 2056 1368 2132 odio
1423 2057 1862 2132 habeant
1925 2054 2579 2155 injustitiam,
2658 2054 2978 2155 diligant
3050 2080 3235 2129 vero
3312 2055 3426 2128 vel

652 2177 820 2255 odio
859 2207 1014 2258 non
1050 2180 1376 2259 habeant
1402 2183 1590 2282 justi
1629 2192 2011 2273 naturam,
2054 2181 2302 2280 ipsum
2339 2180 2480 2257 hoc
2518 2206 2789 2257 munus
2828 2191 2943 2256 est
2973 2181 3231 2279 legum
3270 2178 3421 2280 pul-

653 2303 1201 2382 cherrimarum.
1279 2307 1488 2400 Quos
1525 2330 1706 2381 vero
1761 2306 1857 2381 in
1880 2330 1915 2380 s
1938 2330 1983 2381 a
2004 2332 2055 2381 n
2076 2305 2344 2381 abile
2366 2332 2401 2381 s
2457 2329 2618 2383 esse
2668 2306 2985 2383 senserit
3021 2304 3419 2403 legislator,

648 2429 1074 2530 intelligens
1133 2430 1554 2531 hujusmodi
1611 2430 1955 2505 omnibus
2012 2454 2255 2529 neque
2311 2431 2493 2531 ipsis
2550 2431 2869 2532 amplius
2916 2430 3173 2505 vivere
3212 2454 3417 2530 prae·

650 2565 848 2631 stare
889 2568 961 2632 et
999 2555 1265 2632 ceteris
1319 2554 1692 2656 duplicem
1749 2580 1879 2633 eos
1930 2554 2322 2631 utilitatem
2360 2557 2667 2652 afferre,
2728 2558 2791 2633 si
2828 2556 2983 2633 vita
3022 2554 3417 2641 excedant,

649 2704 818 2753 cum
856 2693 927 2755 et
965 2681 1394 2781 exemplum
1443 2682 1591 2755 sint
1646 2682 1991 2780 reliquis,
2052 2706 2147 2755 ne
2206 2678 2478 2780 injuste
2535 2694 2803 2779 agant,
2866 2692 2937 2757 et
2996 2681 3171 2754 viris
3212 2677 3415 2753 malis

650 2828 962 2881 vacuam
1002 2806 1279 2883 faciant
1317 2806 1734 2901 civitatem,
1792 2808 1871 2881 in
1928 2806 2203 2883 talibus
2260 2805 2647 2905 legislator
2700 2806 3039 2883 ultricem
3080 2816 3413 2907 peccato-

651 2953 816 3004 rum
853 2943 1172 3006 mortem
1210 2932 1566 3008 attribuat
1603 2943 1939 3034 oportet,
1998 2931 2299 3008 aliter
2352 2958 2583 3008 vero
2640 2933 2919 3009 nullo
2975 2931 3279 3008 mod0.

755 3067 764 3080 ’
861 3069 974 3150 Of.
1035 3071 1236 3149 Car.
1296 3073 1611 3149 Fried.
1672 3073 2213 3150 Hermann:
2274 3071 2527 3149 Ueber
2568 3074 3035 3151 Grundsiitze
3076 3073 3230 3148 und
3270 3072 3413 3148 An-

648 3195 1024 3295 wendung
1063 3196 1192 3274 des
1233 3196 1678 3275 Strafrechts
1725 3199 1826 3272 im
1863 3195 2383 3296 griechischen
2422 3199 2909 3276 Alterthume.
2969 3195 3411 3294 (Gottingae

652 3320 918 3414 1855)

863 3442 1919 3549 Παπαρρηγόπουλος·
1980 3437 2023 3536 ἦ
2088 3449 2251 3544 περὶ
2310 3443 2573 3536 ποινῆς
2640 3448 2927 3545 θεωρία
2982 3445 3125 3521 τοῦ
3188 3441 3401 3519 Πλά-

645 3597 926 3656 τωνος,
966 3573 1044 3646 in
1085 3572 1578 3672 Ephemeride
1622 3570 1951 3669 Graeca,
1994 3597 2183 3672 quae
2220 3572 2647 3650 inscribitur
2688 3567 3106 3672 Πανδώρα.
3149 3572 3407 3667 (Athe-

644 3696 760 3772 nis
807 3696 1030 3770 1866.
1091 3695 1308 3772 Tom:
1351 3696 1472 3773 16.
1532 3723 1704 3800 pag,
1748 3699 1904 3773 476
1942 3711 2019 3774 et
2056 3699 2279 3790 495.)

1806 3908 1958 3992 Ad
1991 3911 2260 3992 1012.

857 4072 971 4150 Cf.
1011 4071 1258 4152 Schol.
1313 4077 1392 4150 in
1447 4077 1832 4153 Demosth.
1884 4077 2185 4154 Midian.
2241 4077 2416 4172 542,
2458 4076 2603 4174 24;
2657 4078 2736 4151 in
2774 4074 3195 4154 Androtion
3239 4075 3404 4164 603,

647 4197 764 4272 17.
825 4197 1098 4275 Lexica
1139 4198 1447 4300 Seguer.
1489 4227 1561 4302 p.
1606 4201 1783 4277 198.
1857 4201 2153 4304 Sopatr.
2194 4204 2273 4278 in
2311 4201 2803 4300 Hermogenis
2842 4212 2977 4296 art,
3016 4202 3199 4277 rhet.
3245 4199 3406 4273 14⁷.

1809 4431 1961 4515 Ad
1993 4431 2261 4515 1018.

855 4595 1106 4672 Pridie
1147 4622 1366 4694 quam
1392 4597 1854 4697 judicaretur
1896 4596 2280 4692 Socrates,
2346 4597 2690 4673 coronari
2746 4597 3065 4695 contigit
3102 4595 3408 4696 puppim

640 4721 853 4797 navis
892 4721 1092 4821 ejuS,
1147 4747 1368 4819 quam
1408 4721 1903 4798 Athenienses
1942 4723 2342 4821 quotannis
2379 4723 2456 4797 in
2495 4722 2767 4798 Delum
2803 4723 3129 4798 mittunt.
3209 4721 3407 4798 Haec

641 4845 783 4922 fuit
818 4845 946 4922 illa
981 4845 1233 4940 navis,
1290 4847 1368 4920 in
1428 4871 1573 4945 qua
1629 4845 1966 4922 Theseus
2022 4847 2200 4923 olim
2257 4847 2373 4922 bis
2430 4860 2715 4949 septem
2772 4873 3027 4923 secum
3088 4851 3292 4924 vexit
3336 4847 3405 4920 in

641 4968 980 5064 Cretam,
1037 4971 1318 5047 ibidem
1374 4973 1910 5066 immolandOS‚
1968 4973 2437 5072 servavitque
2480 4969 2644 5049 illos
2685 4984 2759 5049 et
2796 4999 2873 5048 se
2916 4973 3185 5073 ipsum.
3264 4971 3401 5048 Vo-

639 5107 898 5202 verant
934 5107 1183 5174 autem
1226 5097 1716 5176 Athenienses
1771 5111 1949 5174 tunc
1990 5097 2359 5201 Apollini,
2421 5098 2481 5174 si
2521 5107 3037 5192 servarentur,
3096 5107 3398 5197 quotan-

636 5220 752 5298 nis
785 5222 864 5295 in
899 5221 1176 5298 Delum
1213 5247 1502 5300 sacram
1538 5223 1989 5321 legationem
2028 5249 2105 5299 se
2144 5223 2517 5300 missuros.
