3725 5850
1384 481 1931 537 nunonem-rio.
2872 453 3013 537 201

291 679 504 754 Facto
539 687 786 754 autem
821 677 1108 778 judicio
1146 677 1222 753 in
1261 688 1562 770 senatu,
1619 686 1696 752 et
1731 676 2025 778 utrique
2065 678 2242 774 data
2279 677 2571 755 dicendi
2611 687 2974 780 potestate
3006 735 3023 771 ‚

294 803 560 878 occulte
599 801 954 903 suffragia
991 803 1246 879 ferunt
1296 813 1701 898 senatores,
1740 827 1836 877 an
1874 807 2267 878 accusatus
2303 803 2577 903 injuste
2615 804 2881 880 fecisse
2918 803 3025 876 vi-

291 927 550 1002 deatur.
623 927 723 1003 Et
749 938 938 1004 tunc
975 928 1309 1005 decernit
1343 937 1646 1006 senatus
1668 985 1686 1022 ‚
1741 938 1995 1004 utrum
2049 953 2220 1004 eum
2265 928 2549 1029 judicio
2589 929 2873 1023 tradat,
2928 953 3030 1005 an

289 1052 694 1154 quingentis
729 1052 1092 1131 drachmis
1132 1054 1474 1150 mulctet,
1537 1053 1792 1154 quanti
1831 1063 2280 1156 potestatem
2316 1053 2546 1132 habet
2582 1077 2623 1132 e
2660 1057 2853 1154 lege.

1561 1212 1740 1290 806.

472 1347 795 1430 Ὁπόσοι
841 1352 1320 1448 Ἀθηναίων’
1353 1363 1531 1431 κατ’
1590 1360 2083 1460 εἰσαγγελίαν
2137 1364 2232 1433 ἐκ
2286 1357 2415 1449 τῆς
2466 1359 2753 1458 βουλῆς
2794 1352 2843 1450 ἢ
2880 1353 3033 1433 νῦν

288 1485 470 1556 εἰσιν
503 1487 588 1557 ἐν
624 1482 728 1566 τῶ
769 1479 1246 1582 δεσμωτηρίῳ
1269 1541 1290 1572 ,
1355 1477 1401 1574 ἢ
1447 1477 1534 1556 τὸ
1575 1478 1856 1556 λοιπὸν
1893 1483 2383 1558 κατατεθῶσι
2407 1541 2427 1573 ,
2487 1479 3030 1582 παραδιδόσθω

289 1597 326 1695 ἢ
365 1603 836 1711 κατάγνωσις
893 1604 1159 1683 αὐτῶν
1210 1617 1370 1693 τοῖς
1430 1612 1937 1702 θεσμοθέταις
1977 1597 2132 1682 tino
2174 1605 2319 1682 τοῦ
2358 1613 2851 1712 γραμματέως
2882 1605 3035 1684 τοῦ

287 1729 475 1805 κατα
516 1735 986 1830 πρυτανείαν
1021 1729 1222 1807 κατὰ
1264 1727 1405 1807 τὸν
1440 1727 2029 1836 εἰσαγγελτικὸν
2064 1729 2331 1830 νόμον.

1595 1859 2011 1954 (Demosth.
2054 1886 2113 1936 c.
2156 1859 2558 1938 Timocrat.
2600 1860 2821 1953 720.)

1569 2021 1746 2097 806.

485 2146 632 2240 Qui
672 2145 1240 2224 Atheniensium
1278 2175 1316 2222 e
1358 2147 1931 2226 denunciatione
1972 2176 2016 2223 a
2053 2161 2315 2225 senatu
2355 2161 2483 2224 aut
2519 2175 2720 2225 nunc
2758 2149 2833 2224 in
2874 2173 3033 2224 car-

287 2299 438 2348 cere
477 2283 651 2348 sunt
687 2285 816 2348 aut
851 2273 928 2348 in
967 2286 1348 2374 posterum
1389 2299 1476 2349 eo
1528 2275 2059 2376 conjicientur,
2120 2301 2373 2351 eorum
2412 2275 2743 2372 cognitio
2780 2301 2827 2353 a
2862 2275 3035 2352 scri-

289 2399 374 2473 ba
409 2397 804 2500 prytaniae
844 2393 1358 2476 thesmothetis
1397 2427 1436 2474 e
1477 2399 2071 2476 denunciationis
2109 2401 2276 2499 lege
2317 2401 2669 2477 tradatur.

1620 2561 1746 2638 07.

499 2687 644 2759 Καὶ
681 2689 768 2758 ἐν
804 2684 895 2778 τῇ
934 2685 1170 2782 κυρίᾳ
1205 2681 1361 2757 τῶν
1398 2561 1830 2773 ἐκκλὸησιῶν
1868 2680 2001 2769 τὰς
2058 2687 2531 2788 εἰσαγγελίας
2570 2675 2613 2758 o‘
2640 2677 3037 2781 ’βουλόμε-

291 2835 412 2894 νος
449 2810 934 2911 εἰσαγγέλλει.
1569 2919 1726 2994 807
2056 2811 2368 2904 (Pollux
2412 2811 2619 2906 VIII,
2660 2812 2827 2903 95.)

491 3044 740 3121 Etiam
776 3042 852 3117 in
893 3044 1245 3120 concione
1287 3042 1676 3145 principali
1733 3042 2315 3121 denuntiationis
2374 3068 2673 3139 causae,
2732 3043 3037 3143 quicun-

290 3195 422 3269 que
463 3170 820 3265 voluerit,
857 3168 1159 3273 ‚deferre
1194 3182 1460 3272 potest.
1574 3276 1730 3351 808

501 3401 595 3475 Οἱ
619 3404 1083 3497 θεσμοθέται
1122 3394 1252 3485 τὰς
1291 3402 1766 3503 εἰσαγγελίας
1795 3403 2417 3503 εἰσαγγέλλουσιν
2454 3404 2559 3486 εἰς
2601 3395 2742 3474 τὸν
2778 3397 3040 3496 δῆμονι

1574 3636 1730 3710 808
2072 3529 2375 3624 (Pollux
2414 3529 2622 3623 VIII,
2662 3528 2829 3621 87.)

495 3760 1078 3879 Thesmothetae
1119 3760 1702 3837 denuntiationis
1741 3786 2005 3841 causas
2044 3760 2390 3839 deferunt
2426 3762 2521 3837 ad
2559 3761 2939 3863 populum.

1577 3926 1758 4001 809.

495 4052 576 4119 Κ
571 4050 1048 4144 ρινέσθωσαν
1083 4052 1170 4121 ἐν
1205 4046 1312 4145 τῷ
1353 4042 1568 4145 δήμῳ
1625 4050 1700 4147 οἱ
1755 4050 2375 4150 εἰσαγγελθέντες
2430 4041 2635 4120 κατὰ
2684 4053 2820 4122 ἕνα
2856 4054 3043 4123 ἕκα-

293 4194 456 4257 στος
494 4167 984 4269 διῃρημένων.
1009 4170 1135 4263 τῆς
1178 4163 1448 4269 ἡμέρας
1486 4170 1718 4270 τριῶν
1753 4170 2039 4271 μερῶν,
2082 4168 2253 4258 ἑνὸς
2280 4174 2431 4269 μὲν
2465 4178 2551 4249 ἐν
2587 4159 2653 4270 qi
2688 4177 3042 4278 ξυλλέγε-

291 4300 470 4369 σθαι
512 4292 630 4369 δεῖ
677 4292 822 4371 τὸν
867 4294 1118 4394 δῆμον
1164 4303 1302 4373 καί
1361 4294 1973 4397 διαψηφίζεσθαι
1998 4355 2018 4387 ,
2077 4293 2215 4373 ἐάν
2252 4328 2327 4372 τε
2367 4293 2671 4373 ἀδικεῖν
2708 4296 3047 4378 δοκῶσιν

291 4418 421 4495 ἐάν
459 4450 538 4497 τε
565 4420 673 4519 μὴ
697 4478 722 4512 ,
780 4426 1038 4521 ἑτέρου
1078 4420 1144 4497 δ’
1183 4430 1270 4499 ἐν
1305 4411 1371 4523 (ᾗ
1407 4422 1969 4525 κατηγορῆσαι,
2028 4427 2283 4523 ἑτέρου
2320 4420 2515 4511 δ’,ἐν
2552 4411 2617 4522 (ᾗ
2652 4418 3047 4530 ἀπολογή-

291 4552 602 4628 σασθαι.
1455 4551 1923 4652 (Xenophon
1960 4550 2125 4626 hist.
2164 4576 2411 4649 graec.
2452 4552 2510 4645 I,
2551 4552 2621 4647 7,
2665 4554 2831 4647 23.)

1573 4710 1752 4790 809.

491 4828 948 4915 Judicentur
983 4866 1027 4916 a
1065 4838 1346 4942 populo
1384 4840 1658 4938 singuli
1697 4840 2289 4917 denunciationis
2343 4862 2569 4917 causa
2621 4841 2875 4941 petiti,
2938 4842 3043 4919 di-

295 4958 460 5038 visis
497 4960 648 5037 diei
685 4964 921 5041 tribus
961 4966 1338 5067 partibus:
1385 4990 1701 5066 quarum
1737 4990 1891 5043 una
1926 4964 2248 5067 populus
2284 4966 2685 5043 conveniat
2704 5020 2723 5059 ,
2762 4990 3045 5068 perque

295 5086 618 5164 calculos
657 5089 1010 5189 indaget,
1067 5092 1316 5169 sintne
1371 5101 1626 5169 sontes
1679 5114 1961 5193 necne3
2033 5092 2273 5170 altera
2324 5116 2507 5170 vero
2562 5102 3047 5193 accusentur3

298 5214 510 5291 tertia
540 5239 704 5293 sese
743 5214 1170 5295 defendant.
