3725 5850
942 455 1553 507 connum-Amos
1591 456 1697 509 Au
1736 454 1861 509 405.
1901 452 2028 509 415.
2069 454 2191 509 42².
2231 452 2354 507 ⁴23.
2883 427 3039 503 473

486 644 768 722 Confer
806 646 1029 721 etiam
1065 643 1313 721 Schol.
1352 646 1427 721 in
1466 644 1815 723 Aeschin.
1873 646 2032 723 fals·
2077 647 2296 749 legat.
2349 646 2560 743 147.;
2617 641 3037 745 Etymolog.

274 770 527 869 Magn.
580 798 655 871 p.
694 771 889 867 3863
946 769 1403 873 Hesychium
1460 797 1515 847 s.
1551 798 1622 847 v.
1679 766 2006 868 βούτης,
2065 784 2144 850 et
2196 772 2502 851 Suidam
2559 800 2615 849 s.
2655 798 2723 847 v.
2771 762 3039 843 Ἐτεο-

272 890 675 991 βουτάδαι.

1444 998 1595 1081 Ad
1630 999 1868 1082 405.

488 1163 733 1241 Schol.
790 1164 871 1239 in
932 1162 1275 1243 Aeschin.
1333 1165 1425 1240 de
1486 1165 1679 1242 male
1734 1176 1956 1265 gesta
2007 1166 2230 1264 legat.
2288 1159 2358 1266 ξ.
2419 1165 2560 1241 78:
2639 1158 3042 1263 Βουζύγης

268 1284 559 1377 ἐκλήθη
605 1282 1091 1385 Ἐπιμενίδης
1134 1281 1591 1376 Ἀθηναίων
1643 1284 1801 1363 τῶν
1856 1290 2133 1379 πάλαι,
2193 1282 2390 1375 ὅςτις
2442 1284 2734 1386 πρῶτος
2772 1284 3043 1388 ζεῦγος

269 1411 485 1509 βοῶν
525 1413 843 1503 ἔζευξεν.
882 1406 1143 1487 ’Ὀθεν
1178 1417 1315 1487 καὶ
1352 1408 1443 1487 τὸ
1484 1404 1821 1510 ἄροτρον
1856 1408 2114 1489 αὐτοῦ
2149 1407 2498 1488 ἀνέκειτο
2537 1417 2624 1487 ἐν
2661 1410 2751 1509 τῇ
2791 1406 3044 1508 ἀκρο-

273 1535 479 1613 πόλει
524 1534 709 1637 πρὸς
738 1533 1067 1633 μνήμην.
1138 1540 1519 1639 (Buzyges
1560 1540 1972 1618 vocabatur
1997 1540 2476 1643 Epimenides
2514 1539 2714 1643 apud
2754 1538 3044 1641 priscos

276 1662 805 1756 Athenienses,
848 1662 970 1763 qui
1008 1662 1291 1763 primus
1329 1664 1557 1741 boves
1594 1663 1797 1743 misit
1832 1665 1972 1741 sub
1998 1666 2292 1766 jugum.
2351 1664 2578 1743 Unde
2615 1662 2838 1741 etiam
2877 1687 3038 1739 ara-

272 1802 469 1865 trum
506 1790 665 1890 ejus
704 1786 1121 1889 expositum
1164 1799 1323 1865 erat
1358 1789 1435 1863 in
1474 1788 1805 1891 acropoli
1840 1789 1918 1865 in
1957 1788 2449 1883 memoriam.)

1450 1996 1602 2080 Ad
1653 1999 1872 2082 415.

488 2164 791 2241 Suidas:
836 2154 907 2234 ‘1
927 2191 959 2237 ε
981 2191 1022 2259 ρ
1047 2190 1088 2235 ο
1112 2189 1171 2255 φ
1195 2157 1241 2233 ά
1266 2187 1373 2235 ντ
1401 2191 1437 2251 η
1458 2193 1491 2247 ς
1514 2183 1529 2201 ·
1588 2154 1830 2247 οὕτως
1888 2154 2346 2260 ὠνομάσθαι
2410 2164 2603 2256 φασὶ
2659 2154 2800 2235 τὸν
2837 2157 3045 2257 πρῶ-

272 2316 414 2363 τον
450 2284 910 2385 ἱεροφάντην
973 2280 1108 2361 τὸν
1168 2281 1679 2380 ἀποφήναντα
1734 2293 1826 2362 ἐκ
1890 2284 2032 2363 τοῦ
2091 2290 2431 2387 πολέμου
2483 2280 2900 2363 ἐπανιόντα
2953 2280 3049 2358 τά

272 2410 455 2512 ἱερά.
530 2416 687 2508 (Ita
739 2428 1084 2494 vocatum
1141 2441 1301 2492 esse
1362 2415 1664 2493 tradunt
1716 2414 1963 2511 illum,
2043 2415 2166 2515 qui
2221 2417 2548 2519 primum
2604 2439 2817 2493 sacra
2874 2422 3047 2515 post

276 2540 649 2617 redditum
688 2566 728 2616 e
766 2539 965 2617 bello
1004 2539 1498 2631 ostenderat.)

488 2665 809 2763 Diogen.
852 2666 1093 2743 Laert.
1134 2664 1302 2759 VII,
1349 2666 1542 2739 186:
1603 2654 1646 2739 ὁ
1689 2660 2140 2764 ἱεροφάντης
2198 2672 2356 2749 τοῖς
2415 2656 2777 2761 ἀμυήτοις
2828 2664 3049 2764 λέγει.

278 2789 841 2894 (Hierophanta
879 2790 1053 2867 dicit
1090 2792 1446 2891 mysteria
1483 2791 1885 2893 profanis.)

493 2915 937 2994 Theodoret.
975 2916 1297 3020 Therap.
1338 2946 1409 3018 p.
1450 2918 1591 2993 49:
1635 2906 1741 2991 ‘O
1794 2913 2245 3016 ἱεροφάντης
2304 2910 2464 2990 οἶδε
2518 2908 2675 2989 τῶν
2725 2916 3047 3017 γενομέ-

284 3069 438 3118 νων
480 3037 613 3114 τὸν
653 3038 896 3144 λόγον
933 3047 1071 3116 καὶ
1110 3036 1224 3126 οἷς
1262 3033 1364 3114 ἂν
1412 3037 1797 3141 δοκιμάσῃ
1845 3039 2146 3141 μηνύει.
2221 3043 2778 3146 (Hierophanta
2811 3040 3054 3118 noscit

280 3180 681 3244 eventuum
718 3169 1121 3263 rationem,
1164 3194 1473 3268 eamque
1517 3169 1641 3265 iis,
1686 3195 1871 3269 quos
1911 3168 2448 3272 exploraverit,
2489 3167 2923 3268 significat.)

494 3291 854 3370 Aristides
893 3291 1269 3368 Eleusinia
1308 3293 1362 3382 I,
1403 3320 1475 3395 p.
1519 3291 1705 3368 417:
1763 3287 2253 3390 Εὐμολπίδαι
2295 3287 2749 3388 ἱεροφάντας
2790 3295 3048 3385 παρεῖ-

268 3443 453 3510 χον.
513 3417 1037 3521 (Eumolpidae
1076 3418 1543 3519 praebebant
1590 3420 2028 3513 sacrificos.)
2102 3419 2188 3497 Id
2229 3430 2342 3496 est
2393 3417 2706 3495 sacrifici
2756 3427 2971 3493 erant
3012 3443 3052 3493 e

279 3569 558 3644 genere
598 3542 1229 3645 Eumolpidarum.

1457 3647 1608 3731 Ad
1642 3650 1882 3732 422.

498 3793 871 3869 Plutarch.
913 3792 1177 3870 defect.
1219 3819 1413 3870 orac.
1456 3795 1597 3870 49:
1658 3789 1777 3866 δεῖ
1808 3790 1899 3868 τὸ
1944 3790 2285 3888 θύσιμον
2321 3789 2428 3890 τῷ
2473 3821 2548 3866 τε
2584 3787 2870 3888 σώματι
2909 3793 3048 3863 καὶ

282 3915 375 4012 τῇ
413 3915 631 4015 ψυχῇ
690 3910 1061 4014 καθαρὸν
1114 3913 1309 3991 εἶναι
1368 3920 1505 3992 καὶ
1564 3914 1813 4004 ἀσινὲς
1869 3923 2008 3993 καὶ
2066 3913 2587 4014 ἀδιάφθορον.
2664 3917 3048 4011 (Hostiam

286 4055 580 4145 oportet
617 4053 691 4120 et
728 4043 925 4144 quod
964 4043 1057 4119 ad
1084 4071 1357 4145 corpus
1395 4055 1469 4121 et
1504 4046 1702 4146 quod
1744 4045 1839 4122 ad
1874 4046 2202 4122 animum
2225 4046 2515 4139 attinet,
2554 4069 2818 4146 puram
2859 4069 3043 4136 esse,

283 4170 651 4267 integram
692 4181 765 4245 et
796 4170 1367 4271 incorruptam.)

1462 4274 1614 4358 Ad
1647 4275 1886 4358 423.

496 4419 719 4513 Quod
756 4421 852 4497 ad
888 4421 1155 4524 eyrbes
1196 4423 1501 4517 attinet,
1558 4436 1717 4500 tam
1770 4423 2078 4524 antiqui·
2115 4446 2340 4523 quam
2391 4421 2838 4499 recentiores
2876 4421 3050 4496 seri·

287 4561 537 4647 ptores
574 4545 653 4620 in
693 4545 1025 4622 diversas
1063 4558 1315 4648 partes
1352 4547 1759 4625 discedunt.
1837 4547 2064 4625 Teste
2102 4547 2502 4625 Plutarcho
2561 4544 2842 4641 (Vita
2901 4543 2954 4620 S
2979 4575 3054 4620 o-

286 4671 549 4747 lonis
586 4672 753 4768 25),
814 4671 1101 4749 tabulas
1138 4672 1471 4773 ligneaS,
1532 4661 1803 4762 ἄξονες
1860 4673 2139 4770 dictas,
2198 4673 2466 4774 quibus
2505 4671 2799 4749 Solonis
2849 4671 3056 4768 leges

286 4797 697 4899 inscriptae
750 4808 1000 4888 erant,
1058 4793 1375 4896 κύρβεις
1434 4800 2000 4898 cognominatas
2078 4797 2514 4877 Aristoteles
2590 4806 2849 4874 auctor
2921 4808 3054 4872 est.

288 4921 649 5000 Nonnulli
687 4949 1017 5000 seorsum
1054 4926 1321 5025 cyrbes
1372 4936 1679 5003 vocatos
1734 4925 2124 5019 dicebant,
2179 4924 2448 5026 quibus
2484 4920 3055 5000 continebantur
3123 5001 3128 5013 ¹

289 5059 565 5124 statuta
600 5074 975 5126 sacrorum
1017 5061 1093 5152 et
1128 5051 1629 5144 victimarum,
1688 5062 1976 5130 ceteras
2034 5077 2214 5128 vero
2253 5050 2502 5151 legum
2541 5048 2836 5128 tabulas
2873 5076 3050 5128 axo·

290 5199 422 5250 nas
460 5174 686 5250 fuisse
726 5175 1160 5277 appellatas,
