<?xml version="1.0" encoding="UTF-8"?>
<!DOCTYPE html PUBLIC "-//W3C//DTD XHTML 1.0 Transitional//EN"
    "http://www.w3.org/TR/xhtml1/DTD/xhtml1-transitional.dtd">
<html xmlns="http://www.w3.org/1999/xhtml" xml:lang="en" lang="en">
 <head>
  <title>
</title>
<meta http-equiv="Content-Type" content="text/html;charset=utf-8" />
  <meta name='ocr-system' content='tesseract 3.04.00' />
  <meta name='ocr-capabilities' content='ocr_page ocr_carea ocr_par ocr_line ocrx_word'/>
</head>
<body>
  <div class='ocr_page' id='page_1' title='image "./synaggtnattiknn01tlgoog_0628.png"; bbox 0 0 3725 5850; ppageno 0'>
   <div class='ocr_carea' id='block_1_1' title="bbox 685 445 2765 526">
    <p class='ocr_par' dir='ltr' id='par_1_1' title="bbox 685 445 2765 526">
     <span class='ocr_line' id='line_1_1' title="bbox 685 445 2765 526; baseline -0.002 -1"><span class='ocrx_word' id='word_1_1' title='bbox 685 445 839 525; x_wconf 75' lang='lat'>60‘2</span> <span class='ocrx_word' id='word_1_2' title='bbox 1398 470 2016 526; x_wconf 66' lang='lat' dir='ltr'>comissa-Anius</span> <span class='ocrx_word' id='word_1_3' title='bbox 2053 471 2160 521; x_wconf 68' lang='lat' dir='ltr'>An</span> <span class='ocrx_word' id='word_1_4' title='bbox 2205 469 2363 522; x_wconf 84' lang='lat'><strong>1351.</strong></span> <span class='ocrx_word' id='word_1_5' title='bbox 2409 469 2563 523; x_wconf 83' lang='lat'><strong>1352.</strong></span> <span class='ocrx_word' id='word_1_6' title='bbox 2609 469 2765 524; x_wconf 80' lang='grc'><strong>1355.</strong></span> 
     </span>
    </p>
   </div>
   <div class='ocr_carea' id='block_1_2' title="bbox 672 659 3464 3283">
    <p class='ocr_par' dir='ltr' id='par_1_2' title="bbox 673 659 3464 2652">
     <span class='ocr_line' id='line_1_2' title="bbox 680 659 3464 767; baseline -0.002 -26"><span class='ocrx_word' id='word_1_7' title='bbox 680 685 957 743; x_wconf 74' lang='lat' dir='ltr'>venum</span> <span class='ocrx_word' id='word_1_8' title='bbox 997 669 1399 767; x_wconf 88' lang='lat' dir='ltr'>probaret,</span> <span class='ocrx_word' id='word_1_9' title='bbox 1460 695 1625 742; x_wconf 77' lang='lat' dir='ltr'>eum</span> <span class='ocrx_word' id='word_1_10' title='bbox 1666 669 1757 742; x_wconf 89' lang='lat' dir='ltr'>ad</span> <span class='ocrx_word' id='word_1_11' title='bbox 1800 693 2010 740; x_wconf 86' lang='lat' dir='ltr'>suam</span> <span class='ocrx_word' id='word_1_12' title='bbox 2051 667 2447 764; x_wconf 73' lang='lat' dir='ltr'>conjugem</span> <span class='ocrx_word' id='word_1_13' title='bbox 2486 663 2989 750; x_wconf 77' lang='lat' dir='ltr'>introducere,</span> <span class='ocrx_word' id='word_1_14' title='bbox 3049 659 3362 760; x_wconf 85' lang='lat' dir='ltr'>cumque</span> <span class='ocrx_word' id='word_1_15' title='bbox 3401 662 3464 736; x_wconf 82' lang='lat' dir='ltr'>is</span> 
     </span>
     <span class='ocr_line' id='line_1_3' title="bbox 684 789 3462 891; baseline -0.001 -25"><span class='ocrx_word' id='word_1_16' title='bbox 684 817 845 867; x_wconf 88' lang='lat' dir='ltr'>eam</span> <span class='ocrx_word' id='word_1_17' title='bbox 883 817 1256 890; x_wconf 75' lang='lat' dir='ltr'>generoso</span> <span class='ocrx_word' id='word_1_18' title='bbox 1299 795 1574 868; x_wconf 83' lang='lat' dir='ltr'>semine</span> <span class='ocrx_word' id='word_1_19' title='bbox 1616 793 2114 891; x_wconf 87' lang='lat' dir='ltr'>implevisset,</span> <span class='ocrx_word' id='word_1_20' title='bbox 2175 789 2462 889; x_wconf 88' lang='lat' dir='ltr'>prolem</span> <span class='ocrx_word' id='word_1_21' title='bbox 2518 789 2690 864; x_wconf 88' lang='lat' dir='ltr'>inde</span> <span class='ocrx_word' id='word_1_22' title='bbox 2753 799 3198 888; x_wconf 80' lang='lat' dir='ltr'>prognatam</span> <span class='ocrx_word' id='word_1_23' title='bbox 3249 813 3462 862; x_wconf 85' lang='lat' dir='ltr'>suam</span> 
     </span>
     <span class='ocr_line' id='line_1_4' title="bbox 680 914 3460 1013; baseline -0.002 -21"><span class='ocrx_word' id='word_1_24' title='bbox 680 921 943 996; x_wconf 84' lang='lat' dir='ltr'>facere.</span> <span class='ocrx_word' id='word_1_25' title='bbox 1032 918 1375 994; x_wconf 75' lang='lat' dir='ltr'>Vicissim</span> <span class='ocrx_word' id='word_1_26' title='bbox 1434 920 1747 994; x_wconf 81' lang='lat' dir='ltr'>facultas</span> <span class='ocrx_word' id='word_1_27' title='bbox 1804 917 2118 992; x_wconf 84' lang='lat' dir='ltr'>dabatur</span> <span class='ocrx_word' id='word_1_28' title='bbox 2175 917 2334 989; x_wconf 88' lang='lat' dir='ltr'>viro</span> <span class='ocrx_word' id='word_1_29' title='bbox 2393 917 2634 1006; x_wconf 87' lang='lat' dir='ltr'>bone,</span> <span class='ocrx_word' id='word_1_30' title='bbox 2689 915 2748 989; x_wconf 90' lang='lat' dir='ltr'>si</span> <span class='ocrx_word' id='word_1_31' title='bbox 2790 940 3014 1013; x_wconf 88' lang='lat' dir='ltr'>quam</span> <span class='ocrx_word' id='word_1_32' title='bbox 3057 914 3460 989; x_wconf 71' lang='lat' dir='ltr'>fecundam</span> 
     </span>
     <span class='ocr_line' id='line_1_5' title="bbox 678 1039 3459 1144; baseline -0.002 -23"><span class='ocrx_word' id='word_1_33' title='bbox 678 1057 901 1144; x_wconf 80' lang='lat' dir='ltr'>atque</span> <span class='ocrx_word' id='word_1_34' title='bbox 961 1057 1245 1121; x_wconf 87' lang='lat' dir='ltr'>castam</span> <span class='ocrx_word' id='word_1_35' title='bbox 1302 1045 1691 1120; x_wconf 87' lang='lat' dir='ltr'>mulierem</span> <span class='ocrx_word' id='word_1_36' title='bbox 1746 1044 1872 1119; x_wconf 86' lang='lat' dir='ltr'>alii</span> <span class='ocrx_word' id='word_1_37' title='bbox 1931 1043 2401 1116; x_wconf 87' lang='lat' dir='ltr'>matrimonio</span> <span class='ocrx_word' id='word_1_38' title='bbox 2450 1043 2792 1140; x_wconf 88' lang='lat' dir='ltr'>junctam</span> <span class='ocrx_word' id='word_1_39' title='bbox 2847 1041 2922 1113; x_wconf 92' lang='lat' dir='ltr'>in</span> <span class='ocrx_word' id='word_1_40' title='bbox 2975 1039 3459 1115; x_wconf 81' lang='lat' dir='ltr'>admiratione</span> 
     </span>
     <span class='ocr_line' id='line_1_6' title="bbox 678 1170 3456 1268; baseline -0.001 -25"><span class='ocrx_word' id='word_1_41' title='bbox 678 1170 1023 1258; x_wconf 86' lang='lat' dir='ltr'>haberet,</span> <span class='ocrx_word' id='word_1_42' title='bbox 1088 1182 1169 1242; x_wconf 90' lang='lat' dir='ltr'>ut</span> <span class='ocrx_word' id='word_1_43' title='bbox 1228 1195 1389 1245; x_wconf 89' lang='lat' dir='ltr'>eam</span> <span class='ocrx_word' id='word_1_44' title='bbox 1432 1194 1474 1242; x_wconf 85' lang='lat' dir='ltr'>a</span> <span class='ocrx_word' id='word_1_45' title='bbox 1524 1172 1681 1244; x_wconf 86' lang='lat' dir='ltr'>viro</span> <span class='ocrx_word' id='word_1_46' title='bbox 1744 1171 2212 1268; x_wconf 80' lang='lat' dir='ltr'>impetraret,</span> <span class='ocrx_word' id='word_1_47' title='bbox 2274 1191 2860 1265; x_wconf 77' lang='lat' dir='ltr'>congressusque</span> <span class='ocrx_word' id='word_1_48' title='bbox 2923 1189 3090 1240; x_wconf 88' lang='lat' dir='ltr'>cum</span> <span class='ocrx_word' id='word_1_49' title='bbox 3149 1191 3238 1240; x_wconf 86' lang='lat' dir='ltr'>ea</span> <span class='ocrx_word' id='word_1_50' title='bbox 3295 1175 3456 1240; x_wconf 87' lang='lat' dir='ltr'>tan·</span> 
     </span>
     <span class='ocr_line' id='line_1_7' title="bbox 683 1290 3457 1394; baseline -0.001 -27"><span class='ocrx_word' id='word_1_51' title='bbox 683 1321 903 1394; x_wconf 87' lang='lat' dir='ltr'>quam</span> <span class='ocrx_word' id='word_1_52' title='bbox 943 1297 1017 1370; x_wconf 93' lang='lat' dir='ltr'>in</span> <span class='ocrx_word' id='word_1_53' title='bbox 1058 1297 1211 1372; x_wconf 87' lang='lat' dir='ltr'>solo</span> <span class='ocrx_word' id='word_1_54' title='bbox 1252 1294 1471 1372; x_wconf 88' lang='lat' dir='ltr'>fertili</span> <span class='ocrx_word' id='word_1_55' title='bbox 1512 1298 1753 1370; x_wconf 87' lang='lat' dir='ltr'>bonos</span> <span class='ocrx_word' id='word_1_56' title='bbox 1790 1295 2063 1369; x_wconf 88' lang='lat' dir='ltr'>liberos</span> <span class='ocrx_word' id='word_1_57' title='bbox 2103 1304 2420 1383; x_wconf 80' lang='lat' dir='ltr'>sereret,</span> <span class='ocrx_word' id='word_1_58' title='bbox 2475 1317 2870 1388; x_wconf 86' lang='lat' dir='ltr'>germanos</span> <span class='ocrx_word' id='word_1_59' title='bbox 2921 1290 3295 1366; x_wconf 83' lang='lat' dir='ltr'>bonorum</span> <span class='ocrx_word' id='word_1_60' title='bbox 3337 1317 3457 1365; x_wconf 93' lang='lat' dir='ltr'>co-</span> 
     </span>
     <span class='ocr_line' id='line_1_8' title="bbox 680 1417 3458 1522; baseline -0.001 -26"><span class='ocrx_word' id='word_1_61' title='bbox 680 1434 1095 1522; x_wconf 85' lang='lat' dir='ltr'>gnatosque</span> <span class='ocrx_word' id='word_1_62' title='bbox 1155 1424 1459 1497; x_wconf 82' lang='lat' dir='ltr'>futuros,</span> <span class='ocrx_word' id='word_1_63' title='bbox 1559 1422 1887 1495; x_wconf 88' lang='lat' dir='ltr'>Primum</span> <span class='ocrx_word' id='word_1_64' title='bbox 1967 1420 2164 1494; x_wconf 87' lang='lat' dir='ltr'>enim</span> <span class='ocrx_word' id='word_1_65' title='bbox 2221 1419 2611 1518; x_wconf 85' lang='lat' dir='ltr'>Lycurgus</span> <span class='ocrx_word' id='word_1_66' title='bbox 2679 1417 3126 1493; x_wconf 86' lang='lat' dir='ltr'>aestimabat</span> <span class='ocrx_word' id='word_1_67' title='bbox 3181 1417 3458 1494; x_wconf 84' lang='lat' dir='ltr'>liberos</span> 
     </span>
     <span class='ocr_line' id='line_1_9' title="bbox 676 1541 3456 1646; baseline -0.001 -26"><span class='ocrx_word' id='word_1_68' title='bbox 676 1573 825 1620; x_wconf 87' lang='lat' dir='ltr'>non</span> <span class='ocrx_word' id='word_1_69' title='bbox 866 1575 1027 1622; x_wconf 87' lang='lat' dir='ltr'>esse</span> <span class='ocrx_word' id='word_1_70' title='bbox 1070 1559 1467 1645; x_wconf 86' lang='lat' dir='ltr'>parentum</span> <span class='ocrx_word' id='word_1_71' title='bbox 1508 1547 1898 1646; x_wconf 86' lang='lat' dir='ltr'>proprios,</span> <span class='ocrx_word' id='word_1_72' title='bbox 1957 1545 2088 1619; x_wconf 88' lang='lat' dir='ltr'>sed</span> <span class='ocrx_word' id='word_1_73' title='bbox 2130 1569 2555 1618; x_wconf 88' lang='lat' dir='ltr'>communes</span> <span class='ocrx_word' id='word_1_74' title='bbox 2603 1541 2964 1633; x_wconf 83' lang='lat' dir='ltr'>civitatis;</span> <span class='ocrx_word' id='word_1_75' title='bbox 3017 1544 3266 1642; x_wconf 85' lang='lat' dir='ltr'>itaque</span> <span class='ocrx_word' id='word_1_76' title='bbox 3305 1569 3456 1618; x_wconf 90' lang='lat' dir='ltr'>non</span> 
     </span>
     <span class='ocr_line' id='line_1_10' title="bbox 678 1669 3456 1774; baseline -0.001 -26"><span class='ocrx_word' id='word_1_77' title='bbox 678 1701 715 1748; x_wconf 84' lang='lat' dir='ltr'>e</span> <span class='ocrx_word' id='word_1_78' title='bbox 754 1675 1325 1774; x_wconf 78' lang='lat' dir='ltr'>quibuscunque</span> <span class='ocrx_word' id='word_1_79' title='bbox 1386 1673 1847 1766; x_wconf 85' lang='lat' dir='ltr'>hominibus,</span> <span class='ocrx_word' id='word_1_80' title='bbox 1909 1672 2039 1748; x_wconf 89' lang='lat' dir='ltr'>sed</span> <span class='ocrx_word' id='word_1_81' title='bbox 2099 1699 2188 1747; x_wconf 79' lang='lat' dir='ltr'>ex</span> <span class='ocrx_word' id='word_1_82' title='bbox 2247 1673 2547 1770; x_wconf 86' lang='lat' dir='ltr'>optimis</span> <span class='ocrx_word' id='word_1_83' title='bbox 2609 1671 2813 1744; x_wconf 88' lang='lat' dir='ltr'>nasci</span> <span class='ocrx_word' id='word_1_84' title='bbox 2871 1670 3074 1744; x_wconf 88' lang='lat' dir='ltr'>cives</span> <span class='ocrx_word' id='word_1_85' title='bbox 3133 1669 3456 1746; x_wconf 86' lang='lat' dir='ltr'>volebat.</span> 
     </span>
     <span class='ocr_line' id='line_1_11' title="bbox 673 1796 3457 1899; baseline -0.002 -22"><span class='ocrx_word' id='word_1_86' title='bbox 673 1801 964 1877; x_wconf 88' lang='lat' dir='ltr'>Deinde</span> <span class='ocrx_word' id='word_1_87' title='bbox 1006 1803 1081 1874; x_wconf 92' lang='lat' dir='ltr'>in</span> <span class='ocrx_word' id='word_1_88' title='bbox 1123 1802 1433 1876; x_wconf 85' lang='lat' dir='ltr'>aliorum</span> <span class='ocrx_word' id='word_1_89' title='bbox 1476 1801 1565 1876; x_wconf 88' lang='lat' dir='ltr'>de</span> <span class='ocrx_word' id='word_1_90' title='bbox 1606 1800 1743 1875; x_wconf 91' lang='lat' dir='ltr'>hac</span> <span class='ocrx_word' id='word_1_91' title='bbox 1783 1828 1859 1875; x_wconf 85' lang='lat' dir='ltr'>re</span> <span class='ocrx_word' id='word_1_92' title='bbox 1898 1800 2192 1899; x_wconf 87' lang='lat' dir='ltr'>legibus</span> <span class='ocrx_word' id='word_1_93' title='bbox 2233 1798 2538 1874; x_wconf 86' lang='lat' dir='ltr'>videbat</span> <span class='ocrx_word' id='word_1_94' title='bbox 2577 1821 2930 1892; x_wconf 87' lang='lat' dir='ltr'>magnam</span> <span class='ocrx_word' id='word_1_95' title='bbox 2965 1796 3457 1872; x_wconf 79' lang='lat' dir='ltr'>stoliditatem</span> 
     </span>
     <span class='ocr_line' id='line_1_12' title="bbox 676 1909 3455 2026; baseline -0.002 -24"><span class='ocrx_word' id='word_1_96' title='bbox 676 1909 1651 2026; x_wconf 63' lang='lat' dir='ltr'>arrogantiamque·inesse.3</span> <span class='ocrx_word' id='word_1_97' title='bbox 1709 1927 1832 2026; x_wconf 91' lang='lat' dir='ltr'>qui</span> <span class='ocrx_word' id='word_1_98' title='bbox 1896 1952 2063 2000; x_wconf 89' lang='lat' dir='ltr'>cum</span> <span class='ocrx_word' id='word_1_99' title='bbox 2121 1925 2342 1999; x_wconf 83' lang='lat' dir='ltr'>canes</span> <span class='ocrx_word' id='word_1_100' title='bbox 2403 1937 2475 2000; x_wconf 87' lang='lat' dir='ltr'>et</span> <span class='ocrx_word' id='word_1_101' title='bbox 2535 1949 2759 2023; x_wconf 89' lang='lat' dir='ltr'>equas</span> <span class='ocrx_word' id='word_1_102' title='bbox 2799 1923 3455 2023; x_wconf 82' lang='lat' dir='ltr'>praestantissimis</span> 
     </span>
     <span class='ocr_line' id='line_1_13' title="bbox 673 2049 3452 2150; baseline -0.003 -22"><span class='ocrx_word' id='word_1_103' title='bbox 673 2055 747 2128; x_wconf 88' lang='lat' dir='ltr'>id</span> <span class='ocrx_word' id='word_1_104' title='bbox 786 2079 1023 2150; x_wconf 80' lang='lat' dir='ltr'>genus</span> <span class='ocrx_word' id='word_1_105' title='bbox 1080 2052 1579 2128; x_wconf 86' lang='lat' dir='ltr'>animantibus</span> <span class='ocrx_word' id='word_1_106' title='bbox 1634 2053 2111 2140; x_wconf 82' lang='lat' dir='ltr'>submittant,</span> <span class='ocrx_word' id='word_1_107' title='bbox 2179 2077 2424 2125; x_wconf 89' lang='lat' dir='ltr'>eorem</span> <span class='ocrx_word' id='word_1_108' title='bbox 2475 2050 2794 2124; x_wconf 87' lang='lat' dir='ltr'>dominis</span> <span class='ocrx_word' id='word_1_109' title='bbox 2833 2049 3076 2145; x_wconf 80' lang='lat' dir='ltr'>gratia</span> <span class='ocrx_word' id='word_1_110' title='bbox 3115 2059 3244 2120; x_wconf 83' lang='lat' dir='ltr'>aut</span> <span class='ocrx_word' id='word_1_111' title='bbox 3281 2073 3452 2145; x_wconf 83' lang='lat' dir='ltr'>pre-</span> 
     </span>
     <span class='ocr_line' id='line_1_14' title="bbox 674 2171 3456 2276; baseline -0.003 -23"><span class='ocrx_word' id='word_1_112' title='bbox 674 2180 775 2256; x_wconf 91' lang='lat' dir='ltr'>tio</span> <span class='ocrx_word' id='word_1_113' title='bbox 814 2179 885 2253; x_wconf 86' lang='lat' dir='ltr'>id</span> <span class='ocrx_word' id='word_1_114' title='bbox 922 2189 1003 2253; x_wconf 91' lang='lat' dir='ltr'>ut</span> <span class='ocrx_word' id='word_1_115' title='bbox 1042 2177 1459 2252; x_wconf 76' lang='lat' dir='ltr'>concedant</span> <span class='ocrx_word' id='word_1_116' title='bbox 1500 2177 1896 2276; x_wconf 75' lang='lat' dir='ltr'>permotis3</span> <span class='ocrx_word' id='word_1_117' title='bbox 1955 2177 2301 2252; x_wconf 83' lang='lat' dir='ltr'>mulieres</span> <span class='ocrx_word' id='word_1_118' title='bbox 2342 2186 2604 2248; x_wconf 86' lang='lat' dir='ltr'>contra</span> <span class='ocrx_word' id='word_1_119' title='bbox 2639 2172 2960 2250; x_wconf 82' lang='lat' dir='ltr'>inclusas</span> <span class='ocrx_word' id='word_1_120' title='bbox 2999 2174 3074 2246; x_wconf 90' lang='lat' dir='ltr'>in</span> <span class='ocrx_word' id='word_1_121' title='bbox 3117 2171 3456 2248; x_wconf 82' lang='lat' dir='ltr'>custodia</span> 
     </span>
     <span class='ocr_line' id='line_1_15' title="bbox 674 2295 3448 2400; baseline -0.004 -22"><span class='ocrx_word' id='word_1_122' title='bbox 674 2304 994 2394; x_wconf 84' lang='lat' dir='ltr'>habent,</span> <span class='ocrx_word' id='word_1_123' title='bbox 1056 2303 1463 2400; x_wconf 89' lang='lat' dir='ltr'>voluntque</span> <span class='ocrx_word' id='word_1_124' title='bbox 1522 2315 1601 2375; x_wconf 92' lang='lat' dir='ltr'>ut</span> <span class='ocrx_word' id='word_1_125' title='bbox 1641 2328 1733 2376; x_wconf 86' lang='lat' dir='ltr'>ex</span> <span class='ocrx_word' id='word_1_126' title='bbox 1774 2301 1951 2400; x_wconf 85' lang='lat' dir='ltr'>ipsis</span> <span class='ocrx_word' id='word_1_127' title='bbox 2011 2311 2300 2374; x_wconf 85' lang='lat' dir='ltr'>tantum</span> <span class='ocrx_word' id='word_1_128' title='bbox 2359 2299 2690 2398; x_wconf 84' lang='lat' dir='ltr'>pariant,</span> <span class='ocrx_word' id='word_1_129' title='bbox 2751 2298 2910 2374; x_wconf 87' lang='lat' dir='ltr'>sive</span> <span class='ocrx_word' id='word_1_130' title='bbox 2940 2299 3100 2397; x_wconf 86' lang='lat' dir='ltr'>jam</span> <span class='ocrx_word' id='word_1_131' title='bbox 3140 2298 3282 2397; x_wconf 90' lang='lat' dir='ltr'>ipsi</span> <span class='ocrx_word' id='word_1_132' title='bbox 3323 2295 3448 2370; x_wconf 88' lang='lat' dir='ltr'>de-</span> 
     </span>
     <span class='ocr_line' id='line_1_16' title="bbox 674 2423 3450 2528; baseline -0.003 -24"><span class='ocrx_word' id='word_1_133' title='bbox 674 2430 981 2528; x_wconf 85' lang='lat' dir='ltr'>sipiant,</span> <span class='ocrx_word' id='word_1_134' title='bbox 1040 2429 1194 2502; x_wconf 87' lang='lat' dir='ltr'>sive</span> <span class='ocrx_word' id='word_1_135' title='bbox 1254 2427 1609 2527; x_wconf 88' lang='lat' dir='ltr'>decrepiti</span> <span class='ocrx_word' id='word_1_136' title='bbox 1669 2428 1822 2500; x_wconf 89' lang='lat' dir='ltr'>sive</span> <span class='ocrx_word' id='word_1_137' title='bbox 1875 2426 2021 2500; x_wconf 90' lang='lat' dir='ltr'>sint</span> <span class='ocrx_word' id='word_1_138' title='bbox 2061 2423 2595 2500; x_wconf 85' lang='lat' dir='ltr'>valetudinarii.</span> <span class='ocrx_word' id='word_1_139' title='bbox 2677 2423 3220 2516; x_wconf 84' lang='lat' dir='ltr'>(Plutarch.</span> <span class='ocrx_word' id='word_1_140' title='bbox 3282 2423 3450 2523; x_wconf 88' lang='lat' dir='ltr'>Ly-</span> 
     </span>
     <span class='ocr_line' id='line_1_17' title="bbox 673 2554 2467 2652; baseline -0.004 -22"><span class='ocrx_word' id='word_1_141' title='bbox 673 2554 1163 2652; x_wconf 47' lang='lat' dir='ltr'>curg.153</span> <span class='ocrx_word' id='word_1_142' title='bbox 2462 2554 2467 2561; x_wconf 78' lang='grc'><strong>’</strong></span> 
     </span>
    </p>

    <p class='ocr_par' dir='ltr' id='par_1_3' title="bbox 672 2676 3454 3283">
     <span class='ocr_line' id='line_1_18' title="bbox 888 2676 3454 2779; baseline -0.004 -23"><span class='ocrx_word' id='word_1_143' title='bbox 888 2682 1047 2762; x_wconf 86' lang='lat' dir='ltr'>Imo</span> <span class='ocrx_word' id='word_1_144' title='bbox 1107 2678 1305 2779; x_wconf 86' lang='lat' dir='ltr'>apud</span> <span class='ocrx_word' id='word_1_145' title='bbox 1366 2676 1999 2754; x_wconf 84' lang='lat' dir='ltr'>Lacedaemonios</span> <span class='ocrx_word' id='word_1_146' title='bbox 2069 2678 2386 2774; x_wconf 84' lang='lat' dir='ltr'>patrium</span> <span class='ocrx_word' id='word_1_147' title='bbox 2443 2685 3025 2773; x_wconf 85' lang='lat' dir='ltr'>consvetumquc</span> <span class='ocrx_word' id='word_1_148' title='bbox 3101 2685 3294 2767; x_wconf 84' lang='lat' dir='ltr'>erat,</span> <span class='ocrx_word' id='word_1_149' title='bbox 3371 2683 3454 2748; x_wconf 83' lang='lat' dir='ltr'>ut</span> 
     </span>
     <span class='ocr_line' id='line_1_19' title="bbox 674 2797 3448 2902; baseline -0.003 -21"><span class='ocrx_word' id='word_1_150' title='bbox 674 2807 897 2881; x_wconf 78' lang='lat' dir='ltr'>unam</span> <span class='ocrx_word' id='word_1_151' title='bbox 938 2806 1302 2881; x_wconf 85' lang='lat' dir='ltr'>haberent</span> <span class='ocrx_word' id='word_1_152' title='bbox 1339 2830 1649 2878; x_wconf 81' lang='lat' dir='ltr'>uxorem</span> <span class='ocrx_word' id='word_1_153' title='bbox 1687 2813 1836 2877; x_wconf 89' lang='lat' dir='ltr'>tres</span> <span class='ocrx_word' id='word_1_154' title='bbox 1875 2801 2016 2875; x_wconf 92' lang='lat' dir='ltr'>viri</span> <span class='ocrx_word' id='word_1_155' title='bbox 2059 2802 2182 2876; x_wconf 90' lang='lat' dir='ltr'>vel</span> <span class='ocrx_word' id='word_1_156' title='bbox 2221 2811 2578 2901; x_wconf 86' lang='lat' dir='ltr'>quatuor,</span> <span class='ocrx_word' id='word_1_157' title='bbox 2624 2813 2698 2876; x_wconf 88' lang='lat' dir='ltr'>et</span> <span class='ocrx_word' id='word_1_158' title='bbox 2737 2801 2981 2902; x_wconf 86' lang='lat' dir='ltr'>plures</span> <span class='ocrx_word' id='word_1_159' title='bbox 3021 2797 3448 2899; x_wconf 80' lang='lat' dir='ltr'>aliquandO,</span> 
     </span>
     <span class='ocr_line' id='line_1_20' title="bbox 672 2924 3450 3030; baseline -0.004 -21"><span class='ocrx_word' id='word_1_160' title='bbox 672 2936 733 3009; x_wconf 88' lang='lat' dir='ltr'>si</span> <span class='ocrx_word' id='word_1_161' title='bbox 790 2934 1054 3009; x_wconf 85' lang='lat' dir='ltr'>fratres</span> <span class='ocrx_word' id='word_1_162' title='bbox 1114 2942 1399 3023; x_wconf 79' lang='lat' dir='ltr'>essent3</span> <span class='ocrx_word' id='word_1_163' title='bbox 1457 2931 1715 3030; x_wconf 89' lang='lat' dir='ltr'>hisque</span> <span class='ocrx_word' id='word_1_164' title='bbox 1774 2928 1988 3003; x_wconf 82' lang='lat' dir='ltr'>liberi</span> <span class='ocrx_word' id='word_1_165' title='bbox 2048 2938 2296 3002; x_wconf 84' lang='lat' dir='ltr'>essent</span> <span class='ocrx_word' id='word_1_166' title='bbox 2351 2954 2805 3003; x_wconf 88' lang='lat' dir='ltr'>communes.</span> <span class='ocrx_word' id='word_1_167' title='bbox 2884 2930 3200 3027; x_wconf 87' lang='lat' dir='ltr'>Insuper</span> <span class='ocrx_word' id='word_1_168' title='bbox 3251 2924 3450 2999; x_wconf 85' lang='lat' dir='ltr'>laudi</span> 
     </span>
     <span class='ocr_line' id='line_1_21' title="bbox 672 3051 3448 3156; baseline -0.003 -23"><span class='ocrx_word' id='word_1_169' title='bbox 672 3058 991 3134; x_wconf 84' lang='lat' dir='ltr'>dabatur</span> <span class='ocrx_word' id='word_1_170' title='bbox 1029 3066 1251 3155; x_wconf 84' lang='lat' dir='ltr'>atque</span> <span class='ocrx_word' id='word_1_171' title='bbox 1290 3057 1364 3129; x_wconf 89' lang='lat' dir='ltr'>in</span> <span class='ocrx_word' id='word_1_172' title='bbox 1408 3081 1611 3132; x_wconf 88' lang='lat' dir='ltr'>more</span> <span class='ocrx_word' id='word_1_173' title='bbox 1649 3056 1975 3156; x_wconf 82' lang='lat' dir='ltr'>positum</span> <span class='ocrx_word' id='word_1_174' title='bbox 2015 3066 2215 3144; x_wconf 88' lang='lat' dir='ltr'>erat,</span> <span class='ocrx_word' id='word_1_175' title='bbox 2257 3065 2338 3127; x_wconf 90' lang='lat' dir='ltr'>ut</span> <span class='ocrx_word' id='word_1_176' title='bbox 2375 3054 2435 3128; x_wconf 91' lang='lat' dir='ltr'>is</span> <span class='ocrx_word' id='word_1_177' title='bbox 2475 3053 2600 3151; x_wconf 91' lang='lat' dir='ltr'>qui</span> <span class='ocrx_word' id='word_1_178' title='bbox 2633 3057 2786 3147; x_wconf 81' lang='lat' dir='ltr'>jam</span> <span class='ocrx_word' id='word_1_179' title='bbox 2825 3051 3006 3127; x_wconf 87' lang='lat' dir='ltr'>satis</span> <span class='ocrx_word' id='word_1_180' title='bbox 3043 3052 3448 3127; x_wconf 87' lang='lat' dir='ltr'>liberorum</span> 
     </span>
     <span class='ocr_line' id='line_1_22' title="bbox 673 3176 3444 3283; baseline -0.003 -26"><span class='ocrx_word' id='word_1_181' title='bbox 673 3183 1141 3283; x_wconf 76' lang='lat' dir='ltr'>suscepisset,</span> <span class='ocrx_word' id='word_1_182' title='bbox 1184 3206 1494 3257; x_wconf 82' lang='lat' dir='ltr'>uxorem</span> <span class='ocrx_word' id='word_1_183' title='bbox 1532 3180 1747 3255; x_wconf 84' lang='lat' dir='ltr'>alicui</span> <span class='ocrx_word' id='word_1_184' title='bbox 1789 3180 2028 3255; x_wconf 88' lang='lat' dir='ltr'>amico</span> <span class='ocrx_word' id='word_1_185' title='bbox 2069 3178 2388 3253; x_wconf 86' lang='lat' dir='ltr'>cederet.</span> <span class='ocrx_word' id='word_1_186' title='bbox 2431 3176 2645 3270; x_wconf 76' lang='lat' dir='ltr'>(Pol</span> <span class='ocrx_word' id='word_1_187' title='bbox 2669 3204 2718 3276; x_wconf 90' lang='lat' dir='ltr'>y</span> <span class='ocrx_word' id='word_1_188' title='bbox 2743 3177 2963 3252; x_wconf 86' lang='lat' dir='ltr'>bins</span> <span class='ocrx_word' id='word_1_189' title='bbox 3001 3177 3176 3269; x_wconf 90' lang='lat' dir='ltr'>XII,</span> <span class='ocrx_word' id='word_1_190' title='bbox 3219 3179 3288 3269; x_wconf 87' lang='lat'>6,</span> <span class='ocrx_word' id='word_1_191' title='bbox 3331 3178 3444 3267; x_wconf 84' lang='lat' dir='ltr'>b).</span> 
     </span>
    </p>
   </div>
   <div class='ocr_carea' id='block_1_3' title="bbox 676 3320 3446 3552">
    <p class='ocr_par' dir='ltr' id='par_1_4' title="bbox 676 3320 3446 3552">
     <span class='ocr_line' id='line_1_23' title="bbox 896 3320 3446 3426; baseline -0.004 -25"><span class='ocrx_word' id='word_1_192' title='bbox 896 3325 1109 3426; x_wconf 84' lang='lat' dir='ltr'>Apud</span> <span class='ocrx_word' id='word_1_193' title='bbox 1150 3325 1528 3399; x_wconf 83' lang='lat' dir='ltr'>Romanos</span> <span class='ocrx_word' id='word_1_194' title='bbox 1570 3350 1808 3421; x_wconf 84' lang='lat' dir='ltr'>neque</span> <span class='ocrx_word' id='word_1_195' title='bbox 1851 3322 2112 3397; x_wconf 88' lang='lat' dir='ltr'>eadem</span> <span class='ocrx_word' id='word_1_196' title='bbox 2151 3322 2442 3397; x_wconf 87' lang='lat' dir='ltr'>duobus</span> <span class='ocrx_word' id='word_1_197' title='bbox 2483 3332 2722 3421; x_wconf 85' lang='lat' dir='ltr'>nupta</span> <span class='ocrx_word' id='word_1_198' title='bbox 2761 3345 2920 3395; x_wconf 86' lang='lat' dir='ltr'>esse</span> <span class='ocrx_word' id='word_1_199' title='bbox 2982 3320 3262 3420; x_wconf 86' lang='lat' dir='ltr'>potuit,</span> <span class='ocrx_word' id='word_1_200' title='bbox 3317 3344 3446 3392; x_wconf 87' lang='lat' dir='ltr'>ne-</span> 
     </span>
     <span class='ocr_line' id='line_1_24' title="bbox 676 3446 2924 3552; baseline -0.004 -24"><span class='ocrx_word' id='word_1_201' title='bbox 676 3475 819 3552; x_wconf 88' lang='lat' dir='ltr'>que</span> <span class='ocrx_word' id='word_1_202' title='bbox 858 3453 1052 3527; x_wconf 85' lang='lat' dir='ltr'>idem</span> <span class='ocrx_word' id='word_1_203' title='bbox 1095 3453 1279 3527; x_wconf 87' lang='lat' dir='ltr'>duas</span> <span class='ocrx_word' id='word_1_204' title='bbox 1317 3474 1585 3525; x_wconf 86' lang='lat' dir='ltr'>uxores</span> <span class='ocrx_word' id='word_1_205' title='bbox 1624 3449 1920 3526; x_wconf 85' lang='lat' dir='ltr'>habere.</span> <span class='ocrx_word' id='word_1_206' title='bbox 1979 3446 2097 3540; x_wconf 76' lang='lat' dir='ltr'>(G</span> <span class='ocrx_word' id='word_1_207' title='bbox 2119 3448 2248 3546; x_wconf 88' lang='lat' dir='ltr'>aji</span> <span class='ocrx_word' id='word_1_208' title='bbox 2295 3446 2541 3523; x_wconf 84' lang='lat' dir='ltr'>Iusti</span> <span class='ocrx_word' id='word_1_209' title='bbox 2571 3456 2617 3519; x_wconf 88' lang='lat' dir='ltr'>t.</span> <span class='ocrx_word' id='word_1_210' title='bbox 2660 3446 2718 3539; x_wconf 96' lang='grc' dir='ltr'>Ι,</span> <span class='ocrx_word' id='word_1_211' title='bbox 2761 3446 2924 3536; x_wconf 84' lang='grc'><strong>63.)</strong></span> 
     </span>
    </p>
   </div>
   <div class='ocr_carea' id='block_1_4' title="bbox 1835 3657 2310 3740">
    <p class='ocr_par' dir='ltr' id='par_1_5' title="bbox 1835 3657 2310 3740">
     <span class='ocr_line' id='line_1_25' title="bbox 1835 3657 2310 3740; baseline -0.006 0"><span class='ocrx_word' id='word_1_212' title='bbox 1835 3657 1987 3740; x_wconf 74' lang='lat' dir='ltr'>Ad</span> <span class='ocrx_word' id='word_1_213' title='bbox 2022 3658 2310 3739; x_wconf 74' lang='lat'>1³52.</span> 
     </span>
    </p>
   </div>
   <div class='ocr_carea' id='block_1_5' title="bbox 673 3819 3444 4558">
    <p class='ocr_par' dir='ltr' id='par_1_6' title="bbox 673 3819 3442 4175">
     <span class='ocr_line' id='line_1_26' title="bbox 886 3819 3434 3922; baseline -0.003 -18"><span class='ocrx_word' id='word_1_214' title='bbox 886 3827 1090 3906; x_wconf 88' lang='lat' dir='ltr'>And</span> <span class='ocrx_word' id='word_1_215' title='bbox 1120 3827 1361 3903; x_wconf 89' lang='lat' dir='ltr'>ocid.</span> <span class='ocrx_word' id='word_1_216' title='bbox 1412 3853 1471 3901; x_wconf 84' lang='lat' dir='ltr'>c.</span> <span class='ocrx_word' id='word_1_217' title='bbox 1518 3822 1822 3899; x_wconf 84' lang='lat' dir='ltr'>Alcib.</span> <span class='ocrx_word' id='word_1_218' title='bbox 1883 3819 1948 3922; x_wconf 63' lang='grc' dir='ltr'>ξ.</span> <span class='ocrx_word' id='word_1_219' title='bbox 1993 3823 2136 3896; x_wconf 88' lang='lat'>33:</span> <span class='ocrx_word' id='word_1_220' title='bbox 2195 3820 2722 3897; x_wconf 87' lang='lat' dir='ltr'>Recordamini</span> <span class='ocrx_word' id='word_1_221' title='bbox 2760 3824 3122 3921; x_wconf 81' lang='lat' dir='ltr'>majorum</span> <span class='ocrx_word' id='word_1_222' title='bbox 3163 3834 3434 3897; x_wconf 85' lang='lat' dir='ltr'>vestro-</span> 
     </span>
     <span class='ocr_line' id='line_1_27' title="bbox 673 3947 3442 4052; baseline -0.004 -21"><span class='ocrx_word' id='word_1_223' title='bbox 673 3982 873 4047; x_wconf 88' lang='lat' dir='ltr'>rum,</span> <span class='ocrx_word' id='word_1_224' title='bbox 935 3954 1059 4052; x_wconf 89' lang='lat' dir='ltr'>qui</span> <span class='ocrx_word' id='word_1_225' title='bbox 1109 3950 1539 4043; x_wconf 82' lang='lat' dir='ltr'>Cimonem,</span> <span class='ocrx_word' id='word_1_226' title='bbox 1600 3950 1799 4047; x_wconf 90' lang='lat' dir='ltr'>quod</span> <span class='ocrx_word' id='word_1_227' title='bbox 1860 3960 2120 4023; x_wconf 85' lang='lat' dir='ltr'>contra</span> <span class='ocrx_word' id='word_1_228' title='bbox 2167 3947 2410 4044; x_wconf 88' lang='lat' dir='ltr'>legem</span> <span class='ocrx_word' id='word_1_229' title='bbox 2467 3973 2908 4022; x_wconf 88' lang='lat' dir='ltr'>sororem</span> <span class='ocrx_word' id='word_1_230' title='bbox 2970 3948 3062 4020; x_wconf 91' lang='lat' dir='ltr'>in</span> <span class='ocrx_word' id='word_1_231' title='bbox 3124 3949 3442 4023; x_wconf 86' lang='lat' dir='ltr'>matri-</span> 
     </span>
     <span class='ocr_line' id='line_1_28' title="bbox 676 4073 2585 4175; baseline -0.006 -22"><span class='ocrx_word' id='word_1_232' title='bbox 676 4079 997 4155; x_wconf 89' lang='lat' dir='ltr'>monio</span> <span class='ocrx_word' id='word_1_233' title='bbox 1056 4076 1506 4168; x_wconf 85' lang='lat' dir='ltr'>haberet,</span> <span class='ocrx_word' id='word_1_234' title='bbox 1564 4077 1749 4151; x_wconf 89' lang='lat' dir='ltr'>urbe</span> <span class='ocrx_word' id='word_1_235' title='bbox 1783 4077 2162 4175; x_wconf 82' lang='lat' dir='ltr'>jusserunt</span> <span class='ocrx_word' id='word_1_236' title='bbox 2202 4073 2585 4170; x_wconf 83' lang='lat' dir='ltr'>emigrare.</span> 
     </span>
    </p>

    <p class='ocr_par' dir='ltr' id='par_1_7' title="bbox 888 4199 2293 4299">
     <span class='ocr_line' id='line_1_29' title="bbox 888 4199 2293 4299; baseline -0.006 -21"><span class='ocrx_word' id='word_1_237' title='bbox 888 4201 1384 4299; x_wconf 83' lang='lat' dir='ltr'>Intelligenda</span> <span class='ocrx_word' id='word_1_238' title='bbox 1421 4201 1539 4275; x_wconf 89' lang='lat' dir='ltr'>hic</span> <span class='ocrx_word' id='word_1_239' title='bbox 1580 4212 1691 4275; x_wconf 87' lang='lat' dir='ltr'>est</span> <span class='ocrx_word' id='word_1_240' title='bbox 1728 4224 1936 4275; x_wconf 82' lang='lat' dir='ltr'>soror</span> <span class='ocrx_word' id='word_1_241' title='bbox 1983 4199 2293 4273; x_wconf 86' lang='lat' dir='ltr'>uterina.</span> 
     </span>
    </p>

    <p class='ocr_par' dir='ltr' id='par_1_8' title="bbox 673 4324 3444 4558">
     <span class='ocr_line' id='line_1_30' title="bbox 892 4324 3444 4429; baseline -0 -25"><span class='ocrx_word' id='word_1_242' title='bbox 892 4329 1112 4429; x_wconf 90' lang='lat' dir='ltr'>Apud</span> <span class='ocrx_word' id='word_1_243' title='bbox 1135 4330 1510 4405; x_wconf 88' lang='lat' dir='ltr'>Romanos</span> <span class='ocrx_word' id='word_1_244' title='bbox 1548 4330 1743 4403; x_wconf 86' lang='lat' dir='ltr'>inter</span> <span class='ocrx_word' id='word_1_245' title='bbox 1782 4328 2089 4403; x_wconf 85' lang='lat' dir='ltr'>fratrem</span> <span class='ocrx_word' id='word_1_246' title='bbox 2130 4338 2203 4400; x_wconf 91' lang='lat' dir='ltr'>et</span> <span class='ocrx_word' id='word_1_247' title='bbox 2241 4350 2569 4399; x_wconf 86' lang='lat' dir='ltr'>sororem</span> <span class='ocrx_word' id='word_1_248' title='bbox 2609 4324 3024 4424; x_wconf 83' lang='lat' dir='ltr'>prohibitae</span> <span class='ocrx_word' id='word_1_249' title='bbox 3068 4334 3278 4400; x_wconf 84' lang='lat' dir='ltr'>erant</span> <span class='ocrx_word' id='word_1_250' title='bbox 3315 4352 3444 4403; x_wconf 86' lang='lat' dir='ltr'>nu-</span> 
     </span>
     <span class='ocr_line' id='line_1_31' title="bbox 673 4450 3442 4558; baseline -0.002 -28"><span class='ocrx_word' id='word_1_251' title='bbox 673 4458 913 4558; x_wconf 84' lang='lat' dir='ltr'>ptiae,</span> <span class='ocrx_word' id='word_1_252' title='bbox 974 4456 1127 4531; x_wconf 87' lang='lat' dir='ltr'>sive</span> <span class='ocrx_word' id='word_1_253' title='bbox 1171 4454 1429 4531; x_wconf 88' lang='lat' dir='ltr'>eodem</span> <span class='ocrx_word' id='word_1_254' title='bbox 1468 4466 1677 4554; x_wconf 90' lang='lat' dir='ltr'>patre</span> <span class='ocrx_word' id='word_1_255' title='bbox 1737 4452 2147 4551; x_wconf 87' lang='lat' dir='ltr'>eademque</span> <span class='ocrx_word' id='word_1_256' title='bbox 2209 4461 2443 4525; x_wconf 83' lang='lat' dir='ltr'>matre</span> <span class='ocrx_word' id='word_1_257' title='bbox 2487 4450 2638 4524; x_wconf 87' lang='lat' dir='ltr'>nati</span> <span class='ocrx_word' id='word_1_258' title='bbox 2681 4461 2964 4543; x_wconf 84' lang='lat' dir='ltr'>essent,</span> <span class='ocrx_word' id='word_1_259' title='bbox 3031 4450 3187 4525; x_wconf 85' lang='lat' dir='ltr'>sive</span> <span class='ocrx_word' id='word_1_260' title='bbox 3227 4452 3442 4526; x_wconf 88' lang='lat' dir='ltr'>alter-</span> 
     </span>
    </p>
   </div>
   <div class='ocr_carea' id='block_1_6' title="bbox 674 4562 2162 4679">
    <p class='ocr_par' dir='ltr' id='par_1_9' title="bbox 674 4562 2162 4679">
     <span class='ocr_line' id='line_1_32' title="bbox 674 4562 2162 4679; baseline -0.006 -21"><span class='ocrx_word' id='word_1_261' title='bbox 674 4595 839 4658; x_wconf 88' lang='lat' dir='ltr'>utro</span> <span class='ocrx_word' id='word_1_262' title='bbox 882 4608 1150 4657; x_wconf 88' lang='lat' dir='ltr'>eorum.</span> <span class='ocrx_word' id='word_1_263' title='bbox 1212 4580 1477 4679; x_wconf 82' lang='lat' dir='ltr'>(Gaji</span> <span class='ocrx_word' id='word_1_264' title='bbox 1529 4580 1855 4654; x_wconf 85' lang='lat' dir='ltr'>Instit.</span> <span class='ocrx_word' id='word_1_265' title='bbox 1899 4579 1954 4669; x_wconf 88' lang='lat'>1,</span> <span class='ocrx_word' id='word_1_266' title='bbox 2000 4562 2162 4667; x_wconf 81' lang='lat'><strong>61.)</strong></span> 
     </span>
    </p>
   </div>
   <div class='ocr_carea' id='block_1_7' title="bbox 1829 4760 2310 4869">
    <p class='ocr_par' dir='ltr' id='par_1_10' title="bbox 1829 4760 2310 4869">
     <span class='ocr_line' id='line_1_33' title="bbox 1829 4760 2310 4869; baseline -0.002 0"><span class='ocrx_word' id='word_1_267' title='bbox 1829 4760 2002 4869; x_wconf 67' lang='grc' dir='ltr'>Μ’</span> <span class='ocrx_word' id='word_1_268' title='bbox 2024 4787 2310 4868; x_wconf 77' lang='grc'><strong>1355.</strong></span> 
     </span>
    </p>
   </div>
   <div class='ocr_carea' id='block_1_8' title="bbox 679 4946 3446 5302">
    <p class='ocr_par' dir='ltr' id='par_1_11' title="bbox 679 4946 3446 5302">
     <span class='ocr_line' id='line_1_34' title="bbox 888 4946 3446 5047; baseline -0.005 -14"><span class='ocrx_word' id='word_1_269' title='bbox 888 4958 1275 5033; x_wconf 84' lang='lat' dir='ltr'>Sozomeni</span> <span class='ocrx_word' id='word_1_270' title='bbox 1318 4957 1566 5031; x_wconf 86' lang='lat' dir='ltr'>histor.</span> <span class='ocrx_word' id='word_1_271' title='bbox 1610 4953 1861 5031; x_wconf 87' lang='lat' dir='ltr'>eccles.</span> <span class='ocrx_word' id='word_1_272' title='bbox 1907 4956 1962 5045; x_wconf 89' lang='grc' dir='ltr'>Ι,</span> <span class='ocrx_word' id='word_1_273' title='bbox 2007 4956 2094 5027; x_wconf 83' lang='lat'>8:</span> <span class='ocrx_word' id='word_1_274' title='bbox 2157 4947 2388 5047; x_wconf 68' lang='grc' dir='ltr'><em>[[αρτῖ</em></span> <span class='ocrx_word' id='word_1_275' title='bbox 2442 4954 2842 5041; x_wconf 72' lang='grc' dir='ltr'>Φοίνιξιν,</span> <span class='ocrx_word' id='word_1_276' title='bbox 2887 4952 2976 5025; x_wconf 77' lang='grc' dir='ltr'>οἳ</span> <span class='ocrx_word' id='word_1_277' title='bbox 3007 4946 3150 5023; x_wconf 76' lang='grc' dir='ltr'>τὸν</span> <span class='ocrx_word' id='word_1_278' title='bbox 3188 4950 3446 5045; x_wconf 39' lang='lat' dir='ltr'>Allia*-</span> 
     </span>
     <span class='ocr_line' id='line_1_35' title="bbox 680 5068 3444 5173; baseline -0.004 -18"><span class='ocrx_word' id='word_1_279' title='bbox 680 5112 821 5156; x_wconf 82' lang='grc' dir='ltr'>νον</span> <span class='ocrx_word' id='word_1_280' title='bbox 860 5086 997 5153; x_wconf 80' lang='grc' dir='ltr'>καὶ</span> <span class='ocrx_word' id='word_1_281' title='bbox 1036 5076 1177 5169; x_wconf 77' lang='grc' dir='ltr'>τήν</span> <span class='ocrx_word' id='word_1_282' title='bbox 1221 5071 1509 5153; x_wconf 68' lang='grc' dir='ltr'>ς11λὶου</span> <span class='ocrx_word' id='word_1_283' title='bbox 1552 5076 1772 5152; x_wconf 72' lang='grc' dir='ltr'><em>πόλιν</em></span> <span class='ocrx_word' id='word_1_284' title='bbox 1817 5074 2227 5164; x_wconf 76' lang='grc' dir='ltr'>οἰκοῦσιν,</span> <span class='ocrx_word' id='word_1_285' title='bbox 2290 5073 2549 5151; x_wconf 72' lang='grc' dir='ltr'><em>οὐκέτι</em></span> <span class='ocrx_word' id='word_1_286' title='bbox 2613 5082 2828 5173; x_wconf 69' lang='grc' dir='ltr'><em>θέμις</em></span> <span class='ocrx_word' id='word_1_287' title='bbox 2889 5068 2980 5165; x_wconf 74' lang='grc' dir='ltr'>ἦν</span> <span class='ocrx_word' id='word_1_288' title='bbox 3019 5070 3401 5169; x_wconf 57' lang='lat' dir='ltr'>&amp;nucereti</span> <span class='ocrx_word' id='word_1_289' title='bbox 3430 5120 3444 5125; x_wconf 97' lang='lat'>-</span> 
     </span>
     <span class='ocr_line' id='line_1_36' title="bbox 679 5194 3446 5302; baseline -0.003 -23"><span class='ocrx_word' id='word_1_290' title='bbox 679 5212 903 5283; x_wconf 70' lang='grc' dir='ltr'><strong><em>εσθαι</em></strong></span> <span class='ocrx_word' id='word_1_291' title='bbox 946 5202 1081 5291; x_wconf 68' lang='grc' dir='ltr'>τάς</span> <span class='ocrx_word' id='word_1_292' title='bbox 1121 5210 1593 5302; x_wconf 60' lang='grc' dir='ltr'>παρθένους,</span> <span class='ocrx_word' id='word_1_293' title='bbox 1657 5208 1837 5301; x_wconf 77' lang='grc' dir='ltr'>πρὶν</span> <span class='ocrx_word' id='word_1_294' title='bbox 1893 5213 2052 5285; x_wconf 73' lang='grc' dir='ltr'><strong><em>τοῖς</em></strong></span> <span class='ocrx_word' id='word_1_295' title='bbox 2111 5197 2426 5301; x_wconf 70' lang='grc' dir='ltr'>ἀνδράσι</span> <span class='ocrx_word' id='word_1_296' title='bbox 2471 5206 2879 5275; x_wconf 63' lang='grc' dir='ltr'><em>συνελθεῖν</em></span> <span class='ocrx_word' id='word_1_297' title='bbox 2905 5258 2926 5289; x_wconf 87' lang='grc'>,</span> <span class='ocrx_word' id='word_1_298' title='bbox 2987 5194 3100 5284; x_wconf 79' lang='grc' dir='ltr'>οἷς</span> <span class='ocrx_word' id='word_1_299' title='bbox 3141 5202 3446 5297; x_wconf 71' lang='grc' dir='ltr'>νομίμῳ</span> 
     </span>
    </p>
   </div>
  </div>
 </body>
</html>
