3725 5850
1484 1193 1766 1278 An.

453 1362 779 1439 Pericles
835 1359 1036 1465 apud
1093 1360 1681 1466 Xenophontem
1739 1359 2311 1457 (Memorab.
2373 1361 2433 1455 Ι,
2496 1361 2569 1454 2,
2628 1359 2774 1448 42)
2834 1355 3013 1432 dicit

265 1485 640 1580 Alcibiadi,
679 1512 1125 1586 cognoscere
1165 1487 1479 1586 volenti,
1528 1485 1707 1589 quid
1744 1485 1866 1566 lex
1905 1486 2037 1562 sit:
2095 1509 2355 1561 omnes
2390 1483 2529 1561 hae
2566 1483 2774 1584 leges
2812 1491 3006 1576 sunt,

264 1637 428 1713 quas
462 1611 538 1688 in
574 1638 807 1691 unum
843 1615 1302 1692 conveniens
1342 1623 1416 1692 et
1452 1613 1930 1691 consentiens
1967 1611 2291 1719 populus
2351 1608 2826 1713 conscripsit,
2883 1606 3008 1685 de-

263 1740 532 1816 clarans
568 1763 760 1839 quae
798 1737 1146 1818 facienda
1183 1739 1370 1837 sint,
1410 1766 1603 1843 quae
1645 1766 1820 1818 non.
2752 1754 2761 1764 ‘

455 1861 803 1942 Socrates
859 1876 1108 1944 autem
1164 1864 1538 1968 approbat
1595 1865 1768 1962 (IV,
1828 1867 1902 1959 4,
1945 1863 2085 1961 13)
2142 1865 2465 1966 Hippiae
2522 1861 2971 1941 sententiam
2992 1913 3017 1952 ‚

264 1987 592 2066 dicentis:
649 1991 857 2090 leges
897 1990 1216 2070 civitatis
1255 2018 1417 2071 esse
1453 1991 1911 2097 conscriptas
1950 2017 1996 2069 a
2032 1989 2340 2085 civibus,
2379 1995 2790 2068 statuentes
2824 2011 3015 2088 quae

263 2113 488 2191 facere
521 2123 600 2190 et
635 2139 682 2192 a
719 2115 990 2216 quibus
1027 2113 1398 2195 abstinere
1439 2125 1798 2220 oporteat.

455 2235 886 2318 Secundum
923 2238 1261 2320 Platonis
1298 2243 1542 2341 Leges
1583 2243 1811 2339 (644,
1849 2243 1964 2335 D)
2001 2240 2311 2319 rationis
2338 2237 2706 2342 judicium
2754 2239 3016 2338 (λογι-

263 2359 472 2460 σμός)
512 2391 908 2445 commune
944 2367 1264 2446 civitatis
1301 2365 1687 2446 decretum
1722 2367 2072 2444 effectum
2104 2367 2230 2444 lex
2267 2367 2713 2443 nominatur.

456 2491 547 2569 In
584 2492 980 2572 subditivis
1016 2504 1268 2571 autem
1307 2495 1469 2596 ejus
1505 2490 2088 2570 Definitionibus
2126 2482 2380 2589 (ὅροι)
2416 2517 2493 2593 p.
2528 2487 2705 2566 415.
2743 2488 2867 2567 lex
2905 2495 3020 2568 est

261 2619 508 2694 scitum
544 2614 1037 2696 multitudinis
1075 2621 1294 2697 civile
1330 2644 1485 2696 non
1522 2618 1617 2697 ad
1654 2631 1951 2722 tempus
1988 2617 2289 2724 aliquod
2326 2615 2731 2696 definitum.

458 2741 962 2822 Anaximenes
1019 2743 1220 2842 (ars
1275 2743 1514 2822 rhet.
1574 2744 1633 2840 1,
1676 2743 1765 2838 5)
1823 2744 2003 2822 dicit
2055 2743 2303 2844 legem
2343 2768 2504 2822 esse
2542 2766 3018 2820 communem

257 2868 566 2946 civitatis
605 2894 1056 2947 consensum
1094 2869 1389 2973 scriptis
1427 2869 2053 2974 praecipientem,
2109 2895 2257 2972 quo
2299 2867 2517 2947 modo
2553 2864 3017 2970 unumquod-

260 3020 392 3096 que
428 2994 805 3095 agendum
841 2995 956 3072 sit.

457 3118 817 3196 Definitio
872 3118 1060 3220 legis
1115 3117 1747 3198 Demostheniaca
1799 3118 2074 3222 legitur
2131 3121 2357 3198 etiam
2393 3120 2472 3197 in
2508 3120 2842 3220 Digestis
2878 3116 3018 3196 Ju-

263 3243 548 3320 stiniani
583 3246 1056 3347 imperatoris
1091 3247 1151 3344 Ι,
1194 3246 1264 3340 3,
1310 3245 1381 3322 2.

457 3368 640 3449 Ideo
679 3368 861 3448 dicit
897 3372 1184 3471 Ecloga
1218 3371 1475 3471 legum
1509 3372 1588 3447 in
1613 3370 1960 3474 Epitome
2002 3373 2512 3475 expositarum
2546 3372 2805 3451 'ritulo
2826 3374 2883 3462 1,
2925 3363 3020 3461 n':

263 3485 454 3566 οὕτω
491 3486 636 3569 τὸν
669 3490 923 3593 νόμον
959 3486 1296 3607 ὅρι’ζεταρ
1336 3498 1473 3570 καὶ
1515 3500 2007 3594 Δημοσθένης
2046 3486 2089 3572 ὃ
2132 3494 2391 3596 ῥήτωρ.

463 3618 910 3716 (Zachariae
968 3650 1014 3700 a
1069 3622 1566 3723 Lingenthal:
1625 3622 1680 3702 J
1685 3650 1770 3701 us
1829 3622 2128 3702 Graeco
2152 3673 2178 3686 -
2200 3622 2640 3703 Romanum.
2698 3620 2887 3701 Pars
2924 3622 3021 3701 114

259 3743 610 3852 Synopsis
647 3748 893 3827 minor
929 3758 1004 3826 et
1040 3748 1384 3850 epitome.
1441 3748 1773 3851 Lipsiae,
1814 3750 2088 3843 1856.)

1487 3941 1788 4029 ΜΘ.

463 4106 784 4210 Hippias
821 4108 1232 4210 respondet
1269 4106 1560 4187 Socrati
1591 4109 1802 4211 apud
1832 4108 2445 4212 Xenophontem·
2468 4108 2587 4203 (M
2610 4132 2651 4186 e
2672 4134 2745 4185 m
2764 4134 2810 4184 o
2829 4110 3023 4186 rab.

259 4230 384 4327 IV,
425 4234 498 4327 4,
543 4232 708 4327 19),
765 4256 921 4309 non
975 4235 1293 4337 scriptas
1348 4234 1554 4335 leges
1611 4258 1774 4316 esse
1813 4255 1983 4331 eas,
2042 4260 2236 4337 quae
2273 4234 2521 4313 ubivis
2556 4224 2897 4313 locorum
2928 4236 3023 4313 si-

257 4357 524 4435 militer
559 4368 1001 4437 statuantur.
3020 4414 3031 4423 ·

276 4492 286 4501 '
459 4483 814 4582 Pericles,
855 4495 937 4561 ut
967 4486 1198 4565 refert
1225 4484 1490 4587 Lysias
1529 4489 1632 4581 (c.
1673 4479 2053 4564 Andoci
2080 4488 2150 4567 d.
2188 4487 2238 4565 d
2264 4516 2307 4565 e
2340 4485 2709 4589 impiet.
2746 4484 2817 4588 ᾖ.
2854 4486 3022 4586 10),

257 4608 632 4685 admonuit
689 4609 1180 4690 Athenienses
1201 4672 1221 4710 ‚
1309 4624 1392 4691 ut
1467 4639 1621 4692 non
1692 4614 1935 4694 solum
1988 4612 2350 4690 adversus
2404 4611 2674 4713 impios
2730 4613 3025 4713 legibus

258 4734 545 4836 scriptis
601 4746 1025 4832 uterentur,
1083 4762 1346 4815 verum
1398 4738 1622 4816 etiam
1677 4741 1834 4816 no‘n
1883 4738 2219 4840 scriptis,
2278 4764 2591 4840 quarum
2624 4740 3022 4817 auctorita-

257 4870 404 4937 tem
455 4884 680 4937 nemo
737 4886 1068 4963 unquam
1121 4862 1361 4965 potuit
1415 4864 1885 4958 convellere,
1940 4863 2213 4964 quibus
2248 4886 2473 4941 nemo
2512 4860 3020 4941 omradicere

258 5010 472 5063 ausus
507 4996 664 5081 est,
723 4997 802 5063 et
835 5012 1150 5087 quarum
1185 4989 1501 5066 latorem
1536 4988 1838 5090 penitus
1872 4988 2328 5087 ignom-amus.

466 5110 896 5191 Secundum
931 5112 1410 5195 Aristotelem
1465 5116 1648 5213 (Rh
1670 5128 1905 5193 etor.
1954 5118 2017 5212 Ι,
2062 5116 2185 5213 10,
2227 5116 2319 5211 3)
2356 5118 2480 5197 lex
2516 5128 2631 5193 est
2666 5114 2812 5195 alia
2848 5140 3023 5216 pro-

259 5236 460 5339 pria,
515 5237 664 5315 alia
697 5240 1132 5321 eommunia.
1203 5244 1350 5322 Illa
1383 5251 1537 5339 est,
1596 5268 1638 5319 e
1687 5268 1836 5346 qna
1870 5242 2147 5351 scripto
2184 5242 2725 5347 comprobemus
2757 5240 3025 5325 civitas
