3725 5850
636 471 796 550 214
1738 497 1865 548 ωε
1900 495 2321 548 pomae-uu.

1843 771 2067 862 Μέρος
2114 769 2225 853 ιη’.

1479 905 2090 987 Δικάσιμοι
2183 897 2587 992 ἡμέραι.

1857 1155 2049 1220 Pars
2098 1155 2201 1219 18.

1721 1281 1971 1345 Dies
2062 1277 2347 1345 fasti.

1948 1462 2124 1539 847.

867 1605 962 1679 Οἱ
1006 1611 1475 1702 θεσμοθέται
1517 1604 2051 1709 προγράφουσι
2092 1601 2271 1679 πότε
2296 1602 2414 1678 δεῖ
2430 1601 2777 1694 δικάζειν
2810 1599 2905 1676 τὰ
2948 1595 3421 1698 δικαστήρια.

1941 1841 2098 1914 847
2444 1731 2755 1825 (Pollux
2790 1731 2999 1824 VIII,
3038 1727 3206 1819 87.)

863 1981 1445 2062 Thesmothetae
1503 1985 1892 2087 proposita
1948 1983 2203 2061 tabula
2259 1985 2725 2082 significant,
2794 1983 3093 2084 quando
3142 1979 3425 2082 judicia

637 2113 763 2212 jus
802 2111 1074 2186 dicant.

1948 2220 2127 2294 848.

873 2357 965 2430 Οἱ
1013 2353 1555 2458 Ἀρεοπαγῖται
1598 2363 1791 2432 καθ’
1831 2365 2168 2434 ἕκαστον
2195 2357 2403 2456 μῆνα
2441 2357 2675 2454 τριῶν
2714 2347 3011 2456 ἦμερῶν
3050 2351 3419 2447 δικάζου-

654 2506 778 2555 σιν
816 2477 1082 2572 ἐφεξῆς
1111 2538 1132 2570 ,
1193 2479 1510 2584 τετάρτῃ
1550 2488 2024 2576 φθίνοντος,
2083 2488 2341 2582 τρίτῃ,
2401 2481 2731 2581 δευτέρᾳ.

1953 2720 2108 2793 848
2388 2613 2701 2704 (Pollux
2740 2611 2951 2704 VIII,
3000 2609 3212 2702 117.)

871 2857 1372 2963 Areopagitae
1431 2861 1729 2963 singulo
1789 2889 2040 2939 mense
2100 2864 2339 2939 tribus
2396 2863 2661 2940 diebus
2721 2862 3089 2940 continuis
3138 2863 3264 2962 jus
3321 2859 3422 2935 di-

656 2997 872 3062 cunt:
933 2996 1198 3086 quarta
1233 2988 1510 3063 inensis
1549 2987 2005 3085 deficientis,
2064 2991 2285 3066 tertia
2322 3002 2397 3065 et
2434 2988 2782 3066 secunda.

1963 3152 2141 3229 849.

875 3294 1081 3387 Πέμ
1105 3322 1156 3365 π
1180 3322 1220 3365 τ
1243 3320 1288 3388 ῃ
1345 3320 1406 3385 φ
1434 3296 1492 3369 θ
1515 3295 1543 3365 ι’
1565 3320 1612 3367 ν
1634 3321 1676 3365 ο
1700 3322 1746 3368 ν
1767 3324 1808 3367 τ
1833 3321 1876 3367 ο
1904 3324 1937 3379 ς
1959 3350 1980 3382 ,
2038 3295 2114 3367 αἱ
2172 3291 2301 3382 τῆς
2330 3298 2687 3391 μοιχείας
2727 3298 3018 3397 γραφαὶ
3060 3290 3425 3369 δίδονται.

2844 3422 3219 3516 (SuidaS.)

1965 3532 2143 3607 849.

873 3673 1156 3765 Quinto
1193 3673 1311 3749 die
1351 3674 1760 3750 desinentis
1803 3676 2077 3750 mensis
2117 3675 2389 3751 dantur
2435 3676 2768 3751 actiones
2807 3674 3168 3751 adulterii.

1958 3838 2137 3913 850.

879 3974 1246 4073 Κληροῦν
1281 3969 1422 4051 τὸν
1461 3966 1808 4073 ἄρχοντα
1845 3972 2151 4075 κλήρων
2189 3981 2326 4051 καὶ
2366 3974 2792 4075 ἐπικλήρων
2818 4036 2835 4067 ,
2894 3972 3063 4053 ὅσοι
3110 3980 3253 4051 εἰσί
3284 3974 3432 4073 μῆ-

667 4128 787 4185 νες
811 4157 830 4189 ,
891 4097 1092 4191 πλὴν
1129 4102 1272 4178 τοῦ
1312 4102 1974 4202 Σκιροφοριῶνος.

1826 4232 2255 4325 (Demosth.
2295 4233 2389 4311 II.
2432 4234 2510 4308 in
2550 4232 2911 4333 Stephan.
2956 4230 3227 4325 1136.)

1963 4394 2143 4469 850.

883 4533 1276 4614 Actionem
1331 4536 1506 4613 dare
1566 4536 1846 4613 archon
1906 4536 2132 4611 debet
2168 4535 2257 4611 de
2297 4534 2835 4612 hereditatibus
2875 4547 2951 4611 et
2987 4538 3280 4613 filiabus
3320 4536 3437 4613 he-

672 4662 1036 4739 reditariis
1074 4673 1374 4763 praeter
1407 4660 2069 4762 Seirophorionem
2106 4662 2425 4761 singulis
2464 4661 2865 4738 mensibus.

1966 4822 2144 4899 851.

885 4968 987 5041 Αἱ
1046 4962 1286 5055 λήξεις
1339 4964 1500 5044 τῶν
1556 4963 1801 5041 δικῶν
1856 4977 2019 5053 τοῖς
2075 4964 2433 5066 ἐμπόροις
2491 4966 2817 5064 ἔμμηνοί
2874 4969 3073 5041 εἰσιν
3110 4961 3263 5038 ἀπὸ
3304 4962 3437 5037 τοῦ

672 5090 1264 5192 Βοηδρομιῶνος
1329 5096 1556 5190 μέχρι
1636 5091 1792 5167 τωῦ
1853 5091 2480 5187 .Μουνυχιῶνος,
2562 5094 2697 5168 ἵνα
2774 5090 3237 5191 παραχρῆμα
3294 5086 3443 5163 τῶν

673 5216 1003 5297 δικαίων
1038 5215 1402 5315 τυχόντες
1441 5214 1923 5325 ἀνάγωνται,
1982 5220 2410 5317 (Demosth.
2450 5221 2621 5299 adv.
2662 5218 2970 5322 Apatur.
3016 5219 3235 5311 900.)
