3725 5850
628 398 784 474 596
1528 416 2144 494 conuna'rAnlvs
2187 418 2290 468 AD
2332 410 2490 472 1315.

624 615 881 711 νέψιοι
922 606 1454 708 διαφέρουσιν·
1518 605 1837 708 ἀνεψιοὶ
1885 607 2036 706 μὲν
2091 601 2236 709 γάρ
2275 608 2473 681 εἰσιν
2513 607 2588 682 οἱ
2625 605 2780 683 τῶν
2817 601 3187 704 ἀδελφῶν
3225 617 3406 684 παῖ-

626 735 785 828 δες,
845 742 1237 836 ἐξανέψιοι
1282 734 1359 812 δὲ
1400 739 1471 812 οἱ
1511 737 1668 812 τῶν
1707 731 2061 834 ἀνεψιῶν
2101 729 2382 820 παῖδες.
2440 729 2862 833 ζ’Λνεψιοὶ
2901 750 2977 814 et
3014 739 3404 834 ἐξανέψιοι

624 865 1017 961 differunt3
1074 865 1179 941 illi
1240 865 1436 942 enim
1494 875 1672 944 sunt
1725 865 2036 942 fratrum
2089 862 2342 958 liberi,
2399 863 2476 940 hi
2513 874 2758 940 autem
2799 864 3105 942 fratrum
3139 861 3405 941 libero·

621 1019 787 1070 rum
824 990 1103 1084 liberi.)

836 1135 1200 1214 Sobrinus
1238 1147 1375 1231 est,
1416 1146 1498 1211 ut
1535 1134 1640 1210 ait
1678 1131 1942 1212 Gallus
1964 1130 2242 1230 Aelius,
2282 1132 2518 1234 patris
2551 1133 2698 1208 mei
2739 1131 3171 1212 consobrini
3209 1133 3408 1210 filius

622 1271 698 1338 et
732 1262 991 1339 matris
1028 1285 1239 1336 meae
1278 1260 1773 1337 consobrinae
1815 1258 2032 1336 filius.
2073 1258 2389 1336 Femina
2424 1259 2690 1336 iisdem
2729 1259 2822 1336 de
2861 1260 3100 1336 causis
3139 1260 3406 1362 appel-

620 1387 726 1464 lat
780 1388 1085 1466 fratrem
1124 1397 1199 1462 et
1234 1387 1536 1463 fratrem
1594 1383 2016 1485 patruelem
2071 1394 2148 1458 et
2200 1384 2730 1462 consobrinum
2784 1397 2859 1461 et
2912 1386 3224 1490 propius
3285 1413 3405 1463 so-

620 1513 840 1590 brino
880 1524 953 1590 et
990 1512 1543 1589 consobrinum.
1585 1509 1820 1590 Iidem
1858 1508 2136 1610 gradus
2172 1510 2251 1586 in
2289 1511 2590 1589 sobrina
2625 1536 2920 1612 quoque
2959 1522 3156 1590 sunt.
3197 1513 3302 1606 (F
3325 1537 3402 1588 e-

618 1649 834 1716 stus
890 1665 948 1716 s.
994 1666 1062 1713 v.
1122 1637 1685 1728 Sobrinus.)

837 1784 944 1878 „L
1002 1783 1237 1859 Linea
1274 1778 1503 1879 igitur
1540 1791 1744 1856 recta
1784 1774 2033 1875 (κατὰ
2072 1773 2373 1876 βάθος)

836 1910 923 2001 1)
981 1907 1303 2000 oriundi,
1344 1933 1390 1982 a
1429 1907 1787 1984 defuncto
1826 1908 2068 2006 primo
2105 1906 2352 2005 gradu
2391 1907 2588 1982 filius
2625 1914 2698 1982 et
2737 1906 2914 2000 filia,
2951 1905 3029 1981 in
3067 1906 3400 1984 secundo

618 2059 852 2134 nepos
892 2045 969 2108 et
1001 2034 1253 2135 neptis
1292 2025 1639 2126 (υὶδοῦς,
1699 2025 1913 2123 υὶδὴ)
1954 2029 2316 2108 dicuntur.

833 2157 927 2252 2)
982 2158 1101 2234 Ex
1138 2159 1373 2235 altera
1410 2167 1623 2259 parte
1648 2213 1667 2250 ‚
1722 2183 1769 2232 a
1830 2157 2099 2258 quibus
2149 2156 2312 2257 ipse
2371 2181 2616 2255 genus
2673 2154 2912 2252 ducit,
2970 2155 3192 2261 primi
3230 2184 3399 2257 gra-

615 2283 793 2379 dus,
854 2294 1071 2386 pater
1108 2293 1183 2358 et
1220 2293 1496 2376 mater,
1557 2281 1862 2358 secundi
1901 2308 2091 2357 avus
2130 2294 2204 2358 et
2239 2282 2411 2357 avia
2446 2280 2942 2383 appellantur.

830 2409 925 2486 ΙΙ.
986 2405 1221 2484 Linea
1276 2405 1547 2481 deinde
1609 2418 2037 2482 transversa
2093 2399 2336 2499 (κατὰ
2390 2401 2712 2499 πλάτος)
2771 2417 3132 2506 cognatos
3170 2433 3396 2484 sensu

614 2534 963 2637 propriu,
1023 2531 1165 2608 hoc
1204 2544 1354 2627 est,
1416 2532 1540 2633 qui
1578 2533 1950 2609 communi
2009 2557 2180 2608 cum
2237 2531 2594 2608 defuncto
2646 2533 3028 2632 gaudeant
3065 2535 3395 2632 origine,

613 2660 967 2736 continet.
1008 2714 1024 2733 .
1067 2716 1083 2735 .
1128 2715 1145 2733 .
1182 2657 1423 2756 Igitur

832 2788 917 2879 1)
973 2787 1297 2888 primum
1338 2786 1431 2860 ab
1472 2784 1729 2862 eodem
1790 2796 2000 2887 patre
2055 2785 2178 2860 vel
2229 2797 2465 2861 matre
2504 2811 2674 2861 cum
2711 2784 3063 2864 defuncto
3104 2783 3398 2861 oriundi

609 2922 785 2988 sunt
820 2911 1090 2988 fratres
1130 2924 1204 2988 et
1242 2938 1535 2988 sorores
1558 2970 1575 3005 ‚
1618 2936 1936 3011 quorum
1972 2910 2188 2988 liberi
2228 2903 2636 3003 ἀδελφιδοῖ
2658 2966 2678 2999 ,
2721 2904 3136 3005 ἀδελφιδαῖ
3171 2909 3394 3006 (Nef-

611 3040 776 3132 fen)
818 3037 1185 3116 dicuntur.

828 3164 918 3256 2)
971 3162 1267 3240 Deinde
1308 3163 1646 3257 veniunt,
1691 3161 1960 3262 quibus
1999 3187 2185 3238 avus
2223 3164 2347 3237 vel
2387 3164 2561 3239 avia
2599 3189 2771 3240 cum
2807 3162 3156 3240 defuncto
3196 3187 3394 3240 com-

612 3289 856 3365 munis
880 3346 899 3384 ‚
957 3290 1083 3388 qui
1121 3290 1362 3389 primo
1399 3286 1640 3387 gradu
1677 3298 1991 3387 patruus
2031 3298 2105 3361 et
2142 3288 2596 3383 avunculus,
2656 3290 2882 3365 amita
2917 3289 3090 3365 item
3130 3299 3204 3365 et
3239 3314 3392 3364 ma-

607 3426 923 3511 tertera,
983 3414 1356 3489 communi
1412 3439 1592 3488 vero
1651 3410 1851 3513 apud
1891 3412 2203 3490 seriores
2242 3415 2546 3491 nomine
2591 3417 2848 3503 θεῖος,
2912 3414 3094 3487 θεία
3133 3415 3392 3517 appel·

609 3541 879 3616 lantur.
957 3538 1103 3632 Qui
1160 3539 1267 3614 uti
1321 3539 1467 3640 ipsi
1524 3536 1786 3613 eodem
1844 3538 2313 3635 cognationis
2371 3550 2671 3617 mutuae
2730 3564 3010 3637 genere
3050 3566 3222 3617 cum
3260 3564 3388 3641 pa-

610 3677 817 3741 rente
858 3664 1193 3741 defuncti
1232 3673 1571 3760 utuntur,
1630 3664 1735 3739 ita
1788 3663 2002 3739 liberi
2063 3692 2320 3741 eorum
2378 3678 2455 3743 et
2509 3667 2629 3742 hic
2685 3667 2848 3770 ipse
2885 3666 3039 3742 sibi·
3064 3666 3383 3743 invicem

610 3803 783 3867 sunt
818 3790 1239 3868 consobrini
1279 3783 1679 3889 (ἀνεψιοί,
1741 3782 2104 3886 ἀνεψιαί,
2165 3792 2572 3869 cousins
2631 3818 2745 3892 ge
2769 3792 3174 3886 rmains‚
3233 3790 3382 3869 Ge-

608 3917 1321 4008 schwisterkinder).
1397 3916 1707 3993 Oriundi
1766 3944 1946 3993 vero
2003 3930 2173 3994 sunt
2229 3929 2357 3995 aut
2415 3945 2460 3994 a
2497 3918 2848 3996 fratribus
2905 3918 3045 4013 (ἐκ
3092 3942 3384 4012 πατρα-

611 4038 954 4134 δέλφων,
1012 4044 1282 4120 fratres
1337 4043 1815 4144 patrueles),
1887 4054 2014 4118 aut
2067 4068 2113 4117 a
2167 4044 2546 4121 sororibus
2605 4047 2754 4138 (ἐκ
2801 4037 3384 4140 μητραδέλφων,

608 4170 1035 4245 consobrini
1072 4170 1373 4274 proprio
1410 4170 1700 4264 sensu)‚·
1754 4180 1883 4245 aut
1918 4194 1964 4243 a
2001 4170 2234 4246 fratre
2276 4181 2351 4245 et
2388 4198 2641 4248 sorore
2682 4170 3072 4266 (amitini).

823 4295 1084 4374 Potest
1135 4320 1316 4372 vero
1372 4294 1841 4372 consobrinis
1899 4296 2229 4374 defuncti
2287 4322 2449 4375 esse
2508 4296 2701 4374 filius
2760 4298 2883 4373 vel
2931 4297 3102 4373 filia.
3177 4294 3384 4372 Talis

608 4418 1030 4522 appellatur
1066 4413 1418 4517 ἀνεψιῶν
1458 4428 1652 4505 παῖς.

796 4546 911 4640 3)
969 4546 1226 4624 Tertio
1270 4550 1429 4649 jam
1486 4550 1651 4623 loco
1709 4549 1833 4647 qui
1893 4547 2154 4647 eodern
2214 4574 2500 4651 proavo
2551 4548 2672 4625 vel
2709 4548 3022 4652 proavia
3055 4558 3384 4643 utuntur,

606 4702 641 4748 s
664 4701 707 4746 o
730 4672 993 4749 hrini
1046 4674 1369 4750 invicem
1427 4700 1473 4750 a
1528 4674 1818 4751 Latinis
1878 4675 2374 4778 appellantur.
2453 4674 2686 4753 Vides
2745 4701 2868 4753 eos
2915 4675 3082 4777 ipsa
3115 4684 3387 4751 natura

605 4824 827 4898 quam
866 4799 1187 4876 maxime
1245 4824 1406 4876 esse
1467 4800 1801 4876 diversos
1854 4800 1949 4875 ab
1992 4793 2342 4899 ἀνεψιῶν
2381 4801 2598 4874 παισί
2619 4857 2641 4890 ,
2701 4802 2859 4879 sive
2898 4799 3382 4879 consobrino·

603 4950 768 4999 rum
805 4924 1095 5001 liberis:
1154 4926 1267 4999 his
1306 4925 1705 5001 defunctus
1762 4938 1876 5001 est
1933 4927 2239 5029 propius
2298 4928 2602 5004 sobrino
2663 4927 2938 5021 (Oncle
2980 4932 3019 4999 ὲ
3056 4927 3129 5002 la
3163 4925 3382 5003 mode

602 5044 690 5122 de
749 5050 1211 5150 Bretagne)‚
1278 5049 1383 5124 illi
1438 5050 1759 5126 invicem
1816 5050 2075 5127 eadem
2135 5052 2477 5128 fruuntur
2533 5052 3000 5151 cognationis
3074 5052 3380 5128 ratione.

602 5173 1052 5272 Quisaeigitur
1090 5175 1376 5250 dubitet
1414 5176 1612 5252 aliud
1652 5179 1728 5253 in
1768 5178 2026 5277 lingua
2065 5176 2364 5254 Graeca.
2416 5178 2588 5254 huic
2645 5177 2910 5256 rationi
2947 5177 3376 5275 significan·
