3725 5850
814 461 1429 520 comusnmruus
1465 462 1575 515 An
1614 459 1773 516 1245.
1816 458 1974 518 ιω.
2018 458 2176 518 12⁵1.
2217 457 2378 514 ηπ.
2423 460 2580 519 1253.
2925 425 3082 510 50⁷

1456 650 1609 774 Δᾷ
1642 648 1930 734 124⁸.

526 799 641 877 cf.
683 799 959 878 Lexica
996 797 1458 900 Segueriana
1494 827 1566 902 p.
1609 799 1786 875 247.

1458 1009 1611 1094 Ad
1644 1011 1934 1094 1240.

525 1175 945 1277 Epidamnii
984 1175 1400 1278 Illyriorum
1440 1177 1701 1264 vicini,
1756 1201 1984 1275 quum
2022 1201 2194 1251 suos
2234 1175 2437 1286 cives
2475 1199 2642 1251 cum
2680 1174 2842 1250 istis
2883 1197 3084 1250 com-

308 1302 587 1377 mercia
640 1302 1007 1402 agitantes
1062 1302 1406 1379 viderent
1463 1302 1866 1378 deteriores
1927 1301 2126 1396 fieri,
2187 1311 2262 1376 et
2318 1326 2408 1378 ea
2462 1299 2552 1376 de
2593 1324 2819 1376 causa
2863 1296 3004 1374 sibi
3042 1325 3088 1373 a

311 1427 528 1503 novis
567 1427 789 1504 rebus
825 1439 1273 1522 metuerent,
1315 1426 1409 1502 ad
1450 1435 1876 1502 contractus
1917 1437 1993 1503 et
2027 1425 2612 1527 permutationes
2653 1425 2828 1500 istas
2872 1432 3084 1522 quot-

311 1551 527 1628 annis
580 1578 812 1627 unum
868 1561 1244 1653 spectatae
1304 1551 1504 1628 vitae
1566 1551 1806 1627 civem
1865 1550 2345 1651 delegerunt,
2406 1551 2532 1651 qui
2593 1550 2688 1626 ad
2724 1549 3088 1628 barbaros

312 1701 736 1754 commeans
778 1677 1109 1754 omnium
1147 1677 1419 1753 civium
1457 1677 1756 1752 nomine
1798 1701 1965 1752 cum
2016 1676 2132 1752 his
2169 1677 2678 1774 negotiaretur
2717 1686 2790 1752 et
2827 1669 3086 1761 πωλή-

312 1828 437 1888 της
474 1801 863 1879 diceretur.
923 1802 1462 1896 (Plutarch.
1504 1813 1877 1901 quaest.
1915 1827 2047 1900 gr.
2089 1801 2256 1892 29.)

1464 2010 1617 2095 Ad
1670 2012 1938 2096 12⁵1.

444 2219 449 2222 ·
528 2175 844 2254 Suidas:
910 2167 1389 2272 Ὀλυμπιάς.·
1465 2175 1591 2252 Sic
1646 2177 1845 2279 apud
1908 2176 2242 2254 Graecos
2298 2189 2610 2254 vocatur
2666 2188 3084 2268 certamen,

306 2312 573 2402 quarto
613 2327 905 2404 quoque
945 2330 1143 2379 anno
1184 2303 1446 2405 peragi
1485 2303 1819 2397 solitum,
1883 2305 1979 2381 ob
2019 2303 2254 2394 diem,
2315 2306 2439 2404 qui
2480 2316 2742 2404 quarto
2789 2327 3086 2402 quoque

305 2451 505 2502 anno
544 2451 583 2502 e
623 2452 751 2504 sex
792 2429 989 2505 horis
1030 2428 1444 2526 collegitur.
1484 2428 1735 2506 Prima
1769 2439 2020 2506 autem
2044 2427 2432 2531 Olympias
2469 2428 2730 2504 incidit
2766 2427 2838 2500 in
2878 2437 3078 2502 aeta-

306 2562 459 2628 tem
496 2550 939 2647 Salomonis,
981 2579 1126 2653 quo
1167 2563 1496 2655 tempore
1534 2551 1716 2629 Jovi
1757 2553 2062 2655 publica
2098 2554 2440 2630 solennia
2476 2553 2852 2630 celebrata
2887 2561 3084 2630 sunt.

522 2675 635 2755 Of.
677 2676 927 2755 Schol.
964 2678 1044 2753 in
1080 2677 1364 2756 Pindar
1396 2677 1698 2780 Olymp.
1737 2681 1874 2774 III,
1915 2681 2040 2756 35.

1460 2889 1613 2975 Ad
1646 2891 1938 2975 12⁸2.

526 3052 766 3133 schol.
824 3055 903 3132 in
961 3054 1305 3134 Aeschin.
1366 3057 1457 3135 de
1514 3056 1703 3137 falsa
1756 3058 1981 3169 legat.
2047 3056 2186 3133 12:
2251 3053 2345 3130 Οἱ
2392 3058 2887 3158 καταγγελεῖς
2923 3052 3080 3129 τῶν

309 3172 638 3280 ἀγώνων
673 3178 1105 3254 καλοῦνται
1165 3204 1211 3253 σ
1230 3208 1283 3254 π
1305 3208 1347 3255 ο
1371 3209 1420 3255 ν
1439 3178 1486 3255 δ
1505 3210 1548 3254 ο
1571 3210 1633 3275 φ
1656 3179 1697 3256 ὁ
1718 3209 1760 3279 ρ
1785 3210 1827 3255 ο
1850 3210 1878 3253 ι
1933 3184 2071 3253 καὶ
2111 3170 2154 3256 ὅ
2185 3177 2477 3278 χρόνος
2515 3184 2844 3269 ἐκεῖνος,
2885 3184 3082 3253 καθ’

308 3298 407 3379 ὃν
445 3294 773 3407 ἄγονται
814 3306 888 3379 οἱ
925 3300 1257 3408 ἀγῶνες,
1317 3304 1689 3395 σπονδαί,
1754 3302 1881 3380 διὰ
1940 3302 2029 3380 τὸ
2069 3314 2228 3391 τοῖς
2270 3311 2479 3393 θεοῖς
2518 3303 2686 3380 τότε
2725 3307 3087 3409 γίνεσθαι

310 3421 647 3515 σπονδᾶς
684 3420 873 3529 ὖπὲρ
912 3428 1038 3520 τῆς
1064 3421 1459 3517 Ἑλλάδος.
1497 3433 1921 3526 (Ludorum
1959 3434 2197 3509 nuntii
2237 3444 2604 3510 vocantur
2644 3432 3088 3511 libationum

308 3554 623 3648 latores,
664 3567 739 3633 et
776 3570 1073 3658 tempus
1108 3556 1329 3653 illud,
1370 3586 1517 3659 quo
1555 3557 1708 3634 ludi
1746 3568 2112 3658 aguntur,
2165 3557 2424 3635 libatio
2447 3614 2466 3653 ,
2522 3560 2696 3658 quia
2733 3570 2911 3635 tunc
2949 3555 3086 3634 diis

308 3706 447 3784 pro
485 3681 723 3757 salute
764 3680 1128 3759 Graeciae
1166 3682 1467 3779 libant.)
2955 3666 2962 3671 ’

1462 3894 1615 3979 Ad
1649 3895 1938 3979 12⁸³.

524 4056 768 4135 Aetoli
808 4070 883 4134 et
922 4060 1106 4160 Epei
1134 4057 1620 4162 jurejurando
1660 4058 2098 4161 interposito
2157 4060 2476 4161 professi
2527 4073 2702 4138 sunt
2739 4060 3084 4139 Eleorum

312 4182 673 4259 ditionem
708 4183 764 4260 J
768 4186 885 4261 ovi
946 4212 1107 4263 esse
1164 4212 1493 4263 sacram:
1552 4186 1676 4287 qui
1728 4210 1894 4260 eam
1933 4196 2224 4262 armata
2257 4186 2332 4261 vi
2371 4187 2814 4281 incesseret,
2875 4186 3078 4265 nefa·

308 4310 501 4384 rium
536 4310 961 4387 habendum
982 4366 1000 4400 ,
1038 4310 1449 4413 eodemque
1485 4313 1653 4388 loco
1674 4366 1697 4405 ‚
1748 4312 1874 4412 qui
1914 4312 1988 4387 id
2029 4308 2268 4388 scelus
2303 4335 2457 4387 non
2495 4337 2634 4414 pro
2672 4310 2866 4387 virili
2906 4310 3080 4389 ulci-

310 4446 661 4511 sceretur.
741 4434 960 4512 Unde
1017 4446 1503 4514 consecutum
1558 4447 1709 4531 est,
1782 4446 1903 4531 nt,
1975 4436 2099 4535 qui
2157 4436 2422 4514 urbem
2478 4436 2766 4515 Elidem
2821 4450 3084 4541 postea

310 4560 759 4657 conderent,
800 4559 1019 4637 nullis
1056 4584 1223 4637 eam
1259 4562 1645 4661 cingerent
1683 4563 1952 4657 muris3
2007 4573 2084 4638 et
2117 4562 2244 4660 qui
2281 4562 2611 4639 exercitu
2648 4589 2784 4665 per
2820 4564 3081 4641 Eleam

309 4687 547 4781 irent,
604 4712 807 4762 arma
864 4686 1065 4763 Eleis
1122 4687 1535 4781 traderent,
1598 4686 2025 4786 egressique
2083 4710 2340 4762 eorum
2399 4689 2586 4765 fines
2643 4689 3080 4792 reciperent.

311 4808 715 4903 (Strabo
753 4809 963 4906 VIII,
1004 4812 1076 4905 3,
1116 4812 1242 4887 33.
1281 4840 1353 4913 p.
1398 4813 1619 4903 548.)

524 4934 775 5030 Quum
816 4937 975 5013 Elei
1021 4937 1421 5037 juventute
1476 4936 1949 5014 abundarent
2001 4964 2089 5014 ac
2128 4936 2658 5036 rempublicam
2717 4938 3084 5016 haberent

310 5072 510 5137 recte
550 5063 1067 5157 constitutam,
1122 5061 1695 5141 Lacedaemonii
1733 5064 2280 5140 incrementum
2319 5088 2568 5143 eornm
2605 5064 2863 5159 veriti,
2903 5080 3076 5166 ope·

312 5210 469 5263 ram
507 5186 874 5269 dederunt
900 5240 937 5285 ,·
972 5199 1057 5264 ut
1090 5189 1537 5265 sacrosancti
1576 5198 1865 5285 essent,
1923 5214 2072 5290 quo
2109 5188 2186 5265 in
2223 5209 2407 5293 pace
2448 5190 2846 5290 degentes,
2911 5191 3074 5267 nul-
