3725 5850
551 397 724 467 'VI

625 602 838 690 sine'
867 602 1176 717 quibus
1235 598 1697 692 admodum
1772 608 2083 689 manea
2154 599 2375 687 foret
2444 608 2735 689 nostra
2799 602 3017 714 juris
3082 597 3397 690 Graeci

631 746 1032 863 cognitiO.

837 890 972 975 Ex
1015 891 1146 975 his
1193 892 1382 1000 jam
1439 890 1646 977 satis
1689 889 1965 975 elucet
1984 954 2004 993 ‚
2051 890 2271 1001 juris
2338 886 2647 975 Graeci
2708 890 3183 977 doctrinam
3241 920 3395 1003 per

625 1042 756 1119 tot
794 1042 1198 1147 tantaque
1257 1033 1844 1143 duodeviginti
1903 1034 2079 1118 fere
2140 1033 2615 1119 seculorum
2677 1033 2855 1119 fata
2910 1040 3395 1119 constanter

623 1178 734 1263 ab
777 1178 987 1290 ipsis
1032 1172 1381 1261 Graecis
1426 1184 1852 1262 servatam
1892 1176 2175 1261 fuisse.

836 1322 1042 1407 Post
1079 1327 1417 1407 renatas
1461 1318 1748 1405 literas
1790 1321 2115 1433 primus
2158 1318 2319 1405 fuit
2378 1320 3085 1433 Pardulphus
3143 1319 3390 1407 Pra-

626 1473 726 1559 te
744 1464 777 1548 i
793 1492 852 1549 u
869 1494 911 1551 s
931 1528 956 1571 ,
1017 1465 1166 1577 qui
1227 1462 1726 1579 colligendis
1771 1462 2189 1549 veteribus
2231 1461 2567 1577 legibus
2609 1490 2956 1577 operam
2997 1462 3236 1549 dedit
3260 1458 3389 1572 ⁸⁷).

832 1607 1288 1693 Henrioi
1351 1604 1894 1720 Stephani
1956 1618 2041 1691 et
2098 1604 2567 1718 Josephi
2616 1603 3173 1721 Scaligeri
3216 1606 3391 1695 col-

626 1750 1026 1837 lectiones
1083 1751 1368 1864 legum
1429 1748 1907 1835 Atticarum
1965 1751 2247 1835 lucem
2306 1776 2747 1863 nunquam
2803 1750 3390 1864 adspexerant.

833 1893 1197 1980 Joann
1226 1921 1337 1979 es
1381 1892 1928 1979 Meursius
1971 1892 2415 2006 plerasque
2458 1893 2877 1979 Draconis
2922 1902 3008 1979 et
3058 1890 3391 1981 Solonis

621 2038 857 2151 leges
899 2037 1234 2124 duobus
1296 2035 1858 2122 Themidis
1921 2036 2367 2121 Atticae
2430 2035 2661 2123 llbris
2709 2037 3389 2148 comprehendit,

621 2180 709 2265 in
752 2178 1188 2266 Thesauro
1229 2177 1852 2293 Antiquitatum
1899 2177 2425 2266 Graecarum
2478 2210 2533 2265 a
2572 2180 2911 2269 Jacobo
2956 2176 3388 2267 Gronovio

623 2323 890 2409 editis.

648 2524 661 2531 -
717 2508 726 2518 ·
837 2464 1090 2553 Hune
1129 2468 1388 2582 longe
1431 2468 1866 2579 superavit
1906 2463 2340 2552 Samuel
2397 2467 2867 2571 Petitus,
2930 2462 3387 2552 MDXOIV

625 2606 1327 2715 -MDOXLIIL
1373 2610 1515 2724 qui
1559 2609 1794 2725 leges
1841 2608 2167 2695 Atticas
2213 2610 2602 2723 collegit,
2648 2610 3005 2723 digessit
3046 2619 3132 2695 et
3172 2609 3387 2695 libro

625 2755 1231 2839 commentario
1295 2754 1738 2841 illustravit
1756 2816 1778 2857 ,
1852 2782 2207 2865 quarum
2269 2752 2655 2838 ultimam
2716 2752 3175 2878 editionem
3239 2781 3383 2839 cu-

622 2898 842 2984 ravit
867 2898 1166 2984 Petrus
1192 2896 1812 3011 Wesselingius
1843 2895 2245 3010 Lugduni
2276 2896 2797 2982 Batavorum
2832 2893 3384 2984 MDOOXLI.

834 3045 986 3126 An
1012 3044 1291 3127 tonii
1335 3041 1729 3153 Thysii
1784 3037 2149 3126 Collatio
2193 3041 2525 3154 Legum
2566 3039 3041 3124 Atticarum
3084 3049 3170 3126 et
3208 3040 3387 3126 Ro-

623 3210 1062 3272 manarum
1107 3189 1234 3292 ³⁸),
1279 3212 1634 3300 quarum
1659 3203 2083 3297 ‘magnam
2127 3193 2458 3298 partem
2501 3212 2550 3269 e
2594 3182 2866 3268 Pefito
2888 3183 3384 3297 descripsit,

621 3330 1106 3444 systematis
1146 3330 1348 3414 vitio
1391 3327 1742 3414 laborat.
1972 3337 1979 3344 ’

834 3473 1030 3585 Ipse
1090 3471 1453 3557 Petitu
1477 3503 1560 3575 s,
1638 3499 1831 3555 cum
1894 3471 2103 3555 ordo
2146 3472 2435 3585 legum
2485 3469 2819 3557 Solonis
2860 3469 3205 3582 ignotus
3248 3497 3384 3556 es-

623 3625 752 3702 set
768 3680 794 3720 ‚
856 3617 1388 3727 imperatoris
1445 3613 1909 3700 Justiniani
1987 3614 2349 3728 vestigia
2428 3617 2519 3700 in
2582 3612 3048 3729 digerendo
3122 3613 3387 3699 veteri

605 3761 801 3872 jure
845 3770 928 3845 et
960 3761 1554 3873 componendo
1594 3789 1821 3845 novo
1862 3758 2157 3844 codice
2190 3761 2537 3872 pressit,
2580 3771 3019 3873 tamquam
3044 3761 3193 3872 jus
3224 3757 3383 3844 At-

621 3903 886 3991 ticum
928 3905 1269 3991 nonnisi
1311 3902 1645 3990 Solonis
1704 3905 1940 4016 leges
1996 3904 2725 4016 complecteretur.
2807 3902 2890 3988 N
2893 3931 2993 3988 ec
3035 3901 3381 3988 videbat

623 4047 751 4131 vir
795 4047 1372 4152 doctissimus,
1436 4048 1919 4160 hujusmodi
1980 4049 2365 4134 ordinem
2418 4076 2467 4132 e
2509 4076 2731 4132 novo
2758 4049 2955 4158 jure
2994 4044 3420 4132 Romano·

623 4191 978 4299 petitum
1004 4192 1222 4297 juris
1265 4191 1526 4277 Attici
1567 4201 1919 4276 naturae
1966 4191 2196 4277 haud
2238 4217 2421 4276 esse
2464 4187 3140 4276 accomodatum.

835 4331 1167 4420 Deinde
1223 4334 1428 4420 satis
1488 4341 1824 4420 constat
1883 4335 2294 4420 editiones
2336 4341 2776 4418 auctorum
2820 4329 3381 4440 Graecorum,

625 4475 930 4588 quibus
973 4476 1227 4562 hodie
1270 4478 1604 4580 utimur,
1651 4476 1957 4560 mirum
2000 4483 2409 4588 quantum
2454 4475 2784 4562 differre
2826 4477 2937 4562 ab
2966 4476 3151 4584 illis,
3196 4480 3382 4594 qui-

625 4617 786 4704 bus
826 4619 897 4704 P
916 4647 961 4704 e
982 4620 1062 4703 ti
1084 4628 1190 4704 to
1234 4621 1355 4704 uti
1401 4649 1900 4707 concessum
1958 4627 2137 4704 erat
2156 4682 2177 4723 ,
2242 4619 2472 4732 quod
2534 4618 2863 4706 eximiis
2904 4621 3109 4708 artis
3152 4623 3380 4710 eriti-

459 4784 469 4803 “
627 4789 778 4850 cae
817 4762 1407 4877 progressibus
1451 4759 1884 4858 debemus.t

655 5003 666 5014 ·
841 4969 956 5060 8⁷)
1001 4969 1532 5060 Jurisprudeutia
1557 4979 1748 5040 vetus
1767 5023 1786 5057 ‚
1832 4971 1973 5038 sive
2020 4971 2345 5039 Draconis
2394 4981 2461 5040 et
2506 4969 2761 5040 Solonis
2807 4991 2932 5040 nec
2964 4995 3093 5041 non
3122 4972 3380 5045 Romuli

627 5099 708 5145 ac
737 5075 889 5145 XII.
921 5078 1290 5148 tabularum
1319 5081 1496 5186 leges
1527 5078 1836 5182 collectae
1865 5083 2472 5174 interpretataeque.
2512 5079 2817 5169 Lugduni
2849 5078 3167 5149 MDLIX.

838 5186 954 5279 88)
998 5188 1292 5259 venetiis
1317 5185 1852 5258 MDOCXXXII
1878 5190 1949 5256 in
1976 5187 2211 5258 Jaeobi
2236 5188 2547 5258 Gronovii
2574 5189 2931 5260 Thesauro.
