3725 5850
603 377 753 457 188
1691 411 1815 470 1th
1861 415 2273 472 ιὐβωσωῐ.

810 747 1271 842 Δικάζονται
1335 749 1409 826 δὲ
1469 749 1775 842 ἐξούλης
1823 748 2023 825 κάπὶ
2079 763 2237 838 τοῖς
2294 757 2697 849 ἐπιτιμίοις
2736 737 3356 849 οἱ·μὴ’ἀπολαμ-

593 875 964 974 βάνοντες
1002 884 1086 952 ἓν
1121 875 1214 973 τῇ
1255 875 1744 976 προσηκούσῃ
1797 881 2277 978 προθεσμίᾳ,
2338 870 2825 976 ὑπερημέρων
2878 883 3361 982 γιγνομένων

595 999 750 1076 τῶν
787 998 1547 1081 καταδικασθέντων.
2134 1006 2715 1110 (Harpocratioz
2772 1001 3145 1101 ἐξούλης.)

812 1291 1196 1372 Act-ionem
1235 1292 1324 1368 de
1365 1293 1433 1368 vi
1474 1291 1870 1368 instituunt
1906 1293 2131 1368 etiam
2166 1293 2257 1387 ii,
2316 1293 2439 1392 qui
2496 1292 2808 1369 mulctas
2846 1291 3215 1393 aliquibus
3252 1293 3345 1369 ir-

593 1429 894 1515 rogatas
947 1445 1100 1496 non
1153 1418 1526 1519 recipiunt
1580 1419 1776 1496 intra
1843 1420 2417 1496 convenientem
2492 1418 2843 1519 temporis
2916 1418 3350 1520 praescripti

593 1544 829 1638 diem,
887 1542 1086 1643 quod
1123 1542 1456 1622 damnati
1496 1553 1790 1652 tempus
1825 1546 2367 1646 praescriptum
2404 1543 2947 1647 praeterierint.

1902 1706 2080 1784 768.

785 1841 946 1926 ”Αν
1002 1881 1110 1938 τις
1169 1843 1438 1946 ὅφλων
1495 1846 1726 1940 δίκην
1771 1881 1882 1949 μη
1943 1855 2251 1949 ἐκτίσῃ,
2318 1843 2581 1928 οὕκέτι
2622 1859 2825 1924 ποιεῖ
2860 1879 2904 1924 ο
2947 1843 3182 1948 νόμος
3218 1844 3357 1939 τὴν

591 1973 897 2066 ἐξούλης
937 1972 1189 2067 ἰδέαι,
1249 1973 1450 2052 α’λλά
1493 1977 1925 2079 προστιμᾶν
1960 1975 2327 2054 ἐπιτάττει
2367 1976 2476 2076 τιῆ
2517 1973 2876 2076 δημοσίῳ.

1974 2106 2400 2201 (Demosth.
2440 2107 2516 2182 in
2554 2105 2881 2182 Midiam.
2926 2104 3145 2195 528.)

1905 2266 2083 2346 768.

806 2401 886 2486 Si'
925 2412 1088 2511 quis
1128 2438 1287 2488 rem
1312 2411 1723 2512 judicatam
1761 2437 1914 2487 non
1956 2410 2298 2506 solverit,
2359 2413 2482 2488 lex
2520 2412 2889 2488 actionem
2927 2409 3031 2485 rei
3068 2407 3355 2510 judica-

591 2544 710 2610 tae
751 2563 901 2611 non
939 2539 1259 2639 amplius
1313 2539 1683 2639 privatam
1739 2538 1955 2634 facit,
2018 2537 2149 2616 sed
2213 2547 2605 2642 praeterea
2658 2536 3014 2613 mulctam
3068 2535 3355 2612 aerario

590 2660 780 2736 solvi
827 2661 1068 2764 jubet.

3330 2047 3355 2085 ἱ

1871 3137 2082 3147 ιιιιιιιιιιιιιι

1797 3219 2146 3285 Par-312.

1575 3344 2366 3433 Appellatio.

1879 3511 2056 3585 769.

786 3646 1108 3746 ’Ἑφεσίς
1147 3660 1354 3728 ἐστιν
1375 3710 1396 3742 ,
1457 3650 1648 3729 ὅταν
1702 3683 1810 3741 τις
1858 3650 2013 3728 ἀπὸ
2054 3652 2459 3745 διαιτητῶν
2500 3650 2543 3745 ἢ
2580 3650 2984 3751 ἀρχόντων
3023 3645 3068 3741 ἢ
3106 3646 3347 3747 δημο-Ἰ

589 3778 744 3854 τῶν
786 3784 907 3855 ἐπὶ
948 3776 1323 3868 δικαστήν
1358 3778 1548 3877 ἐφῇ·
1609 3774 1655 3872 ἢ
1710 3776 1865 3853 ἀπὸ
1924 3779 2209 3879 βουλῆς
2266 3785 2387 3856 ἐπὶ
2429 3779 2722 3879 δῆμον,
2785 3775 2828 3870 ἢ
2882 3773 3037 3852 ἀπὸ
3101 3772 3344 3873 δήμου

589 3909 709 3979 ἐπὶ
749 3901 1286 4004 δικαστήριον,
1331 3900 1376 3995 ἢ
1414 3902 1566 3980 ἀπὸ
1610 3904 2001 3981 δικαστῶν
2037 3911 2159 3982 ἐπὶ
2196 3904 2514 3997 ξενικὸν
2555 3904 3069 4003 δικαστήριον.
3117 3898 3351 3997 Ἐφέ-

590 4055 805 4127 σιμος
862 4026 938 4104 δὲ
995 4025 1448 4128 ὀνομάζεται
1511 4022 1552 4123 ἦ
1612 4028 1832 4122 δίκη·
1895 4019 2125 4107 αὗται
2185 4030 2261 4108 δὲ
2318 4038 2454 4107 καὶ
2511 4035 2874 4123 ἔκκλητοι
2932 4024 3147 4103 δίκαι
3196 4055 3351 4101 κα-

590 4154 950 4229 λοῦνται·
1008 4152 1098 4230 τὸ
1140 4156 1214 4231 δὲ
1271 4154 2178 4257 παρακαταβαλλόμενον
2238 4162 2357 4232 ἐπὶ
2414 4155 2571 4232 τῶν
2627 4162 2957 4252 ἐφέσεων
3004 4150 3351 4255 παραβῶ·

592 4286 764 4355 λιον
803 4274 850 4371 ἢ
886 4278 1340 4381 παράβολον
1378 4286 1688 4387 λέγεται.
2168 4284 2475 4380 (Pollux
2512 4286 2721 4380 XHI,
2758 4284 2860 4360 6⁴2
2892 4284 3138 4376 -63.)

1886 4410 2060 4487 769.
3068 4447 3075 4455 ·

805 4534 1230 4638 Appellatio
1249 4536 1586 4630 habetur,
1618 4537 1917 4637 quando
1939 4538 2102 4639 quis
2125 4540 2221 4614 ab
2244 4537 2566 4632 arbitri-1,
2599 4535 3093 4638 praetoribu3‚
3130 4533 3351 4611 tribu-

589 4661 780 4738 libus
819 4660 914 4736 ad
943 4659 1275 4762 judicem
1310 4687 1614 4739 causam
1650 4664 2021 4760 transfert,
2063 4666 2181 4740 vel
2220 4690 2265 4739 a
2300 4673 2566 4739 senatu
2602 4661 2695 4738 ad
2734 4661 3119 4763 populum,
3160 4671 3353 4737 auta

591 4786 873 4888 populo
911 4785 1007 4861 ad
1044 4786 1392 4881 tribunal,
1429 4799 1560 4864 aut
1596 4814 1641 4864 a
1674 4788 2056 4889 judicibus
2094 4790 2188 4865 ad
2228 4790 2473 4865 sorum
2508 4785 2812 4888 aliquod
2849 4784 3351 4889 peregrinum.

592 4910 994 5015 Appellata
1049 4922 1297 4987 autem
1353 4912 1620 4988 dicitur
1675 4940 1920 4990 causa.
1996 4915 2384 4991 Vocantur
2430 4938 2608 4988 vero
2644 4913 2869 4989 etiam
2906 4920 3351 5013 provocatae

591 5036 729 5114 hae
769 5062 1058 5115 causae.
1132 5038 1498 5139 Deposita
1537 5052 1786 5116 autem
1823 5040 2348 5143 appellationis
2406 5050 2581 5117 taxa
2618 5036 2885 5115 dicitur
2921 5038 3196 5139 pignus
3234 5038 3355 5115 vel

588 5164 890 5264 sponsio
929 5162 1503 5266 periclitationis·
