3725 5850
608 347 767 422 600
1423 366 2041 420 coMMEernms
2081 366 2184 416 AD
2228 361 2386 416 1339.
2429 363 2587 418 134⁷.

823 557 1174 639 Cicero
1212 560 1259 635 d
1283 585 1324 634 e
1363 585 1460 635 se
1485 585 1534 632 n
1558 567 1725 634 ect.
1768 557 1838 647 7,
1884 555 2017 629 22:
2059 553 2469 656 Sophocles
2511 557 2603 634 ad
2642 583 3007 635 summam
3046 569 3373 635 senectu-

609 699 760 762 tem
797 687 1224 784 tragoedias
1265 685 1480 778 fecit3
1537 681 1736 782 quod
1793 691 2099 782 propter
2156 682 2478 759 studium
2533 709 2761 782 quum
2808 708 2965 760 rem
3003 684 3379 783 negligere

610 811 1049 888 familiarem
1086 811 1502 904 videretur,
1542 836 1589 885 a
1623 808 1794 884 filiis
1833 807 1910 881 in
1947 806 2317 906 judicium
2355 821 2667 885 vocatus
2707 822 2857 902 est,
2898 820 3019 898 ut,
3080 834 3377 909 quem-

610 936 1118 1012 admodum
1175 946 1516 1011 nostro
1572 958 1832 1010 more
1892 931 2136 1006 male
2195 957 2392 1009 rem
2426 934 3025 1032 gerentibus
3083 935 3380 1034 patri-

609 1062 790 1137 bus
844 1062 1138 1136 bonis
1193 1060 1672 1135 interdici
1727 1058 2029 1151 solet,
2100 1059 2205 1132 sic
2260 1060 2469 1136 illum
2528 1059 2736 1159 quasi
2795 1059 3289 1159 desipientem
3346 1088 3387 1134 a

612 1181 691 1262 re
733 1185 1083 1262 familiari
1121 1196 1596 1260 removerent
1620 1181 1937 1283 judices.
2014 1181 2214 1257 Tum
2251 1210 2480 1260 senex
2520 1183 2787 1259 dicitur
2826 1209 2995 1258 eam
3032 1183 3385 1278 fabulam,

615 1288 834 1411 quam
873 1311 950 1385 in
987 1309 1334 1386 manibus
1373 1309 1703 1384 habebat
1741 1319 1815 1383 et
1861 1307 2200 1409 proxime
2258 1311 2695 1410 scripserat,
2756 1307 3129 1410 Oedipum
3172 1309 3386 1386 Colo-

611 1462 835 1513 neum
859 1495 876 1530 ,
899 1479 914 1494 ι
935 1437 1284 1512 recitasse
1329 1435 1704 1536 judicibus
1763 1435 2327 1536 quaesisseque,
2390 1462 2571 1510 num
2624 1434 2809 1511 illud
2864 1461 3161 1510 carmen
3202 1434 3386 1510 desi-

610 1563 885 1664 pientis
943 1559 1340 1636 videretur.
1418 1561 1586 1653 Quo
1637 1559 1990 1654 recitato,
2051 1561 2433 1637 sententiis
2476 1560 2817 1662 judicum
2854 1573 2968 1636 est
3005 1559 3386 1636 liberatus.

827 1701 1084 1778 Simile
1155 1702 1334 1804 quid
1391 1700 1744 1778 accidisse
1798 1702 2231 1778 Democrito
2308 1716 2561 1778 narrat
2614 1702 2996 1801 Diogenes
3052 1702 3388 1778 Laertius

617 1827 789 1924 (IX,
832 1828 1231 1920 38--39):
1287 1827 1759 1904 Democritus
1817 1851 2091 1926 nempe
2149 1838 2597 1925 consumpta
2649 1827 2726 1902 in
2765 1827 3152 1903 itineribus
3192 1829 3389 1904 omni

617 1982 695 2031 re
755 1951 1101 2030 familiari
1159 1951 1395 2028 redux
1452 1953 1528 2027 in
1587 1978 1873 2028 summa
1930 1953 2235 2028 vivebat
2288 1963 2644 2050 egestate.
2723 1953 2969 2046 Quum
3032 1978 3215 2029 vero
3271 1955 3389 2030 lex

615 2067 816 2183 apud
854 2077 1252 2158 Abderitas
1300 2090 1534 2172 esset,
1594 2091 1674 2154 ut
1729 2078 1854 2178 qui
1914 2077 2445 2179 patrimonium
2502 2078 2986 2180 dilapidasset
3040 2078 3388 2176 indignus

614 2205 996 2306 sepultura
1047 2203 1125 2278 in
1182 2203 1460 2302 patriae
1521 2203 1795 2280 finibus
1852 2202 2295 2297 haberetur,
2352 2205 2822 2280 Democritus
2882 2230 2976 2280 ne
3031 2203 3128 2280 ad
3168 2204 3383 2280 ratio-

617 2355 793 2412 nem
847 2327 1306 2404 reddendam
1357 2330 1436 2402 in
1480 2330 1608 2430 jus
1691 2340 2125 2420 vocaretur,
2203 2330 2546 2405 recitavit
2600 2328 2975 2406 Abderitis
3030 2357 3386 2430 magnum

615 2455 1262 2546 Diacosmum,
1304 2454 1655 2530 eximium
1693 2481 1904 2556 opus.
1966 2455 2135 2548 Quo
2174 2457 2371 2532 facto
2411 2458 2985 2559 quingentorum
3024 2482 3385 2534 summam

616 2580 1065 2656 talentorum
1105 2579 1514 2678 praemium
1563 2581 1875 2679 accepit.

1773 2788 1926 2871 Ad
1969 2791 2255 2873 134⁷.

633 3026 658 3053 .,
833 2958 1079 3035 Heff
1089 2969 1238 3035 ter
1277 2959 1459 3051 (Die
1498 2960 1742 3035 athen.
1767 2958 2575 3065 Gerichtsverfassung
2613 2992 2683 3065 p.
2712 2965 2883 3062 74),
2919 2966 3095 3041 item
3138 2964 3389 3039 Plat-

617 3081 1218 3183 ner.(Beitr‘age
1257 3110 1385 3159 zur
1425 3084 1842 3161 Kenntniss
1884 3087 2016 3162 des
2056 3098 2185 3163 att.
2224 3088 2550 3165 Rechtes
2587 3118 2659 3191 p.
2699 3090 2893 3183 118)
2934 3102 3009 3167 et
3047 3101 3217 3165 ante
3258 3090 3393 3164 hos

607 3213 768 3313 jam
785 3207 1135 3286 Reiskius
1171 3211 1534 3305 ἐπιτρέψῃ
1574 3209 1667 3285 ad
1706 3210 1939 3287 filiam
1976 3212 2499 3289 hereditariam
2538 3214 2888 3310 referunt,
2931 3242 3021 3291 ac
3058 3215 3120 3290 si
3160 3224 3391 3290 esset:

620 3336 980 3431 ἐπιτρέψῃ
1019 3328 1318 3421 ἑαυτήν.
1396 3330 1890 3433 Schellingius
1931 3335 2083 3431 (De
2123 3336 2423 3413 Solonis
2461 3338 2755 3435 legibus
2794 3367 2866 3441 p.
2908 3340 3057 3437 97)
3114 3340 3393 3439 rejecta

618 3462 760 3551 hac
795 3458 1188 3561 opinione,
1247 3486 1384 3559 pro
1442 3451 1581 3531 ἐὰν
1635 3454 1712 3533 δὲ
1759 3454 1870 3555 μή
1929 3451 1980 3554 ᾗ
2034 3462 2442 3561 legendum
2500 3462 2936 3540 arbitratur:
2995 3459 3134 3538 ἐὰν
3174 3458 3387 3559 δὲμὴ

622 3586 806 3681 ἔχῃ,
863 3595 946 3659 ut
999 3584 1094 3661 ad
1150 3583 1334 3660 haec
1390 3584 1625 3660 verba
1676 3587 2134 3687 intelligatur
2186 3581 2497 3682 κύριος,
2560 3600 2634 3663 et
2681 3600 2879 3667 totus
2919 3591 3127 3667 locus
3165 3592 3387 3666 inter-

623 3709 1027 3815 pretandus
1064 3711 1196 3786 sit:
1259 3711 1369 3807 „si
1428 3711 1695 3787 horum
1751 3738 1973 3787 nemo
2037 3714 2402 3813 supersit,
2460 3714 2519 3789 si
2560 3740 2747 3813 quae
2787 3716 3013 3814 igitur
3053 3716 3237 3792 orba
3274 3717 3387 3809 sit,

625 3827 666 3913 ὁ
711 3830 978 3933 κύριος
1016 3835 1125 3929 (is
1167 3836 1291 3935 qui
1327 3839 1708 3939 proximus
1749 3850 1860 3914 est
1897 3840 2206 3937 virginis
2257 3841 2663 3937 cognatus)
2704 3865 2867 3915 eam
2905 3841 3221 3937 habeat3
3278 3842 3389 3917 sin

622 3991 776 4041 non
811 3960 1088 4038 habeat
1135 3960 1247 4053 (h.
1283 3989 1344 4036 e.
1386 3963 1446 4036 si
1489 3988 1655 4039 eam
1691 3964 1967 4039 habere
2013 3964 2235 4056 nolit)
2294 3965 2394 4059 is,
2458 3965 2575 4041 cui
2617 3990 2781 4041 eam
2820 3966 3105 4062 tradat,
3164 3966 3389 4044 domi-

621 4116 762 4167 nus
800 4098 874 4163 et
911 4087 1220 4163 maritus
1258 4088 1490 4163 est0.“

837 4210 1268 4289 Secundum
1323 4213 1784 4291 Platonis
1843 4215 2161 4316 Leges
2222 4215 2445 4309 (774,
2484 4218 2627 4311 E),
2687 4217 2991 4319 sponsio
3050 4220 3266 4295 firma
3300 4218 3395 4293 sit

623 4341 942 4441 primum
977 4339 1251 4440 patriS,
1311 4339 1637 4416 secundo
1675 4341 1841 4416 loco
1882 4341 2041 4435 avi,
2095 4339 2313 4417 tertio
2355 4342 2667 4419 fratrum
2705 4342 2970 4419 eodem
3007 4354 3223 4445 patre
3261 4370 3389 4419 na-

621 4475 868 4541 torum
912 4450 1538 4561 (ὅμοπατρίων);
1595 4466 1709 4540 sin
1746 4466 1995 4543 nullus
2035 4466 2301 4541 horum
2340 4479 2715 4567 superstes
2756 4479 2905 4562 est,
2946 4468 3041 4542 ad
3082 4481 3391 4545 matrem

623 4588 892 4665 deinde
948 4600 1280 4665 transeat
1336 4590 1495 4691 pari
1546 4593 1937 4689 firmitate3
1990 4593 2290 4668 insolita
2345 4604 2596 4669 autem
2651 4594 3036 4670 accidente
3092 4595 3392 4669 fortuna

621 4716 910 4824 aliqua,
953 4723 1036 4789 ut
1074 4716 1345 4816 quique
1384 4742 1660 4815 genere
1702 4718 2021 4819 proximi
2059 4731 2271 4815 sunt,
2319 4720 2421 4795 ita
2458 4720 2849 4795 firmissimi
2886 4721 3035 4795 sint
3072 4745 3245 4795 cum
3280 4731 3387 4795 tu-

619 4840 907 4919 toribus
945 4866 1365 4941 sponsores.

835 4965 1051 5043 Plato
1089 4965 1316 5065 igitur
1351 4977 1665 5043 matrem
1701 4980 2222 5069 maternosque
2260 4980 2613 5067 cognatos
2653 4970 2743 5045 iis
2768 5026 2784 5057 ,
2842 4971 2967 5071 qui
3008 4970 3239 5047 filiam
3263 4972 3383 5072 ju-

619 5118 698 5168 re
738 5093 1164 5187 elocabant,
1217 5092 1737 5193 adjungendo,
1794 5095 2132 5172 feminini
2169 5096 2467 5197 generis
2504 5078 3030 5197 aequalitatem
3066 5099 3386 5201 quodam
