3725 5850
1039 496 1656 557 commem-Amos
1697 504 1800 555 An
1843 504 2003 559 1148.
2048 500 2206 561 1149.
2252 503 2407 561 1150.
2948 484 3103 558 569

333 681 382 763 o‘
426 688 850 789 λαμβάνων
885 698 966 782 ἐξ
1003 691 1229 792 ἱερῶν
1265 685 1454 793 ἅπερ
1493 689 1654 769 οὐκ
1691 688 2023 769 ἀπέθετο
2045 752 2067 785 ,
2128 688 2175 771 ὁ
2233 696 2361 788 τῆς
2400 700 2710 785 πίστεως
2747 693 2836 772 τὸ
2878 704 3105 773 θεῖον

333 810 800 913 ἀποστερῶν.
863 817 1332 921 (Sacrilegus
1369 826 1534 918 est,'
1575 824 1702 922 qui
1737 822 2066 924 phialas,
2108 850 2421 903 coronas
2444 884 2461 919 ,
2499 824 2875 901 thuribula
2908 850 2954 901 e
2992 826 3100 901 lo-

333 942 442 1017 cis
481 944 708 1019 sacris
765 944 1041 1039 aufert,
1097 946 1223 1046 qui
1279 946 1356 1022 in
1411 949 1696 1048 templa
1749 948 1941 1025 clam
1996 949 2477 1051 progreditur
2499 1008 2516 1043 ‚
2578 950 2705 1050 qui
2759 948 3101 1049 improbo

329 1067 642 1143 consilio
697 1070 1054 1169 templum
1111 1072 1488 1171 inquinat,
1546 1073 1672 1174 qui
1725 1099 1764 1149 e
1805 1073 2105 1176 templis
2144 1075 2417 1176 accipit
2452 1100 2641 1176 quae
2679 1100 2833 1151 non
2870 1072 3098 1175 depo·

329 1192 516 1285 suit,
579 1193 704 1295 qui
763 1220 1038 1273 numen
1093 1194 1426 1276 divinum
1465 1197 1610 1275 fide
1647 1197 1983 1303 spoliat.)

1484 1407 1637 1491 Ad
1672 1412 1941 1495 1148.

547 1574 611 1649 L
627 1600 808 1676 ycu
833 1602 959 1674 rg.
999 1603 1058 1654 c.
1096 1576 1222 1653 Le
1248 1590 1546 1655 ocrat.
1585 1572 1652 1678 ξ.
1695 1578 1838 1654 65:
1900 1578 2212 1655 Veteres
2247 1577 2715 1675 legislatores
2752 1603 2905 1654 non
2942 1589 3100 1654 tan-

331 1708 487 1773 tum
527 1724 691 1775 eum
730 1704 856 1801 qui
899 1703 1154 1803 ampla
1188 1702 1428 1803 spolia
1463 1726 1504 1777 e
1547 1700 1873 1779 delubris
1930 1702 2237 1778 deorum
2292 1701 2813 1778 immortalium
2848 1701 3097 1779 abstu-

327 1822 532 1918 lerit,
573 1824 1040 1919 occiderunt,
1079 1824 1213 1901 sed
1251 1825 1476 1901 etiam
1513 1825 1638 1924 qui
1677 1849 1919 1924 pauca
1954 1825 2325 1928 spoliavit.

541 1949 1052 2027 Isocrates
1091 1976 1154 2027 c.
1193 1948 1574 2029 Lochit.
1614 1944 1680 2051 ξ.
1722 1950 1812 2025 6:
1872 1950 2237 2054 Equidem
2275 1976 2453 2046 vos,
2510 1952 2835 2051 siquem
2872 1952 3095 2028 sacri-

327 2076 504 2173 legii
541 2071 949 2172 damnatis,
1007 2102 1160 2153 non
1215 2077 1312 2155 ad
1365 2077 1958 2176 magnitudinem
1992 2074 2269 2180 {earum
2303 2102 2591 2169 rerum,
2646 2102 2835 2177 quas
2871 2078 3100 2154 surri-

297 2198 610 2301 puerit,
645 2200 1238 2277 aestimationem
1271 2200 1520 2278 facere
1555 2200 1815 2298 viden,
1852 2201 1983 2279 sed
2021 2203 2179 2277 sine
2216 2200 2642 2279 discrimine
2682 2228 2940 2278 omnes
2976 2225 3097 2280 ca-

326 2324 503 2425 pitis
541 2323 892 2401 damnare
931 2336 1004 2403 et
1040 2350 1360 2426 aequum
1413 2338 1719 2428 putare,
1777 2340 1860 2404 ut
1921 2328 2047 2428 qui
2086 2326 2348 2403 eadem
2395 2326 2729 2404 facinora
2761 2337 2937 2402 sunt
2970 2349 3099 2423 ag·-

327 2448 600 2547 gressi,
658 2472 942 2550 poenas
981 2448 1278 2525 easdem
1314 2450 1546 2527 luant.

490 2570 510 2588 ‘
542 2570 971 2650 Secundum
1018 2572 1354 2652 Platonis
1393 2575 1636 2675 Leges
1675 2576 1902 2672 (854,
1942 2576 2252 2671 D—E)‚
2291 2577 2367 2651 in
2404 2574 2792 2675 sacrilegio
2831 2577 3095 2676 depre-

325 2699 604 2773 hensus
627 2756 644 2791 ,
684 2696 745 2773 si
785 2722 1048 2773 servus
1085 2697 1204 2774 vel
1243 2701 1684 2800 peregrinus
1724 2714 1862 2793 est,
1902 2699 1981 2777 in
2020 2701 2208 2777 faeie
2248 2712 2321 2775 et
2360 2701 2697 2777 manibus
2736 2702 3096 2805 seriptum

323 2847 598 2921 gerens
633 2820 947 2917 malum,
987 2834 1063 2897 et
1098 2822 1539 2901 verberibus
1577 2834 1708 2919 tot,
1746 2836 1923 2926 quot
1946 2825 2331 2928 judicibus
2369 2826 2613 2902 visum
2650 2826 2891 2921 fuerit,
2931 2851 3097 2905 cae-

325 2974 451 3024 sus
499 2959 716 3026 extra
775 2949 962 3024 fines
1016 2949 1348 3048 regionis
1401 2950 1646 3027 nudus
1702 2951 2031 3053 ejicitor3
2105 2951 2419 3027 fortasse
2478 2953 2677 3028 enim
2732 2951 2908 3028 data
2958 2951 3103 3028 hac

325 3099 574 3174 poena
609 3072 868 3148 melior
906 3072 1216 3168 evadet,
1273 3073 1367 3150 ad
1405 3074 1796 3151 sanitatem
1835 3087 2248 3152 revocatus,
2306 3075 2377 3151 N
2399 3102 2446 3151 o
2470 3102 2521 3151 n
2560 3100 2599 3150 e
2622 3074 2811 3151 nim
2846 3076 3032 3151 mal
3054 3099 3097 3152 e

327 3198 574 3274 facti
632 3221 930 3274 causa
1001 3193 1318 3296 p'oena
1392 3197 1601 3274 ulla
1670 3198 2107 3276 infertur
2178 3201 2714 3278 secundum
2780 3201 3099 3296 legem

325 3322 666 3415 illata,
743 3323 910 3399 sed
967 3326 1380 3400 alterum
1435 3325 1648 3400 fere
1707 3351 1746 3400 e
1801 3323 2186 3402 duobus
2244 3324 2635 3402 efficit:
2708 3339 2873 3402 aut
2926 3350 3097 3401 me·

326 3446 670 3523 liorem
731 3448 1066 3524 reddit
1140 3475 1460 3549 poena
1532 3449 2082 3542 afflictum,
2156 3463 2319 3526 aut
2373 3450 2895 3550 quominus
2949 3477 3097 3552 pe·

311 3575 481 3672 jor
536 3572 572 3647 f
581 3573 757 3668 iat,
815 3575 1064 3676 impe
1089 3573 1251 3650 dit.
1333 3573 1538 3650 Civis
1596 3587 1846 3650 autem
1898 3575 1959 3648 si
2018 3575 2179 3673 quis
2219 3599 2545 3674 unquam
2587 3576 2734 3651 tale
2774 3575 2951 3675 quid
2990 3574 3095 3650 fa-

325 3723 494 3774 cere
537 3708 958 3799 compertus
994 3697 1239 3791 fuerit,
1281 3700 1478 3774 hunc
1505 3700 1664 3799 jam
1701 3725 1835 3799 pro
1872 3698 2266 3775 insanabili
2297 3697 2531 3798 judex
2570 3700 2843 3777 habeto
2879 3724 3095 3802 repu-

327 3840 496 3898 tans
531 3846 821 3917 secum,
881 3848 1028 3921 qua
1083 3823 1476 3925 disciplina
1532 3835 1756 3922 atque
1813 3824 2255 3900 educatione
2312 3851 2357 3898 a
2411 3849 2645 3924 puero
2684 3838 2903 3901 utens
2942 3851 3095 3901 non

324 3948 769 4023 abstinuerit
809 3949 1153 4025 maximis
1191 3948 1421 4024 malis,
1498 3950 1751 4025 Poena
1789 3951 2017 4047 igitur
2054 3948 2226 4026 huic
2262 3976 2459 4025 mors
2498 3951 2612 4026 sit.

1483 4157 1637 4241 Ad
1677 4160 1945 4244 1149.

541 4325 653 4401 Cf.
715 4323 957 4400 Schol.
1018 4327 1094 4400 in
1153 4325 1628 4429 Aristophan.
1689 4326 1988 4400 Plutum
2047 4326 2241 4418 521,
2318 4337 2390 4402 et
2452 4327 2733 4402 Lexica
2788 4326 3096 4426 Seguer.

325 4478 396 4550 p.
442 4449 618 4524 219.

1483 4551 1636 4635 Ad
1676 4555 1943 4637 uso.

411 4775 416 4782 -
547 4720 764 4820 Apud
805 4721 1179 4797 Romanos
1244 4724 1574 4820 „frugem
1627 4733 1873 4798 aratro
1931 4723 2339 4823 quaesitam
2400 4724 2740 4798 furtim
2798 4733 3112 4797 noctu¹

325 4847 625 4947 pavisse
663 4871 750 4921 ae
791 4845 1112 4921 secuisse
1151 4847 1416 4944 puberi
1458 4845 1844 4922 duodecim
1884 4847 2154 4922 tabulis
2194 4848 2507 4946 capitale
2548 4858 2741 4938 erat,
2784 4869 3103 4946 suspen--

328 4997 637 5070 sumque
677 4971 932 5047 Cereri
971 4971 1216 5045 necari
1254 4971 1654 5068 jubebant,
1713 4970 2016 5067 gravius
2073 4997 2296 5071 quam
2354 4972 2431 5046 in
2486 4969 2881 5046 homicidio
2918 4993 3092 5044 con-

328 5095 682 5172 victum.“
744 5095 1029 5190 (Plin.
1072 5096 1288 5171 hist.
1332 5109 1511 5171 nat.
1555 5095 1837 5189 XVIII,
1879 5096 1993 5187 3.)

543 5222 960 5308 Macrob.
1016 5219 1252 5306 Satn
1274 5249 1400 5297 rn.
1440 5221 1498 5316 I,
1540 5223 1627 5296 4:
1687 5222 1858 5298 Non
1898 5247 2061 5297 esse
2100 5222 2195 5297 ab
2234 5247 2313 5295 re
2354 5231 2578 5321 puto,
2640 5218 2781 5294 hoc
2818 5219 2981 5294 loco
3020 5215 3095 5292 id
