3725 5850
980 487 1312 542 narrem
1347 485 1676 542 runmcu
1709 489 2245 542 FURGENTIUM.
2834 463 2987 546 265

1505 679 1734 760 1052,

449 815 574 898 Εὖ
602 819 898 914 θύνη·
979 823 1261 922 κυρίως
1317 813 1414 914 ἣν
1479 819 1925 927 εἰσάγουσιν
1978 823 2053 898 οῖ
2108 823 2481 926 Λογισταὶ
2556 815 2739 921 πρὸς
2809 815 2989 907 τούς

269 946 602 1040 δόξαντας
648 945 762 1045 μὴ
821 942 1077 1048 ὀρθῶς
1133 939 1358 1046 ἄρξαι
1413 947 1541 1039 τῆς
1597 945 1879 1034 πόλεως
1920 941 1967 1039 ἢ
2002 946 2455 1046 πρεσβεῦσαι
2493 944 2792 1034 κακῶς·
2850 952 2989 1020 καὶ

266 1071 342 1148 τὰ
379 1069 816 1172 δικαστήρια
842 1074 994 1172 μὲν
1032 1077 1103 1152 οἱ
1141 1078 1518 1179 Λογισταὶ
1573 1073 1943 1174 κληροῦσι
1968 1130 1990 1163 ,
2047 1082 2454 1178 κατηγορεῖ
2489 1070 2565 1148 δὲ
2608 1063 2653 1148 o‘
2694 1069 2988 1172 βουλό-

259 1227 502 1296 μενος·
561 1203 698 1276 καὶ
735 1209 896 1286 τοῖς
933 1197 1324 1290 δικασταῖς
1361 1203 1650 1295 ἐφεῖται
1687 1195 2067 1299 τιμᾶσθαι
2106 1207 2262 1286 τοῖς
2302 1190 2649 1278 ἁλοῦσιν.

2402 1325 2779 1424 (SuidaS.)

1496 1436 1720 1514 1052.

446 1577 878 1681 Disquisitio
918 1589 1029 1656 est
1066 1579 1366 1681 proprie
1404 1580 1638 1676 actio,
1697 1601 1922 1681 quam
1961 1577 2307 1679 Logistae
2364 1577 2761 1654 instituunt
2814 1602 2985 1654 con-

262 1717 360 1780 tra
392 1729 514 1781 eos
539 1763 558 1800 ,
616 1731 800 1804 quos
860 1703 1182 1806 suspicio
1237 1714 1351 1782 est
1387 1703 1925 1808 rempublicam
1963 1729 2113 1780 non
2150 1713 2349 1780 recte
2389 1701 2983 1796 administrasse,
3071 1723 3077 1732 ·

263 1828 366 1904 vel
412 1827 860 1930 legationem
917 1853 1312 1932 perperam
1365 1828 1658 1906 obiisse.
1755 1829 1853 1906 Et
1916 1828 2201 1930 judicia
2272 1825 2567 1929 quidem
2641 1828 2987 1928 Logistae

261 1953 680 2052 sortiuntur3
733 1953 866 2032 sed
918 1965 1216 2034 accusat
1271 1955 1598 2058 quisquis
1657 1953 1860 2054 vult;
1902 1954 1936 2055 j
1945 1953 2283 2032 udicibus
2320 1965 2569 2034 autem
2600 1954 2770 2032 licet
2806 1951 2987 2031 mul-

261 2089 434 2156 ctam
467 2080 798 2183 irrogare
837 2080 1216 2159 convictis·

1497 2187 1724 2271 1053.

437 2302 630 2388 Ἐάν
683 2340 794 2398 τις
857 2303 1310 2402 Ἀθηναίων
1383 2305 1742 2410 λαμβάνῃ
1818 2305 2023 2414 παρά
2074 2338 2329 2402 τινος,
2404 2341 2447 2402 η
2508 2305 2741 2398 αὐτὸς
2798 2307 2988 2410 διδῷ

260 2437 458 2534 ἑτέρῳ
477 2491 501 2525 ,
557 2429 606 2526 ἢ
641 2433 1062 2534 διαφθείρῃ
1089 2433 1318 2523 ’τινας
1363 2431 2055 2542 ἐπαγγελλόμενος,
2113 2441 2235 2512 ἐπὶ
2268 2433 2527 2537 βλάβῃ
2563 2434 2702 2512 τοῦ
2744 2432 2991 2534 δήμου

266 2564 388 2634 καὶ
423 2557 582 2662 ι’δίᾳ
623 2589 830 2648 τινος
881 2559 1042 2639 τῶν
1098 2559 1477 2652 πολιτῶν,
1531 2560 1790 2664 τρόπῳ
1827 2557 1877 2654 ἢ
1902 2561 2217 2663 μηχανῇ
2262 2553 2665 2661 ᾑτινιοῦν,
2721 2553 2991 2659 ἄτιμος

262 2684 432 2760 ἴστω
467 2691 605 2763 καὶ
643 2685 902 2778 παῖδες
938 2692 1076 2764 καὶ
1115 2684 1208 2765 τὰ
1245 2689 1584 2770 ἐκείνου.
1761 2691 2193 2791 (Demosth.
2231 2692 2311 2768 in
2346 2690 2520 2769 Mid.
2562 2691 2781 2782 551.)

1509 2852 1736 2931 1053.

447 2976 528 3057 Si
565 2979 732 3080 quis
767 2976 1330 3059 Atheniensium
1365 2977 1464 3057 ab
1501 2979 1750 3081 aliquo
1787 2979 2191 3079 acceperit,
2250 2990 2378 3055 aut
2412 2978 2573 3080 ipse
2611 2976 2823 3055 alteri
2860 2976 2982 3054 de-

259 3103 464 3199 derit,
521 3116 650 3181 aut
707 3102 1054 3207 pollicitis
1109 3104 1397 3205 aliquos
1454 3104 1908 3207 corruperit,
1967 3104 2061 3183 ad
2116 3103 2537 3182 nocendum
2590 3100 2868 3205 populo
2919 3118 2993 3179 et

259 3228 342 3303 ad
380 3229 745 3330 privatum
780 3228 1136 3308 damnum
1170 3210 1478 3332 alicujus
1515 3228 1790 3309 civium
1807 3287 1825 3324 ,
1867 3228 2087 3307 modo
2122 3240 2197 3306 et
2231 3226 2775 3306 machinatione
2812 3254 2987 3329 qua-

261 3378 570 3457 cunque,
625 3355 1166 3455 ignominiosus
1203 3366 1361 3434 esto
1399 3366 1476 3434 et
1511 3353 1726 3435 liberi
1766 3368 1840 3435 et
1875 3355 2077 3435 bona
2111 3355 2306 3435 illius
2344 3353 2833 3457 publicantor.

1510 3517 1735 3595 1054.

451 3641 652 3739 Περὶ
706 3636 863 3718 τῶν
917 3634 1575 3741 δωροδοκούντων
1611 3637 1756 3717 δύο
1792 3636 2175 3742 τιμήματα
2214 3634 2408 3717 εἶναι
2430 3694 2453 3730 ,
2508 3632 2559 3730 ἢ
2598 3633 2946 3715 θάνατον
2968 3696 2986 3727 ,

257 3764 374 3839 ἵνα
427 3764 702 3855 ταύτης
757 3762 1020 3860 τυχών
1069 3766 1195 3857 τῆς
1251 3768 1518 3865 ζημίας
1553 3758 1598 3843 ὅ
1637 3759 1903 3867 λαβών
1958 3759 2430 3869 παράδειγμα
2484 3764 2786 3867 γίνηται
2833 3774 2990 3853 τοῖς

257 3882 544 3981 ἄλλοις,
603 3886 652 3983 ἢ
705 3888 1149 3968 δεκαπλοῦν
1183 3891 1326 3967 τοῦ
1364 3898 1442 3984 ἐξ
1483 3888 1723 3994 ἀρχῆς
1778 3888 2167 3991 λήμματος
2200 3888 2289 3967 τὸ
2327 3894 2611 3991 τίμημα
2647 3890 2803 3967 τῶν
2840 3888 2987 3966 δώ-

257 4046 439 4115 ρων,
493 4018 624 4094 ῗνα
653 4013 762 4117 μὴ
800 4022 1170 4109 λυσιτελὲς
1209 4010 1259 4123 ᾗ
1295 4028 1454 4109 τοῖς
1493 4017 1727 4097 τοῦτο
1763 4015 2099 4119 τολμῶσι
2140 4025 2403 4094 ποιεῖν.

1553 4144 1944 4245 (Dinarch.
1980 4171 2040 4226 c.
2081 4143 2461 4225 Demosth.
2502 4138 2569 4249 ξ.
2611 4144 2777 4237 60.)

1511 4310 1740 4387 1054.

453 4434 546 4513 In
579 4460 710 4513 eos
745 4436 871 4537 qui
906 4433 1420 4535 largitionibus
1459 4437 1785 4539 corrupti
1832 4447 2043 4533 sunt,
2101 4434 2289 4513 duae
2346 4433 2665 4512 mulctae
2721 4436 2987 4511 eonsti-

257 4572 586 4659 tuuntur,
646 4561 767 4639 vel
804 4588 1004 4637 mors
1026 4621 1044 4655 ,
1103 4572 1190 4637 ut
1238 4560 1381 4639 hoc
1419 4562 1786 4667 supplicio
1821 4562 2275 4641 nummarius
2312 4558 2438 4638 ille
2477 4560 2789 4637 affectus
2828 4559 2989 4636 aliis

257 4689 583 4789 exemplo
625 4688 754 4785 sit,
814 4698 944 4765 aut
1004 4688 1318 4791 decupla
1374 4691 1663 4793 accepti
1721 4692 2047 4767 muneris
2106 4686 2412 4784 mulcta,
2469 4702 2552 4765 ut
2606 4713 2694 4764 ea
2748 4710 2864 4762 res
2902 4687 2989 4761 iis

258 4813 368 4911 qui
403 4810 668 4891 abillo
725 4813 1055 4893 facinore
1111 4838 1267 4893 non
1323 4813 1884 4912 abhorruerint,
1938 4812 2124 4893 nihil
2187 4812 2659 4893 emolumenti
2706 4812 2989 4891 afferat.

1511 4976 1736 5053 1⁰55.

455 5093 840 5189 Κολάζειν
874 5092 1078 5175 οὕτω
1135 5106 1272 5177 καὶ
1321 5102 1811 5201 τιμωρεῖσθαι
1853 5094 2035 5187 τούς
2072 5095 2743 5197 δωροδοκοῦντας,
2802 5090 2989 5177 ὥστε

259 5226 383 5299 καὶ
421 5227 768 5314 στηλίτας
807 5234 1072 5305 ποιεῖν.
1439 5228 1862 5325 (Demosth.
1903 5228 1980 5303 in
2018 5226 2340 5330 Philipp.
2384 5227 2517 5322 III,
2563 5225 2776 5317 122.)
