3725 5850
689 450 848 533 432
1375 539 1384 548 ,
1449 474 2065 532 COMMENTARIUS
2104 473 2209 526 An
2248 472 2375 529 120.
2419 473 2540 530 121.
2582 472 2717 534 125.

687 663 944 770 pulus3
1006 692 1236 770 quum
1270 677 1520 748 autem
1557 693 1598 744 e
1633 667 2077 749 necessitate
2131 667 2459 769 quadam
2512 671 2598 747 fit
2652 677 3106 773 conventus,
3163 663 3467 768 quidam

689 793 1215 875 circumeundo
1253 793 1734 886 convocant.)

903 937 1131 1018 Teste
1188 938 1498 1017 Polluce
1557 937 1807 1032 (VHI,
1875 937 2070 1031 116)
2126 938 2272 1018 ista
2324 938 2914 1024 extraordinaria
2984 935 3245 1016 concio
3270 991 3289 1030 ,
3370 932 3469 1010 ad

689 1089 912 1164 quam
949 1064 1026 1140 in
1062 1065 1262 1167 agris
1301 1090 1599 1166 quoque
1639 1062 1999 1162 degentes
2038 1065 2549 1144 evocabuntur
2568 1124 2587 1163 ,
2642 1066 3025 1143 dicebatur
3060 1061 3463 1148 κατακλη-

690 1190 819 1260 σία
857 1216 988 1267 seu
1025 1190 1490 1269 convocatio,

903 1332 1315 1413 Scholiasta
1363 1334 1457 1412 ad
1496 1331 1891 1412 Aeschinis
1926 1333 2300 1414 Timarch.
2343 1335 2529 1428 (60)
2586 1334 2769 1412 dicit
2822 1345 2977 1410 tres
3030 1330 3257 1409 fuisse
3314 1327 3465 1404 sin-

687 1458 865 1558 gulo
921 1484 1176 1537 mense
1235 1459 1688 1562 principales
1745 1459 2162 1537 conciones.
2238 1457 2449 1537 Idem
2505 1459 2683 1536 dicit
2736 1457 3139 1534 scholiasta
3192 1457 3275 1534 in
3314 1455 3467 1532 De-

687 1583 948 1663 mosth.
986 1583 1388 1662 Timocrat.
1423 1584 1644 1678 (706,
1685 1584 1775 1675 6)
1815 1596 1891 1660 et
1928 1584 2135 1662 addit
2178 1585 2498 1686 primam
2536 1585 2971 1662 concionem
3006 1583 3471 1660 celebratam

686 1707 912 1786 fuisse
962 1708 1398 1807 undecima,
1457 1710 1863 1787 secundam
1919 1710 2284 1809 vigesima
2339 1722 2416 1786 et
2469 1711 2765 1788 tertiam
2818 1709 3201 1809 trigesima
3252 1733 3467 1784 men-

691 1836 794 1912 sis
849 1834 988 1913 die.

1879 1940 2030 2025 Ad
2082 1942 2300 2025 120.

900 2104 1039 2181 Th
1061 2132 1110 2182 u
1133 2132 1242 2208 cy
1263 2105 1310 2180 d
1333 2107 1447 2182 id.
1505 2105 1715 2200 VIII,
1765 2105 1907 2180 97:
1964 2102 2458 2182 Athenienses
2496 2104 2936 2182 concionem
2972 2105 3351 2203 cogebant
3386 2104 3467 2179 in

689 2229 1042 2332 Pnycem,
1082 2231 1211 2307 ubi
1251 2231 1472 2307 etiam
1509 2231 1692 2307 alias
1730 2231 2031 2312 comitia
2066 2229 2347 2310 habere
2387 2240 2951 2307 consveverant.
2981 2273 3079 2285 —
3115 2227 3229 2306 Ad
3261 2229 3469 2305 hunc

686 2358 938 2434 locum
994 2358 1057 2433 P
1077 2382 1122 2431 o
1146 2384 1196 2458 p
1217 2385 1268 2460 p
1291 2383 1374 2432 o:
2500 2426 2507 2436 .

907 2481 1174 2582 „Pnyx
1211 2481 1306 2558 ad
1344 2483 1929 2585 septentrionem
1967 2508 2013 2559 a
2050 2481 2308 2558 Museo
2333 2539 2351 2576 ,
2388 2482 2583 2558 inter
2620 2481 2817 2582 quod
2855 2495 2927 2560 et
2968 2484 3301 2582 Pnycem
3340 2479 3468 2556 via

689 2608 1081 2686 Piraeeum
1119 2607 1450 2701 ferebat,
1492 2616 1569 2682 et
1603 2608 1698 2684 ad
1736 2606 2201 2684 occidentem
2238 2605 2334 2684 ab
2376 2606 2774 2708 Areopago
2812 2605 3266 2710 spectabat.“

903 2751 1170 2828 Pollux
1208 2748 1414 2848 VIII,
1463 2751 1654 2827 132:
1711 2751 1929 2853 Pnyx
1983 2750 2189 2826 locus
2247 2761 2407 2824 erat
2448 2750 2671 2850 juxta
2727 2750 3173 2852 acropolim3
3224 2775 3469 2850 appa·

689 2889 892 2955 ratus
933 2902 1142 2953 more
1181 2887 1519 2953 vetustae
1557 2877 2093 2979 simplicitatis,
2126 2899 2286 2952 'non
2324 2877 2419 2953 ad
2458 2878 2727 2955 theatri
2762 2877 3263 2980 splendorem.

905 3021 1394 3122 Harpocratio
1429 3048 1487 3097 s,
1526 3048 1596 3097 v.
1641 3020 1954 3095 [vaus'z
2012 3019 2390 3097 Clidemus
2428 3020 2501 3093 in
2540 3021 3039 3121 Protogeniae
3078 3020 3273 3098 libro
3312 3028 3465 3095 ter-

690 3147 832 3222 tio:
895 3145 1316 3243 „coie1·unt,
1371 3148 1648 3245 inquit,
1689 3147 1764 3223 in
1802 3147 2135 3245 Pycnem
2171 3146 2317 3237 (εἰς
2360 3139 2707 3239 Πύκνα)
2748 3147 2853 3223 sic
2888 3146 3157 3223 dictam
3182 3204 3201 3239 ,
3262 3143 3469 3245 quod

691 3270 1082 3366 multitudo
1119 3272 1381 3373 populi
1419 3271 1497 3345 in
1535 3297 1626 3347 ea
1661 3271 1975 3349 densata
2014 3272 2543 3365 (πυκνομένη)
2584 3271 2845 3349 esset.“

905 3414 1190 3491 Eadem
1227 3414 1505 3491 habent
1541 3416 1828 3492 scholia
1863 3416 1955 3495 ad
1996 3416 2383 3493 Demosth.
2421 3414 2582 3493 fals.
2621 3417 2843 3514 legat.
2887 3415 3075 3509 379,
3116 3416 3263 3508 223
3322 3440 3467 3515 pro

693 3541 987 3618 Corona
1027 3542 1204 3637 244,
1247 3542 1341 3638 2;
1397 3553 1472 3617 et
1508 3542 1602 3618 ad
1645 3543 1981 3621 Aeschin.
2022 3542 2397 3621 Timarch.
2438 3544 2565 3619 81.

1874 3768 2029 3858 Aa
2076 3773 2279 3855 121.

908 3936 1090 4011 Post
1145 3934 1668 4013 Demosthenis
1723 3946 2066 4013 aetatem.
2154 3980 2248 3990 ——
2329 3936 2578 4013 Schol.
2634 3937 2712 4011 in
2774 3938 3065 4013 Platon.
3128 3936 3470 4015 critiam.

693 4090 765 4161 p.
824 4062 1001 4139 444.
1058 4062 1174 4137 ed.
1229 4062 1578 4139 Bekker:
1655 4057 1890 4151 Πνύξ
1948 4058 2177 4147 τόπος
2242 4056 2718 4149 Ἀθήνησιν,
2794 4066 2880 4135 ἐν
2936 4048 2999 4158 ᾧ
3056 4064 3469 4151 ἐκκλησίαι

693 4186 1100 4287 ἐγίγνοντο
1139 4182 1372 4261 πάλαι
1403 4189 1554 4283 μὲν
1593 4184 1824 4261 πᾶσαι
1851 4242 1873 4276 ,
1932 4181 2256 4285 ὕστερον
2305 4184 2380 4261 δὲ
2422 4180 2623 4276 ἅπαξ
2648 4244 2668 4275 ,
2731 4180 2925 4263 ὅταν
2962 4183 3104 4263 τὸν
3138 4212 3471 4285 στρατη-

693 4305 841 4413 γὸν
867 4308 1440 4409 ,resumere-3617.
1519 4316 1784 4417 (Pnyx
1822 4317 2031 4392 locus
2070 4312 2424 4408 Athenis,
2472 4316 2551 4391 in
2589 4342 2737 4414 quo
2776 4342 3036 4393 omnes
3074 4315 3471 4393 habeban-

691 4447 812 4514 tur
851 4438 1022 4512 olim
1062 4440 1476 4535 conciones,
1501 4441 1734 4516 serius
1774 4470 1950 4520 vero
1990 4442 2238 4538 semel,
2264 4468 2492 4542 quum
2530 4441 2703 4517 belli
2742 4442 3007 4517 ducem
3030 4441 3471 4539 eligerent.)

1874 4670 2028 4755 Ad
2077 4672 2288 4755 125.

907 4830 1154 4909 Schol.
1190 4832 1272 4909 in
1307 4832 1786 4912 Demosthen.
1825 4834 2149 4939 Philipp.
2192 4835 2321 4915 IV.
2361 4836 2457 4913 ad
2494 4848 2907 4935 argument.
2956 4832 3304 4921 Σανίδας
3343 4866 3471 4911 τι-

695 4948 832 5041 νὰς
871 4960 1298 5059 ἐνέγραφον
1335 4954 1664 5059 ἐχούσας
1701 4954 1791 5032 τὸ
1833 4958 2145 5063 πρᾶγμα
2202 4964 2364 5059 περὶ
2425 4948 2523 5034 οὗ
2584 4952 2623 5051 ἢ
2672 4966 2941 5061 σκέψις
2978 4968 3115 5036 καὶ
3158 4967 3323 5061 περὶ
3364 4952 3468 5038 οὗ

695 5077 1296 5173 συνεληλύθασι,
1351 5088 1488 5159 καὶ
1549 5088 2025 5185 προετίθουν
2080 5084 2170 5183 τῇ
2228 5090 2599 5185 ἐκκλησίᾳ
2625 5143 2647 5177 ,
2704 5089 2837 5163 ἵνα
2894 5086 3131 5193 γνῶσι
3192 5086 3470 5177 πάντες

693 5212 857 5306 περὶ
915 5209 1124 5291 τίνος
1178 5211 1386 5285 ἐστὶν
1445 5203 1486 5299 ἦ
1571 5215 1964 5303 ἐκκλησία.
2057 5215 2439 5309 (Tabulas
2498 5216 2849 5315 quasdam
2907 5217 3467 5313 inscribebant,
