3725 5850
1086 414 1707 474 consumatus
1744 417 1851 470 sn
1893 411 2052 469 uss.
2089 417 2252 472 um.
2290 413 2450 472 uns.
3001 397 3160 476 ⁸88

586 609 717 688 Lis
754 609 847 688 de
886 613 1221 714 pecuniis
1260 623 1336 688 et
1389 610 1992 713 posm‘mpibm
2049 611 2458 691 vocabatur
2511 611 2730 688 etiam
2789 606 3154 686 διαδικα-

376 732 525 810 σία.
586 733 941 830 (Schol.
982 739 1077 814 in
1117 733 2325 840 Aeschin.Otesiph.146.)

585 855 1048 936 Διαδικασία
1109 863 1335 966 igitur
1384 864 1528 939 tria
1568 861 2085 966 significabat,
2142 873 2223 938 ut
2265 861 2557 940 videtur
2595 889 2635 938 e
2674 859 3150 943 Commenta·

372 985 482 1062 rio
520 985 617 1066 ad
654 982 722 1089 ξ.
763 988 919 1074 899
959 998 1034 1064 et
1074 985 1251 1068 927.

1516 1085 1668 1173 M
1702 1087 1992 1174 1458.

580 1253 1015 1340 Secundum
1070 1255 1527 1334 Platonis
1587 1257 1901 1358 Leges
1957 1256 2180 1352 (914,
2222 1254 2536 1354 o--EJ‚
2596 1257 2656 1332 si
2695 1257 2858 1358 quis
2900 1283 3145 1336 rerum

368 1405 671 1463 suarum
706 1384 989 1486 aliquid
1028 1379 1303 1465 habere
1350 1383 1678 1483 aliquem
1727 1384 2205 1478 criminatur,
2264 1384 2473 1484 isque
2515 1382 2793 1460 habere
2832 1383 3144 1480 fatetur,

366 1507 499 1584 sed
536 1533 687 1594 non
723 1508 923 1609 quod
962 1508 1159 1588 illius
1198 1509 1330 1602 sit,
1388 1510 1449 1584 si
1510 1534 1595 1585 ea
1655 1532 1773 1585 res
1833 1507 2242 1585 secundum
2298 1509 2541 1608 legem
2583 1509 2996 1612 perscripta
3035 1520 3148 1586 est

368 1632 567 1734 apud
604 1635 1126 1734 magistratus,
1184 1632 1583 1719 habentem
1639 1633 1736 1709 ad
1794 1634 2310 1730 magistratum
2349 1644 2631 1714 vocato.
2705 1635 2794 1712 In
2833 1660 3145 1747 conspe-

366 1769 565 1834 ctum
600 1769 849 1848 autem
886 1757 1207 1838 adducta
1239 1783 1321 1834 re
1359 1759 1421 1838 si
1461 1758 1537 1834 in
1577 1757 1851 1838 tabulis
1900 1757 2444 1836 alteriusutrius
2482 1758 2938 1862 ligitantium
2973 1785 3144 1874 per·

364 1883 645 1984 scripta
681 1894 1035 1985 apparet,
1094 1885 1154 1960 is
1210 1893 1477 1961 tenens
1534 1905 1699 1958 eam
1758 1881 2140 1958 discedito.
2197 1881 2331 1959 Sin
2387 1896 2639 1961 autem
2676 1883 2754 1958 in
2789 1883 2980 1960 alius
3018 1908 3144 1962 cu-

351 2005 651 2109 jusdam
689 2007 1059 2104 absentis,
1120 2019 1286 2084 uter
1343 2007 1611 2094 vadem
1662 2007 2120 2113 locupletem
2176 2004 2642 2110 praebuerit,
2701 2009 2764 2084 is
2821 2034 2959 2110 pro
3009 2009 3142 2086 ab·

364 2144 571 2211 sente
608 2146 692 2210 ut
726 2133 830 2211 illi
868 2133 1272 2212 traditurus
1313 2159 1405 2211 ex
1443 2132 1639 2209 illius
1668 2133 1839 2234 jure
1880 2131 2300 2210 abducendi
2337 2158 2592 2212 secum
2629 2132 3002 2211 abducito.
3061 2133 3141 2210 Si

364 2259 691 2354 veroid,
751 2255 843 2336 de
899 2285 1047 2372 quo
1101 2258 1613 2335 controversia
1668 2267 1822 2354 est,
1882 2256 2084 2360 apud
2125 2257 2603 2359 magistratus
2640 2259 3142 2364 perscriptum

362 2411 515 2461 non
552 2397 701 2482 est,
760 2409 993 2487 usque
1032 2383 1127 2461 ad
1150 2383 1517 2489 judicium
1556 2383 1981 2486 depositum
2027 2395 2190 2459 esto
2229 2383 2429 2485 apud
2470 2395 2620 2461 tres
2659 2385 3141 2483 magistratus

364 2522 542 2588 natu
580 2512 981 2607 maximos,
1042 2521 1116 2586 et
1172 2510 1233 2585 si
1295 2509 1716 2611 depositum
1772 2510 2045 2586 animal
2087 2519 2236 2605 est,
2294 2511 2394 2600 is,
2454 2510 2696 2611 quiin
2736 2535 2826 2586 eo
2851 2507 3139 2612 judicio

361 2638 603 2714 victus
640 2636 899 2730 fuerit,
952 2633 1383 2712 alimentum
1422 2633 1786 2735 rependat
1824 2633 2425 2733 magistratibus,
2482 2635 2686 2711 litem
2728 2662 2906 2712 vero
2943 2637 3140 2712 intra

360 2760 683 2839 triduum
724 2760 1133 2862 dijudicent
1169 2761 1667 2860 magistratus.

1509 2971 1661 3056 Aa
1704 2972 1976 3055 1401.

571 3136 790 3243 Apud
829 3137 1462 3219 Lacedaemonios
1509 3140 1585 3213 in
1642 3138 2044 3215 fundorum
2101 3138 2570 3238 possessione
2631 3162 2846 3215 nemo
2904 3138 3132 3216 alium

354 3266 793 3367 superabat,
834 3265 964 3344 sed
1001 3292 1305 3343 necesse
1347 3277 1538 3361 erat,
1579 3276 1659 3341 ut
1694 3289 1954 3341 omnes
1991 3264 2194 3340 cives
2233 3260 2613 3366 aequalem
2653 3262 2935 3365 publici
2971 3266 3132 3365 agri

354 3390 655 3468 modum
695 3392 1138 3469 obtinerent.
1193 3390 1343 3467 Sed
1382 3391 1579 3492 apud
1620 3389 2016 3489 Cretenses
2054 3390 2216 3487 agri
2255 3388 2558 3466 modum
2597 3414 2733 3492 pro
2772 3392 3131 3492 cujusque

353 3517 632 3594 viribus
692 3517 1102 3621 producere
1159 3519 1237 3592 in
1294 3518 1667 3593 infinitum
1726 3540 1861 3618 per
1908 3515 2112 3614 leges
2153 3516 2417 3615 cuique
2453 3514 2686 3593 licuit.
2745 3516 2961 3609 (Pol
2981 3544 3032 3619 y
3058 3518 3126 3594 b.

352 3640 481 3733 Vl,
525 3646 650 3737 45,
693 3644 763 3720 3.
806 3646 931 3738 46,
984 3644 1091 3737 1.)

564 3768 786 3870 Apud
826 3767 1107 3845 Locros
1146 3780 1393 3845 autem
1422 3770 1597 3869 lege
1636 3769 2002 3846 sancitum
2037 3777 2224 3859 erat,
2261 3790 2357 3842 ne
2395 3768 2560 3867 quis
2597 3770 3126 3868 patrimonium

347 3920 565 3971 suum
602 3892 996 3987 venderet,
1050 3894 1195 3968 nisi
1251 3892 1725 3971 manifestam
1780 3890 2286 3969 calamitatem
2341 3891 2483 3967 sibi
2541 3894 2969 3970 ostenderet
3005 3920 3122 3971 ac-

345 4018 633 4096 cidisse.
687 4014 1253 4113 (Aristotel.
1295 4018 1587 4094 Polit.
1626 4018 1998 4114 11,4‚4.)

1494 4228 1646 4313 Ad
1679 4230 1968 4314 14⁶3.

556 4396 987 4480 Secundum
1028 4398 1491 4477 Platonis
1524 4398 1653 4475 Le
1676 4426 1846 4500 ges
1888 4399 2110 4493 (844,
2159 4394 2452 4493 Aac),
2504 4398 2566 4473 si
2603 4422 2824 4497 quem
2860 4421 3116 4477 neces-

340 4523 511 4599 san'i
547 4535 773 4624 potus
808 4524 1163 4601 deficiunt
1184 4582 1203 4619 ,
1264 4524 1503 4602 fodito
1562 4526 1717 4601 suis
1754 4526 1831 4604 in
1869 4525 2146 4603 finibus
2182 4549 2419 4625 usque
2460 4522 2552 4599 ad
2588 4536 2857 4601 terram
2891 4526 3115 4623 argit-

337 4649 662 4745 laeeam,
722 4674 872 4749 qua
926 4661 1139 4725 tenus
1188 4650 1539 4753 depresso
1576 4661 1807 4753 puteo
1844 4651 1909 4725 si
1949 4650 2158 4727 nullo
2200 4648 2424 4725 modo
2463 4674 2658 4747 aqua
2689 4652 3012 4750 potitur,
3069 4676 3118 4725 a

338 4774 603 4852 vicinis
638 4775 875 4876 petito
914 4786 1275 4874 quantum
1316 4776 1638 4852 familiae
1676 4778 2078 4853 necessitas
2135 4772 2442 4850 bibendi
2489 4775 2791 4874 exiget:
2843 4772 3116 4875 quodni

336 4900 601 4976 vicinis
652 4922 957 5003 quoque
1008 4923 1239 5001 parca
1294 4902 1431 4995 sit,
1489 4920 1777 4977 certum
1830 4900 2256 5000 aquationis
2306 4898 2656 4993 modum,
2713 4924 2936 4997 quem
2971 4897 3116 4979 fibi

336 5026 530 5125 apud
571 5050 923 5125 agrorum
958 5028 1357 5125 magistros
1398 5028 1878 5105 statuendum
1916 5026 2332 5122 curaverit,
2393 5024 2724 5125 quotidie
2762 5024 3116 5107 aufem-

336 5151 443 5227 sic
482 5152 857 5231 communi
894 5176 1062 5229 cum
1104 5153 1371 5229 vicinis
1409 5180 1605 5255 aqua
1642 5154 1886 5231 utitor.
