3725 5850
643 386 798 463 532
1557 410 2177 465 commanrAnrus
2212 413 2320 464 AD
2356 405 2485 465 004.

641 612 946 679 ventum
985 603 1060 677 in
1102 603 1351 679 dotem
1396 604 1692 681 illarum
1747 604 2204 705 impendere.
2280 597 3086 681 Pentacosiomedimni
3124 618 3299 670 vero
3338 606 3405 669 et

639 728 924 829 equites
999 729 1478 829 paucissimas
1554 730 1937 807 habebant
1989 732 2068 805 in
2123 732 2383 806 infimo
2462 726 2721 803 ordine
2790 734 3153 823 cognatas
3228 720 3406 795 filias

639 854 1159 952 hereditarias-33
1207 857 1424 933 facile
1463 868 1812 957 poterant
1847 854 2076 953 igitur
2112 880 2410 931 omnem
2446 854 2837 929 minimum
2874 849 3053 925 anni
3092 870 3405 948 proven·

638 989 792 1054 tum
844 1006 978 1079 pro
1032 978 1204 1055 dote
1245 982 1422 1059 dare
1445 1039 1462 1074 ‚
1521 983 1698 1081 quia
1753 982 1895 1057 hoc
1951 981 2321 1056 rarissime
2380 981 2632 1056 fiebat.
2708 976 3133 1073 Legislator
3169 975 3406 1071 itaque

639 1130 882 1204 aequo
939 1116 1013 1180 et
1066 1107 1268 1182 bono
1327 1108 1591 1183 duetus
1649 1106 2074 1199 constituit,
2150 1117 2235 1180 ut
2286 1106 2679 1206 jugatores
2743 1101 2893 1175 150
2952 1096 3407 1176 solummodo

637 1228 1030 1305 drachmas
1071 1230 1262 1305 dotis
1301 1233 1537 1307 instar
1574 1231 2012 1331 penderent.

851 1355 990 1432 Vir
1025 1356 1478 1432 clarissimus
1535 1354 1750 1450 dicit,
1811 1356 1876 1430 si
1916 1356 2360 1455 jugatorum
2416 1352 2765 1428 minimus
2822 1357 3236 1451 proventus
3286 1345 3408 1421 du-

637 1490 890 1557 centas
929 1481 1299 1557 effecisset
1333 1490 1720 1571 metretas,
1778 1479 2177 1555 discrimen
2232 1480 2427 1555 inter
2483 1487 2934 1579 proventum
2979 1475 3407 1575 jugatorum

637 1618 712 1680 et
747 1606 1084 1706 equitum
1119 1606 1351 1681 multo
1388 1605 1634 1681 minus
1681 1605 1979 1700 fuisset,
2040 1631 2266 1705 quam
2320 1606 2515 1679 inter
2576 1612 3031 1703 proventum
3087 1599 3411 1700 equitum

639 1742 713 1806 et
749 1732 1747 1831 pentacosiomedimnorum.

853 1852 1230 1932 Concesso
1267 1856 1411 1933 hoc
1464 1866 1909 1954 argumento
1930 1908 1949 1946 ,
2008 1881 2160 1930 non
2216 1856 2295 1929 in
2350 1850 3231 1955 centumquinquaginta‚
3288 1846 3411 1923 sed

639 1982 1098 2058 solummodo
1137 1983 1214 2057 in
1253 1992 1550 2058 centum
1591 1982 1924 2056 metretis
1964 1981 2269 2055 deberet
2328 1982 2678 2055 constitui
2724 1980 3166 2079 jugatorum
3202 1973 3409 2048 mini-

637 2135 802 2182 mus
858 2120 1307 2209 proventu5‚
1385 2120 1467 2183 ut
1523 2108 1862 2183 ducentis
1918 2108 2251 2183 metretis
2308 2107 2553 2182 minus
2609 2107 3008 2181 videantur
3064 2099 3407 2177 habuisse

639 2259 857 2331 quam
900 2234 1219 2333 equiteS,
1279 2232 1452 2332 quia
1507 2233 1583 2307 hi
1640 2259 1937 2331 quoque
1997 2233 2311 2307 totidem
2368 2232 2695 2308 metretis
2752 2232 2997 2306 minus
3034 2226 3410 2302 habebant

639 2384 862 2455 quam
902 2358 1710 2458 pentacosiomedimni.

857 2484 1018 2581 Ego
1071 2485 1295 2580 igitur
1351 2484 1572 2557 fidem
1633 2483 1875 2558 habeo
1935 2484 2267 2558 sontibus
2323 2484 2654 2581 graeciS,
2711 2506 3021 2581 quorum
3078 2475 3407 2555 unanimi

639 2632 1011 2684 consensu
1034 2608 1470 2708 jugatorum
1507 2610 1850 2683 minimus
1890 2621 2299 2709 proventus
2360 2608 2717 2683 ducentas
2758 2608 3110 2683 effecerat
3146 2615 3405 2679 metre-

635 2744 771 2807 tas.
847 2732 1240 2832 Tantoque
1297 2735 1534 2833 magis
1591 2734 1951 2809 assentior
2009 2733 2138 2827 iis,
2200 2734 2397 2832 quod
2436 2734 2784 2808 minimus
2822 2730 3406 2831 pentacosiome-

636 2858 1060 2934 dimnorum
1098 2870 1511 2960 proventus
1551 2884 1724 2934 cum
1761 2860 2071 2934 minimo
2110 2860 2433 2959 equitum
2474 2870 2547 2933 et
2571 2859 3009 2959 jugatorum
3047 2864 3405 2957 proventu

638 2983 852 3058 simul
893 2996 1192 3084 sumpto
1229 2986 1496 3059 mirum
1517 2986 1592 3058 in
1615 2985 1923 3060 modum
1952 2986 2388 3059 consentiat.
2432 2984 2851 3072 300÷200
2872 2981 3287 3058 dr.=500
3305 2977 3405 3052 dr.

855 3126 1326 3204 Clarissimus
1363 3122 1679 3226 squidem
1737 3127 2328 3203 Schoemannius
2386 3127 2562 3202 dicit
2620 3125 2753 3219 (V
2775 3153 2815 3202 e
2836 3127 2929 3200 rf
2936 3152 3035 3200 as
3056 3151 3091 3199 s
3114 3150 3233 3198 un
3256 3151 3403 3222 gs-

638 3251 1248 3329 Geschichte
1307 3255 1686 3333 Athen’s
1743 3283 1815 3353 p.
1859 3255 2042 3346 24),
2102 3281 2361 3329 omnes
2417 3280 2731 3351 graecos
2788 3253 3231 3351 scriptores,
3288 3249 3407 3349 qui

639 3376 796 3450 200
831 3389 1316 3453 metretarum
1341 3437 1358 3472 ‚
1414 3405 1564 3478 qua
1617 3379 1900 3452 minimi
1947 3380 2385 3478 jugatorum
2442 3387 2897 3477 proventu3‚
2954 3378 3407 3452 mentionem

640 3504 962 3594 faciunt,
1021 3529 1110 3578 ex
1167 3529 1318 3577 uno
1378 3505 1788 3603 eodemque
1843 3504 2297 3604 potuisse
2354 3504 2649 3578 haurire
2685 3503 2931 3594 fonte,
2992 3503 3119 3601 qui
3159 3513 3409 3576 tamen

635 3627 716 3702 in
775 3654 1025 3702 errore
1080 3641 1482 3727 poterat
1537 3630 1842 3704 versari.
1920 3628 2068 3703 Sed
2126 3629 2265 3704 hoc
2324 3629 2621 3705 difficile
2680 3641 2795 3703 eet
2830 3627 3197 3727 probatu3
3258 3639 3333 3702 et
3368 3653 3411 3700 a

636 3780 687 3851 p
709 3779 754 3826 o
779 3779 814 3827 s
835 3781 870 3827 s
889 3779 930 3826 e
985 3752 1082 3826 ad
1139 3779 1178 3826 e
1201 3781 1237 3828 s
1259 3779 1292 3827 s
1315 3779 1355 3826 e
1411 3779 1566 3828 non
1607 3754 1806 3828 valet
1843 3765 2383 3851 argumentum.

851 3874 1230 3971 Alterum,
1289 3879 1489 3976 quod
1543 3877 1621 3952 in
1677 3878 2014 3953 doctrina
2049 3879 2458 3954 doctissimi
2497 3876 2856 3954 Boeckhii
2894 3877 3405 3952 difficultatem

642 4001 904 4094 habet,
969 4012 1082 4077 est
1119 4004 1576 4103 computatio
1615 4003 1808 4078 illius
1848 4031 2113 4080 census
2172 4005 2445 4105 partis,
2505 4003 2596 4078 de
2638 4029 2785 4102 qua
2824 4005 3189 4078 tributum
3226 4028 3403 4102 pen-

639 4125 970 4202 dendum
1009 4140 1184 4204 erat.
1259 4130 1399 4204 Ille
1455 4154 1728 4229 nempe
1787 4131 2174 4205 minimum
2228 4131 2586 4230 cujusque
2644 4129 2899 4203 classis
2962 4145 3409 4227 proventum

637 4277 774 4353 per
813 4253 910 4326 12
949 4254 1432 4354 multiplicat,
1491 4269 1574 4330 ut
1611 4267 1852 4332 totum
1904 4255 2179 4332 efficiat
2232 4281 2559 4330 censum.
2638 4253 2753 4330 Ad
2790 4254 2983 4329 hanc
3022 4265 3403 4356 computa-

637 4379 859 4453 tionis
879 4404 1215 4452 normam
1243 4404 1510 4454 census
1531 4381 2295 4481 pentacosiomedimn
2304 4405 2511 4454 orum
2537 4379 3180 4477 complectebatur
3200 4379 3405 4452 6000

638 4499 1090 4596 (500><12)
1152 4504 1582 4600 drachmas,
1639 4508 1972 4606 equitum
2034 4507 2243 4579 3600
2300 4507 2755 4598 (300><12)
2796 4503 2928 4598 dix,
2988 4516 3065 4579 et
3104 4505 3403 4605 jugato-

633 4656 797 4704 rum
841 4628 1046 4702 1800
1076 4631 1688 4727 (150><12)d1·.,
1730 4632 2139 4707 secundum
2178 4633 2662 4726 Boeckhium,
2706 4632 2917 4705 2400
2952 4629 3401 4724 (200)(12)

637 4755 767 4850 dr.,
825 4767 1078 4830 autem
1115 4757 1518 4833 secundum
1555 4769 1887 4833 nostram
1924 4761 2388 4834 sententiam.

849 4881 987 4956 His
1025 4883 1450 4982 praemissis
1488 4883 1668 4957 dicit
1703 4883 2155 4958 clarissimus
2214 4886 2367 4977 vir,
2424 4883 3279 4984 pentacosiomedimnos
3314 4881 3401 4956 de

634 5006 836 5080 omni
869 5031 1094 5081 censu
1119 5065 1136 5100 ,
1199 5009 1478 5107 equites
1517 5022 1767 5082 autem
1803 5011 2101 5082 nonnisi
2144 5009 2236 5082 de
2276 5011 2631 5085 dextante
2671 5013 2782 5084 sui
2820 5036 3129 5104 censuS,
3188 5021 3261 5084 et
3284 5009 3395 5108 ju·

630 5144 928 5229 gatores
965 5132 1424 5206 solummodo
1464 5133 1553 5207 de
1595 5133 1895 5207 dimidia
1936 5145 2008 5208 et
2047 5134 2661 5232 duodevigesima
2714 5159 2979 5212 census
3022 5146 3233 5234 parte
3270 5131 3393 5224 (ᾗ)
