3725 5850
1027 519 1645 575 COMMENTARIUS
1684 522 1793 575 AD
1825 517 1994 581 1094.
2037 524 2194 581 1098.
2839 504 2996 585 557

212 712 370 789 lum
427 713 847 817 deceperit,
921 715 1327 794 adducatur
1381 714 1461 789 in
1503 714 1908 815 judicium,
1987 730 2062 795 et
2120 721 2504 797 convictus
2557 732 2798 799 morte
2857 750 2992 823 pu-

209 838 522 933 niatur.)

426 966 779 1045 Dinarch.
821 993 883 1044 ο.
922 967 1351 1045 Philoclem.
1393 962 1459 1067 ξ.
1502 969 1591 1044 4:
1648 958 1693 1041 ὅ
1732 964 2008 1054 κοινὸς
2043 966 2174 1059 τῆς
2211 965 2498 1055 πόλεως
2537 966 2774 1067 νόμος
2794 1027 2816 1059 ,
2857 967 2994 1046 ἐάν

208 1116 321 1173 τις
358 1094 729 1167 ἐναντίον
781 1090 939 1166 τῶν
996 1088 1334 1165 πολιτῶν
1390 1081 1882 1193 ὁμολογήσας
1935 1123 2007 1166 τι
2067 1092 2374 1191 παραβῇ
2403 1151 2422 1182 ,
2475 1094 2771 1171 τοῦτον
2809 1096 2989 1170 ἕνο-

198 1240 361 1305 xor
416 1212 615 1292 εἶναι
673 1213 968 1291 κελεύει
1022 1215 1130 1315 τῷ
1188 1211 1621 1295 ἀδικεῖν.
1682 1219 2161 1313 (Communis
2215 1222 2421 1299 urbis
2478 1222 2642 1318 lex,
2706 1224 2766 1299 si
2828 1226 2990 1324 quis

205 1341 485 1441 aliquid
542 1370 801 1421 eorum
856 1370 1045 1445 quae
1104 1370 1355 1421 coram
1428 1346 1711 1448 populo
1788 1346 2284 1449 spoponderit
2355 1348 2987 1447 transgrediatur,

206 1466 403 1543 hunc
440 1469 735 1546 crimini
774 1471 1185 1548 obnoxium
1226 1498 1389 1548 esse
1418 1473 1700 1574 jubet.)

423 1593 757 1671 Verbum
804 1588 1111 1669 ἀδικεῖν
1148 1597 1426 1690 innuit,
1486 1607 1747 1672 contra
1782 1595 1928 1671 hoc
1968 1623 2260 1698 quoque
2301 1598 2582 1675 crimen
2619 1599 2986 1677 actionem

208 1711 528 1791 ἀδικίου
565 1721 973 1797 institutam
1010 1722 1264 1798 fuisse.
1323 1720 1535 1815 (vid.
1574 1720 1669 1797 ad
1714 1721 1987 1814 1026.)

1354 1931 1505 2015 Ad
1539 1934 1658 2015 10
1668 1933 1825 2014 94.

420 2098 805 2174 Demosth.
865 2100 1031 2174 adv.
1091 2100 1389 2201 Leptin.
1452 2100 1665 2173 508:
1744 2100 2015 2191 Miror,
2075 2099 2136 2175 si
2195 2126 2362 2195 eOS,
2421 2100 2546 2200 qui
2603 2112 2980 2175 monetam

205 2223 668 2320 adulterant,
730 2223 987 2299 ultimo
1028 2224 1399 2325 supplicio
1440 2224 1763 2326 punitiS,
1820 2223 1968 2299 illis
2009 2250 2227 2320 vere,
2285 2226 2410 2327 qui
2448 2235 2682 2301 totam
2722 2225 2979 2300 civita-

204 2358 353 2423 tem
391 2345 891 2426 adulterinam
950 2360 1021 2425 et
1077 2349 1389 2425 infidam
1443 2349 1801 2443 reddunt,
1858 2348 2156 2427 dicendi
2194 2360 2645 2451 potestatem
2685 2350 2984 2425 dabitis.

419 2492 993 2569 Lacedaemonii
1044 2495 1290 2571 numis
1345 2496 1751 2571 utebantur
1804 2521 1845 2569 e
1886 2495 2129 2590 corio;
2187 2494 2448 2593 quodsi
2489 2520 2750 2570 aurum
2788 2492 2982 2569 domi

203 2616 515 2720 alicujus
552 2620 675 2695 vel
710 2630 1099 2718 argentum
1148 2618 1695 2721 deprehensum
1749 2619 2048 2713 fuisset,
2107 2631 2423 2695 mortem
2462 2646 2784 2720 poenam
2821 2618 2976 2694 lue-

202 2743 351 2819 bat.
408 2743 840 2837 (Nicolai
895 2746 1489 2821 Damasceni
1548 2744 1810 2843 fragm.
1858 2745 2079 2836 114.)

415 2866 566 2946 Sed
616 2880 801 2946 teste
843 2871 1244 2946 Plutarcho
1302 2870 1545 2972 (Apo
1570 2900 1621 2974 p
1647 2872 2066 2971 hthegm.
2127 2871 2472 2948 Lacon.
2533 2871 2857 2972 Lycurg.
2900 2870 2971 2946 3.

199 3023 269 3097 p.
312 2997 512 3091 226)
560 2998 949 3097 Lycurgus
1006 3023 1233 3072 aureo
1294 3009 1367 3072 ct
1422 3009 1781 3096 argenteo
1842 2998 2290 3076 numismate
2349 2998 2754 3096 abrogato,
2814 2997 2976 3072 solo

200 3123 301 3196 uti
331 3120 555 3222 jussit
603 3123 642 3199 f
654 3148 867 3198 erre
891 3151 975 3213 0,
1033 3149 1124 3200 ac
1162 3121 1501 3196 definivit
1540 3133 1899 3222 quantum
1941 3125 2101 3224 ejus
2150 3147 2470 3223 aequare
2507 3122 2972 3222 uniuscujus-

202 3273 341 3345 que
383 3247 776 3324 facultates
824 3248 1149 3324 deberet.
1225 3247 1391 3322 Hoc
1449 3246 1650 3323 facto
1709 3248 1950 3323 omnis
2007 3248 2370 3349 injustitia
2408 3249 2976 3325 Lacedaemone

200 3374 693 3448 exterminata
732 3384 883 3470 est;
941 3400 1113 3450 nam
1170 3400 1410 3474 neque
1470 3373 1741 3468 furari,
1800 3400 2046 3474 neque
2092 3375 2528 3452 muneribus
2566 3373 2976 3474 corrumpi,

200 3521 441 3598 neque
481 3497 921 3576 defraudare
961 3500 1189 3575 alium
1248 3510 1375 3573 aut
1412 3526 1675 3600 rapere
1715 3500 2099 3600 quisquam
2133 3509 2472 3600 poterat,
2531 3525 2700 3576 cum
2737 3526 2978 3598 neque

202 3623 577 3724 possidere
615 3623 693 3700 id
732 3651 1083 3722 magnum
1127 3624 1561 3720 haberetur,
1621 3653 1863 3724 neque
1913 3627 1991 3700 in
2031 3627 2492 3702 commerciis
2531 3626 2731 3728 apud
2774 3637 2973 3702 exte-

201 3778 321 3826 ros
357 3752 605 3828 locum
640 3751 973 3829 haberet.
1048 3754 1322 3829 Fertur
1382 3755 1577 3828 enim
1617 3753 2048 3852 Lycurgus,
2107 3764 2188 3826 ut
2227 3752 2408 3827 dicit
2443 3752 2644 3827 idem
2681 3749 2971 3827 Plutar-

201 3877 377 3951 chus
417 3879 777 3979 (Lycurg.
820 3880 939 3974 9),
999 3879 1275 3956 ferrum
1334 3881 1659 3956 candens
1718 3891 1930 3956 aceto
1989 3879 2459 3970 restinxisse,
2517 3880 2764 3978 itaque
2815 3877 2975 3978 ejus

202 4003 443 4100 rigore
480 4005 821 4104 perdite,
879 4017 961 4082 ut
996 4007 1403 4083 invalidum
1444 4009 1601 4108 jam
1645 4017 1718 4083 et
1759 4004 2230 4082 intractabile
2273 4016 2501 4097 esset,
2557 4029 2774 4080 usum
2815 4005 2972 4104 ejus

196 4128 287 4203 ad
328 4127 513 4206 alias
548 4155 669 4204 res
708 4131 1115 4208 sustulisse.

406 4252 689 4329 Verum
728 4255 1063 4330 Platonis
1102 4266 1345 4332 aetate
1393 4255 1555 4356 jam
1592 4282 1870 4354 magna
1909 4257 2166 4332 aderat
2205 4253 2770 4330 Lacedaemone
2811 4255 2968 4330 auri

196 4379 629 4478 argentique
672 4381 927 4480 copia,
983 4380 1083 4456 ita
1123 4391 1203 4454 ut
1228 4381 1803 4456 Lacedaemonii
1847 4379 2308 4456 Graecorum
2351 4380 2680 4454 omnium
2724 4367 2972 4454 essent

199 4503 554 4580 ditissimi.
614 4504 971 4598 (Plato.
1019 4505 1071 4578 A
1102 4507 1503 4582 lcibiad.
1546 4509 1599 4582 I.
1643 4537 1713 4608 p.
1769 4508 1940 4601 123,
1985 4507 2112 4598 A.)

1331 4714 1482 4798 Ad
1542 4717 1828 4800 1098.

400 4883 894 4958 Demosth.
954 4909 1013 4966 c,
1074 4880 1593 4958 Theocrin.
1663 4884 1918 4958 1325:
1997 4883 2244 4976 Quum
2299 4881 2527 4960 vellet
2579 4883 2962 4982 legislator

196 5031 327 5082 nec
366 5007 885 5108 delinquentes
924 5021 1374 5085 mercatores
1414 5009 1805 5085 indemnes
1860 5035 2017 5085 esse
2043 5069 2059 5102 ‚
2119 5035 2260 5084 nec
2299 5010 2628 5086 insontes
2670 5012 2964 5101 vexari3

196 5132 267 5205 in
304 5135 727 5210 universum
780 5135 1009 5210 vetuit
1067 5136 1207 5212 hoc
1264 5137 1649 5212 hominum
1706 5162 1940 5230 genus
2001 5136 2314 5228 deferri,
2377 5136 2516 5212 nisi
2577 5137 2740 5234 quis
2797 5136 2961 5234 ipse

197 5259 328 5333 sibi
364 5260 691 5336 confidat
730 5289 807 5336 se
846 5271 1307 5338 ostensurum
1374 5263 1574 5339 facta
1637 5287 1836 5354 esse,
1899 5288 2091 5360 quae
2135 5263 2384 5336 defert.
2465 5261 2594 5335 Sin
2636 5263 2796 5358 quis
2839 5287 2960 5336 ca·
