<?xml version="1.0" encoding="UTF-8"?>
<!DOCTYPE html PUBLIC "-//W3C//DTD XHTML 1.0 Transitional//EN"
    "http://www.w3.org/TR/xhtml1/DTD/xhtml1-transitional.dtd">
<html xmlns="http://www.w3.org/1999/xhtml" xml:lang="en" lang="en">
 <head>
  <title>
</title>
<meta http-equiv="Content-Type" content="text/html;charset=utf-8" />
  <meta name='ocr-system' content='tesseract 3.04.00' />
  <meta name='ocr-capabilities' content='ocr_page ocr_carea ocr_par ocr_line ocrx_word'/>
</head>
<body>
  <div class='ocr_page' id='page_1' title='image "./synaggtnattiknn01tlgoog_0553.png"; bbox 0 0 3725 5850; ppageno 0'>
   <div class='ocr_carea' id='block_1_1' title="bbox 956 448 3050 533">
    <p class='ocr_par' dir='ltr' id='par_1_1' title="bbox 956 448 3050 533">
     <span class='ocr_line' id='line_1_1' title="bbox 956 448 3050 533; baseline -0.001 -2"><span class='ocrx_word' id='word_1_1' title='bbox 956 474 1570 533; x_wconf 57' lang='lat' dir='ltr'><strong>commum-sums</strong></span> <span class='ocrx_word' id='word_1_2' title='bbox 1608 481 1715 531; x_wconf 69' lang='lat' dir='ltr'><strong>Ao</strong></span> <span class='ocrx_word' id='word_1_3' title='bbox 1754 473 1880 531; x_wconf 82' lang='grc'><strong>883.</strong></span> <span class='ocrx_word' id='word_1_4' title='bbox 1919 478 2044 531; x_wconf 88' lang='grc'><strong>888.</strong></span> <span class='ocrx_word' id='word_1_5' title='bbox 2085 478 2209 531; x_wconf 87' lang='lat'><strong>890.</strong></span> <span class='ocrx_word' id='word_1_6' title='bbox 2249 471 2376 531; x_wconf 79' lang='lat'><strong>892.</strong></span> <span class='ocrx_word' id='word_1_7' title='bbox 2895 448 3050 529; x_wconf 63' lang='lat'><strong>⁵2¹7</strong></span> 
     </span>
    </p>
   </div>
   <div class='ocr_carea' id='block_1_2' title="bbox 274 663 3049 1151">
    <p class='ocr_par' dir='ltr' id='par_1_2' title="bbox 274 663 3049 892">
     <span class='ocr_line' id='line_1_2' title="bbox 274 663 3049 771; baseline -0.003 -24"><span class='ocrx_word' id='word_1_8' title='bbox 274 670 1007 771; x_wconf 73' lang='grc' dir='ltr'><strong>πεντηκόνταρχος),</strong></span> <span class='ocrx_word' id='word_1_9' title='bbox 1067 664 1109 747; x_wconf 87' lang='lat' dir='ltr'><strong>o‘</strong></span> <span class='ocrx_word' id='word_1_10' title='bbox 1169 664 1436 768; x_wconf 75' lang='grc' dir='ltr'><strong><em>ἅρχων</em></strong></span> <span class='ocrx_word' id='word_1_11' title='bbox 1487 666 1617 758; x_wconf 78' lang='grc' dir='ltr'><strong>τῆς</strong></span> <span class='ocrx_word' id='word_1_12' title='bbox 1674 667 2182 759; x_wconf 67' lang='grc' dir='ltr'><strong><em>πεντηκοστῆς</em></strong></span> <span class='ocrx_word' id='word_1_13' title='bbox 2231 667 2376 745; x_wconf 79' lang='grc' dir='ltr'><strong>τοῦ</strong></span> <span class='ocrx_word' id='word_1_14' title='bbox 2416 671 2676 753; x_wconf 78' lang='grc' dir='ltr'><strong><em>τέλους</em></strong></span> <span class='ocrx_word' id='word_1_15' title='bbox 2715 670 2852 743; x_wconf 70' lang='grc' dir='ltr'><strong>καὶ</strong></span> <span class='ocrx_word' id='word_1_16' title='bbox 2891 663 3049 741; x_wconf 75' lang='grc' dir='ltr'><strong>τῶν</strong></span> 
     </span>
     <span class='ocr_line' id='line_1_3' title="bbox 274 792 1803 892; baseline 0 -19"><span class='ocrx_word' id='word_1_17' title='bbox 274 799 931 890; x_wconf 74' lang='grc' dir='ltr'><strong><em>πεντηκοσῐωνῶν</em></strong></span> <span class='ocrx_word' id='word_1_18' title='bbox 966 803 1076 892; x_wconf 84' lang='lat' dir='ltr'><strong>(v.</strong></span> <span class='ocrx_word' id='word_1_19' title='bbox 1114 800 1161 875; x_wconf 95' lang='lat' dir='ltr'><strong>l.</strong></span> <span class='ocrx_word' id='word_1_20' title='bbox 1203 792 1803 888; x_wconf 72' lang='grc' dir='ltr'><strong>πεντηκοστῶν).</strong></span> 
     </span>
    </p>

    <p class='ocr_par' dir='ltr' id='par_1_3' title="bbox 274 919 3048 1151">
     <span class='ocr_line' id='line_1_4' title="bbox 488 919 3048 1023; baseline -0.002 -24"><span class='ocrx_word' id='word_1_21' title='bbox 488 919 1185 1019; x_wconf 77' lang='grc' dir='ltr'><strong><em>Πεντηκόσταρχος</em></strong></span> <span class='ocrx_word' id='word_1_22' title='bbox 1240 924 1467 1022; x_wconf 85' lang='lat' dir='ltr'><strong>igitur</strong></span> <span class='ocrx_word' id='word_1_23' title='bbox 1523 933 1685 998; x_wconf 86' lang='lat' dir='ltr'><strong>erat</strong></span> <span class='ocrx_word' id='word_1_24' title='bbox 1738 922 2197 1022; x_wconf 79' lang='lat' dir='ltr'><strong>praefectus.</strong></span> <span class='ocrx_word' id='word_1_25' title='bbox 2237 922 2850 1023; x_wconf 76' lang='lat' dir='ltr'><strong>publicanorum,</strong></span> <span class='ocrx_word' id='word_1_26' title='bbox 2918 921 3048 1019; x_wconf 90' lang='lat' dir='ltr'><strong>qui</strong></span> 
     </span>
     <span class='ocr_line' id='line_1_5' title="bbox 274 1050 1569 1151; baseline -0.004 -24"><span class='ocrx_word' id='word_1_27' title='bbox 274 1051 973 1151; x_wconf 75' lang='lat' dir='ltr'><strong>quinquagesimam</strong></span> <span class='ocrx_word' id='word_1_28' title='bbox 1026 1050 1569 1127; x_wconf 84' lang='lat' dir='ltr'><strong>conduxerunt.</strong></span> 
     </span>
    </p>
   </div>
   <div class='ocr_carea' id='block_1_3' title="bbox 1446 1257 1878 1341">
    <p class='ocr_par' dir='ltr' id='par_1_4' title="bbox 1446 1257 1878 1341">
     <span class='ocr_line' id='line_1_6' title="bbox 1446 1257 1878 1341; baseline -0.005 0"><span class='ocrx_word' id='word_1_29' title='bbox 1446 1257 1597 1341; x_wconf 70' lang='lat' dir='ltr'><strong>Ad</strong></span> <span class='ocrx_word' id='word_1_30' title='bbox 1646 1257 1878 1341; x_wconf 80' lang='grc'><strong>883.</strong></span> 
     </span>
    </p>
   </div>
   <div class='ocr_carea' id='block_1_4' title="bbox 277 1398 3048 1755">
    <p class='ocr_par' dir='ltr' id='par_1_5' title="bbox 277 1398 3048 1755">
     <span class='ocr_line' id='line_1_7' title="bbox 490 1398 3048 1506; baseline -0.005 -19"><span class='ocrx_word' id='word_1_31' title='bbox 490 1410 639 1504; x_wconf 83' lang='lat' dir='ltr'><strong>Qui</strong></span> <span class='ocrx_word' id='word_1_32' title='bbox 676 1408 1041 1487; x_wconf 72' lang='lat' dir='ltr'><strong>decimam</strong></span> <span class='ocrx_word' id='word_1_33' title='bbox 1096 1407 1541 1506; x_wconf 83' lang='lat' dir='ltr'><strong>exigebant,</strong></span> <span class='ocrx_word' id='word_1_34' title='bbox 1598 1405 2062 1485; x_wconf 76' lang='lat' dir='ltr'><strong>vocabantur</strong></span> <span class='ocrx_word' id='word_1_35' title='bbox 2119 1401 2620 1506; x_wconf 79' lang='grc' dir='ltr'><strong><em>δεκατηλόγοι</em></strong></span> <span class='ocrx_word' id='word_1_36' title='bbox 2657 1417 2754 1495; x_wconf 61' lang='lat' dir='ltr'><strong>,et</strong></span> <span class='ocrx_word' id='word_1_37' title='bbox 2814 1398 3048 1479; x_wconf 79' lang='grc' dir='ltr'><strong><em>δεκα-</em></strong></span> 
     </span>
     <span class='ocr_line' id='line_1_8' title="bbox 277 1529 3048 1633; baseline 0 -28"><span class='ocrx_word' id='word_1_38' title='bbox 277 1536 537 1607; x_wconf 74' lang='grc' dir='ltr'><strong><em>τευταί</em></strong></span> <span class='ocrx_word' id='word_1_39' title='bbox 574 1560 705 1614; x_wconf 82' lang='lat' dir='ltr'><strong>seu</strong></span> <span class='ocrx_word' id='word_1_40' title='bbox 742 1532 1251 1611; x_wconf 77' lang='lat' dir='ltr'><strong>decimatores,</strong></span> <span class='ocrx_word' id='word_1_41' title='bbox 1296 1531 1617 1625; x_wconf 79' lang='lat' dir='ltr'><strong>(Lexica</strong></span> <span class='ocrx_word' id='word_1_42' title='bbox 1650 1530 2114 1631; x_wconf 84' lang='lat' dir='ltr'><strong>Segueriana</strong></span> <span class='ocrx_word' id='word_1_43' title='bbox 2150 1559 2220 1633; x_wconf 87' lang='lat' dir='ltr'><strong>p.</strong></span> <span class='ocrx_word' id='word_1_44' title='bbox 2263 1531 2442 1627; x_wconf 82' lang='lat'><strong>239,</strong></span> <span class='ocrx_word' id='word_1_45' title='bbox 2485 1542 2558 1607; x_wconf 85' lang='lat' dir='ltr'><strong>et</strong></span> <span class='ocrx_word' id='word_1_46' title='bbox 2593 1529 2864 1607; x_wconf 86' lang='lat' dir='ltr'><strong>Suidas</strong></span> <span class='ocrx_word' id='word_1_47' title='bbox 2899 1558 2958 1606; x_wconf 89' lang='lat' dir='ltr'><strong>s.</strong></span> <span class='ocrx_word' id='word_1_48' title='bbox 2982 1557 3048 1615; x_wconf 79' lang='lat' dir='ltr'><strong>v.</strong></span> 
     </span>
     <span class='ocr_line' id='line_1_9' title="bbox 278 1652 801 1755; baseline 0 -26"><span class='ocrx_word' id='word_1_49' title='bbox 278 1652 801 1755; x_wconf 75' lang='grc' dir='ltr'><strong>δεκατευτάς,)</strong></span> 
     </span>
    </p>
   </div>
   <div class='ocr_carea' id='block_1_5' title="bbox 1458 1758 1882 1843">
    <p class='ocr_par' dir='ltr' id='par_1_6' title="bbox 1458 1758 1882 1843">
     <span class='ocr_line' id='line_1_10' title="bbox 1458 1758 1882 1843; baseline -0.005 0"><span class='ocrx_word' id='word_1_50' title='bbox 1458 1758 1609 1843; x_wconf 74' lang='lat' dir='ltr'><strong>Ad</strong></span> <span class='ocrx_word' id='word_1_51' title='bbox 1650 1762 1882 1842; x_wconf 94' lang='grc'><strong>888.</strong></span> 
     </span>
    </p>
   </div>
   <div class='ocr_carea' id='block_1_6' title="bbox 200 1914 3152 3654">
    <p class='ocr_par' dir='ltr' id='par_1_7' title="bbox 275 1914 3051 2278">
     <span class='ocr_line' id='line_1_11' title="bbox 480 1914 3048 2027; baseline -0.003 -24"><span class='ocrx_word' id='word_1_52' title='bbox 480 1926 771 2003; x_wconf 83' lang='lat' dir='ltr'><strong>Zenob.</strong></span> <span class='ocrx_word' id='word_1_53' title='bbox 812 1915 1679 2020; x_wconf 60' lang='lat' dir='ltr'><strong>Oenn1,74:’&#39;A2aa</strong></span> <span class='ocrx_word' id='word_1_54' title='bbox 1725 1924 1916 2019; x_wconf 79' lang='grc' dir='ltr'><strong>μὲν</strong></span> <span class='ocrx_word' id='word_1_55' title='bbox 1953 1920 2377 1997; x_wconf 74' lang='grc' dir='ltr'><strong><em>Λεύκων</em></strong></span> <span class='ocrx_word' id='word_1_56' title='bbox 2429 1928 2736 2027; x_wconf 75' lang='grc' dir='ltr'><strong><em>λέγει,</em></strong></span> <span class='ocrx_word' id='word_1_57' title='bbox 2795 1914 3048 1997; x_wconf 73' lang='grc' dir='ltr'><strong><em>ἄλλα</em></strong></span> 
     </span>
     <span class='ocr_line' id='line_1_12' title="bbox 280 2040 3049 2151; baseline -0.001 -28"><span class='ocrx_word' id='word_1_58' title='bbox 280 2046 375 2123; x_wconf 83' lang='grc' dir='ltr'><strong>δὲ</strong></span> <span class='ocrx_word' id='word_1_59' title='bbox 432 2047 957 2134; x_wconf 78' lang='grc' dir='ltr'><strong><em>Λεύκωνος</em></strong></span> <span class='ocrx_word' id='word_1_60' title='bbox 1012 2040 1249 2133; x_wconf 78' lang='grc' dir='ltr'><strong><em>ὄνος</em></strong></span> <span class='ocrx_word' id='word_1_61' title='bbox 1306 2052 1603 2147; x_wconf 75' lang='grc' dir='ltr'><strong><em>φέρει.</em></strong></span> <span class='ocrx_word' id='word_1_62' title='bbox 1680 2051 1999 2151; x_wconf 72' lang='grc' dir='ltr'><strong><em>Λέγεται</em></strong></span> <span class='ocrx_word' id='word_1_63' title='bbox 2027 2050 2176 2145; x_wconf 83' lang='grc' dir='ltr'><strong>μὲν</strong></span> <span class='ocrx_word' id='word_1_64' title='bbox 2209 2047 2532 2125; x_wconf 73' lang='grc' dir='ltr'><strong><em>ἐπὶτῶν</em></strong></span> <span class='ocrx_word' id='word_1_65' title='bbox 2569 2044 3049 2146; x_wconf 74' lang='grc' dir='ltr'><strong><em>ἀσυμφώνως</em></strong></span> 
     </span>
     <span class='ocr_line' id='line_1_13' title="bbox 275 2168 3051 2278; baseline 0 -32"><span class='ocrx_word' id='word_1_66' title='bbox 275 2182 437 2259; x_wconf 72' lang='grc' dir='ltr'><strong>τοῖς</strong></span> <span class='ocrx_word' id='word_1_67' title='bbox 490 2174 739 2277; x_wconf 70' lang='grc' dir='ltr'><strong><em>ἔργοις</em></strong></span> <span class='ocrx_word' id='word_1_68' title='bbox 787 2170 977 2261; x_wconf 79' lang='grc' dir='ltr'><strong>τούς</strong></span> <span class='ocrx_word' id='word_1_69' title='bbox 1028 2168 1310 2276; x_wconf 80' lang='grc' dir='ltr'><strong><em>λόγους</em></strong></span> <span class='ocrx_word' id='word_1_70' title='bbox 1367 2176 1930 2271; x_wconf 74' lang='grc' dir='ltr'><strong>παρεχομένων.</strong></span> <span class='ocrx_word' id='word_1_71' title='bbox 2005 2170 2338 2249; x_wconf 71' lang='grc' dir='ltr'><strong><em>Λεύκων</em></strong></span> <span class='ocrx_word' id='word_1_72' title='bbox 2391 2170 2540 2275; x_wconf 77' lang='grc' dir='ltr'><strong>γάρ</strong></span> <span class='ocrx_word' id='word_1_73' title='bbox 2573 2202 2688 2259; x_wconf 75' lang='grc' dir='ltr'><strong><em>τις</em></strong></span> <span class='ocrx_word' id='word_1_74' title='bbox 2723 2168 3051 2278; x_wconf 78' lang='grc' dir='ltr'><strong><em>γεωργὸς</em></strong></span> 
     </span>
    </p>

    <p class='ocr_par' dir='ltr' id='par_1_8' title="bbox 200 2282 3152 3654">
     <span class='ocr_line' id='line_1_14' title="bbox 200 2282 3152 2397; baseline -0.001 -22"><span class='ocrx_word' id='word_1_75' title='bbox 200 2348 205 2355; x_wconf 96' lang='grc'>-</span> <span class='ocrx_word' id='word_1_76' title='bbox 268 2304 573 2397; x_wconf 78' lang='grc' dir='ltr'><strong><em>μέλιτος</em></strong></span> <span class='ocrx_word' id='word_1_77' title='bbox 608 2294 911 2385; x_wconf 73' lang='grc' dir='ltr'><strong><em>ἀσκούς</em></strong></span> <span class='ocrx_word' id='word_1_78' title='bbox 947 2301 1053 2385; x_wconf 76' lang='grc' dir='ltr'><strong>εἰς</strong></span> <span class='ocrx_word' id='word_1_79' title='bbox 1090 2293 1443 2396; x_wconf 73' lang='grc' dir='ltr'><strong><em>φορμούς</em></strong></span> <span class='ocrx_word' id='word_1_80' title='bbox 1491 2292 1897 2396; x_wconf 66' lang='grc' dir='ltr'><strong><em>ἐμβαλῶν,</em></strong></span> <span class='ocrx_word' id='word_1_81' title='bbox 1953 2294 2316 2393; x_wconf 75' lang='grc' dir='ltr'><strong><em>ἐκόμιζεν</em></strong></span> <span class='ocrx_word' id='word_1_82' title='bbox 2360 2292 2780 2389; x_wconf 66' lang='grc' dir='ltr'><strong>Ἀθήναζε.</strong></span> <span class='ocrx_word' id='word_1_83' title='bbox 2863 2304 3052 2393; x_wconf 73' lang='grc' dir='ltr'><strong><em>Κρι·</em></strong></span> <span class='ocrx_word' id='word_1_84' title='bbox 3145 2282 3152 2289; x_wconf 48' lang='grc'><strong>’</strong></span> 
     </span>
     <span class='ocr_line' id='line_1_15' title="bbox 282 2412 3052 2527; baseline -0.001 -28"><span class='ocrx_word' id='word_1_85' title='bbox 282 2421 432 2512; x_wconf 52' lang='lat'><strong><em>3025-</em></strong></span> <span class='ocrx_word' id='word_1_86' title='bbox 466 2418 621 2501; x_wconf 80' lang='grc' dir='ltr'><strong>οὖν</strong></span> <span class='ocrx_word' id='word_1_87' title='bbox 654 2434 815 2510; x_wconf 78' lang='grc' dir='ltr'><strong><em>τοῖς</em></strong></span> <span class='ocrx_word' id='word_1_88' title='bbox 850 2432 1182 2523; x_wconf 82' lang='grc' dir='ltr'><strong><em>φορμοῖς</em></strong></span> <span class='ocrx_word' id='word_1_89' title='bbox 1218 2418 1581 2520; x_wconf 73' lang='grc' dir='ltr'><strong><em>ἐμβαλῶν</em></strong></span> <span class='ocrx_word' id='word_1_90' title='bbox 1602 2478 1625 2511; x_wconf 91' lang='grc'><strong><em>,</em></strong></span> <span class='ocrx_word' id='word_1_91' title='bbox 1684 2412 1788 2507; x_wconf 66' lang='grc' dir='ltr'><strong>εἷς</strong></span> <span class='ocrx_word' id='word_1_92' title='bbox 1840 2412 2039 2519; x_wconf 70' lang='grc' dir='ltr'><strong>ΰπέρ</strong></span> <span class='ocrx_word' id='word_1_93' title='bbox 2077 2422 2387 2521; x_wconf 74' lang='grc' dir='ltr'><strong><em>κριθῶν</em></strong></span> <span class='ocrx_word' id='word_1_94' title='bbox 2423 2419 2702 2527; x_wconf 69' lang='grc' dir='ltr'><strong><em>ὀλίγον</em></strong></span> <span class='ocrx_word' id='word_1_95' title='bbox 2737 2426 3052 2522; x_wconf 66' lang='lat' dir='ltr'><strong>elonqu—</strong></span> 
     </span>
     <span class='ocr_line' id='line_1_16' title="bbox 269 2538 3052 2649; baseline -0 -24"><span class='ocrx_word' id='word_1_96' title='bbox 269 2548 762 2649; x_wconf 74' lang='grc' dir='ltr'><strong><em>χθησόμενος</em></strong></span> <span class='ocrx_word' id='word_1_97' title='bbox 802 2554 1051 2636; x_wconf 73' lang='grc' dir='ltr'><strong><em>τέλος,</em></strong></span> <span class='ocrx_word' id='word_1_98' title='bbox 1116 2544 1447 2643; x_wconf 75' lang='grc' dir='ltr'><strong>ἐκόμιζε.</strong></span> <span class='ocrx_word' id='word_1_99' title='bbox 1531 2544 1692 2623; x_wconf 82' lang='grc' dir='ltr'><strong>Τοῦ</strong></span> <span class='ocrx_word' id='word_1_100' title='bbox 1754 2543 1823 2621; x_wconf 81' lang='grc' dir='ltr'><strong>δ’</strong></span> <span class='ocrx_word' id='word_1_101' title='bbox 1873 2538 2074 2623; x_wconf 74' lang='grc' dir='ltr'><strong><em>ὄνου</em></strong></span> <span class='ocrx_word' id='word_1_102' title='bbox 2131 2544 2496 2635; x_wconf 73' lang='grc' dir='ltr'><strong><em>πεσόντος</em></strong></span> <span class='ocrx_word' id='word_1_103' title='bbox 2519 2603 2540 2636; x_wconf 88' lang='grc'><strong><em>,</em></strong></span> <span class='ocrx_word' id='word_1_104' title='bbox 2600 2550 2672 2623; x_wconf 73' lang='grc' dir='ltr'><strong>οἱ</strong></span> <span class='ocrx_word' id='word_1_105' title='bbox 2727 2548 3052 2625; x_wconf 75' lang='grc' dir='ltr'><strong><em>τελῶναι</em></strong></span> 
     </span>
     <span class='ocr_line' id='line_1_17' title="bbox 275 2666 3050 2779; baseline 0 -30"><span class='ocrx_word' id='word_1_106' title='bbox 275 2674 663 2772; x_wconf 77' lang='grc' dir='ltr'><strong><em>βοηθῆσαι</em></strong></span> <span class='ocrx_word' id='word_1_107' title='bbox 716 2670 1181 2773; x_wconf 74' lang='grc' dir='ltr'><strong><em>βουλόμενοι</em></strong></span> <span class='ocrx_word' id='word_1_108' title='bbox 1205 2728 1227 2760; x_wconf 89' lang='grc'><strong><em>,</em></strong></span> <span class='ocrx_word' id='word_1_109' title='bbox 1286 2672 1594 2779; x_wconf 61' lang='grc' dir='ltr'><strong><em>ἔμαθον</em></strong></span> <span class='ocrx_word' id='word_1_110' title='bbox 1650 2666 1772 2747; x_wconf 81' lang='grc' dir='ltr'><strong><em>ὅτι</em></strong></span> <span class='ocrx_word' id='word_1_111' title='bbox 1816 2676 1992 2771; x_wconf 76' lang='grc' dir='ltr'><strong><em>μέλι</em></strong></span> <span class='ocrx_word' id='word_1_112' title='bbox 2051 2678 2208 2749; x_wconf 71' lang='grc' dir='ltr'><strong><em>ἐστὶ</em></strong></span> <span class='ocrx_word' id='word_1_113' title='bbox 2233 2729 2255 2762; x_wconf 87' lang='grc'><strong><em>,</em></strong></span> <span class='ocrx_word' id='word_1_114' title='bbox 2309 2678 2452 2747; x_wconf 84' lang='grc' dir='ltr'><strong>καὶ</strong></span> <span class='ocrx_word' id='word_1_115' title='bbox 2509 2669 3050 2777; x_wconf 74' lang='grc' dir='ltr'><strong><em>ἀπηνέγκαντο</em></strong></span> 
     </span>
     <span class='ocr_line' id='line_1_18' title="bbox 280 2792 3049 2901; baseline 0.001 -28"><span class='ocrx_word' id='word_1_116' title='bbox 280 2796 477 2877; x_wconf 78' lang='grc' dir='ltr'><strong><em>αὐτὸ</em></strong></span> <span class='ocrx_word' id='word_1_117' title='bbox 532 2792 639 2887; x_wconf 69' lang='grc' dir='ltr'><strong>οἷς</strong></span> <span class='ocrx_word' id='word_1_118' title='bbox 692 2797 1189 2891; x_wconf 71' lang='grc' dir='ltr'><strong><em>ἀτελώνητον.</em></strong></span> <span class='ocrx_word' id='word_1_119' title='bbox 1292 2799 1653 2893; x_wconf 85' lang='lat' dir='ltr'><strong>(Aliud</strong></span> <span class='ocrx_word' id='word_1_120' title='bbox 1720 2800 2048 2877; x_wconf 89' lang='lat' dir='ltr'><strong>Leuco</strong></span> <span class='ocrx_word' id='word_1_121' title='bbox 2121 2801 2700 2901; x_wconf 86' lang='lat' dir='ltr'><strong>praedicat,</strong></span> <span class='ocrx_word' id='word_1_122' title='bbox 2775 2800 3049 2877; x_wconf 84' lang='lat' dir='ltr'><strong>aliud</strong></span> 
     </span>
     <span class='ocr_line' id='line_1_19' title="bbox 280 2926 3055 3027; baseline -0.001 -21"><span class='ocrx_word' id='word_1_123' title='bbox 280 2929 768 3008; x_wconf 81' lang='lat' dir='ltr'><strong>Leuconis</strong></span> <span class='ocrx_word' id='word_1_124' title='bbox 824 2931 1165 3006; x_wconf 85' lang='lat' dir='ltr'><strong>asinus</strong></span> <span class='ocrx_word' id='word_1_125' title='bbox 1220 2926 1631 3027; x_wconf 81' lang='lat' dir='ltr'><strong>bajulat.</strong></span> <span class='ocrx_word' id='word_1_126' title='bbox 1704 2927 2001 3004; x_wconf 83' lang='lat' dir='ltr'><strong>Dicitur</strong></span> <span class='ocrx_word' id='word_1_127' title='bbox 2057 2926 2146 3002; x_wconf 91' lang='lat' dir='ltr'><strong>de</strong></span> <span class='ocrx_word' id='word_1_128' title='bbox 2201 2929 2293 3003; x_wconf 87' lang='lat' dir='ltr'><strong>iis</strong></span> <span class='ocrx_word' id='word_1_129' title='bbox 2348 2928 2473 3027; x_wconf 92' lang='lat' dir='ltr'><strong>qui</strong></span> <span class='ocrx_word' id='word_1_130' title='bbox 2533 2927 2736 3004; x_wconf 87' lang='lat' dir='ltr'><strong>aliud</strong></span> <span class='ocrx_word' id='word_1_131' title='bbox 2773 2926 3055 3002; x_wconf 83' lang='lat' dir='ltr'><strong>faciunt</strong></span> 
     </span>
     <span class='ocr_line' id='line_1_20' title="bbox 282 3050 3049 3154; baseline -0.001 -26"><span class='ocrx_word' id='word_1_132' title='bbox 282 3067 355 3130; x_wconf 88' lang='lat' dir='ltr'><strong>et</strong></span> <span class='ocrx_word' id='word_1_133' title='bbox 389 3055 592 3132; x_wconf 84' lang='lat' dir='ltr'><strong>aliud</strong></span> <span class='ocrx_word' id='word_1_134' title='bbox 630 3055 904 3130; x_wconf 88' lang='lat' dir='ltr'><strong>dicunt.</strong></span> <span class='ocrx_word' id='word_1_135' title='bbox 983 3052 1233 3129; x_wconf 89' lang='lat' dir='ltr'><strong>Leuco</strong></span> <span class='ocrx_word' id='word_1_136' title='bbox 1290 3053 1489 3128; x_wconf 91' lang='lat' dir='ltr'><strong>enim</strong></span> <span class='ocrx_word' id='word_1_137' title='bbox 1544 3053 1845 3152; x_wconf 85' lang='lat' dir='ltr'><strong>quidam</strong></span> <span class='ocrx_word' id='word_1_138' title='bbox 1891 3054 2228 3152; x_wconf 85' lang='lat' dir='ltr'><strong>agricola</strong></span> <span class='ocrx_word' id='word_1_139' title='bbox 2259 3053 2554 3154; x_wconf 83' lang='lat' dir='ltr'><strong>injectis</strong></span> <span class='ocrx_word' id='word_1_140' title='bbox 2591 3050 2830 3130; x_wconf 82' lang='lat' dir='ltr'><strong>mellis</strong></span> <span class='ocrx_word' id='word_1_141' title='bbox 2869 3052 3049 3127; x_wconf 87' lang='lat' dir='ltr'><strong>utri-</strong></span> 
     </span>
     <span class='ocr_line' id='line_1_21' title="bbox 281 3177 3054 3280; baseline -0.001 -25"><span class='ocrx_word' id='word_1_142' title='bbox 281 3179 419 3256; x_wconf 85' lang='lat' dir='ltr'><strong>bus</strong></span> <span class='ocrx_word' id='word_1_143' title='bbox 474 3180 553 3256; x_wconf 88' lang='lat' dir='ltr'><strong>in</strong></span> <span class='ocrx_word' id='word_1_144' title='bbox 604 3181 868 3258; x_wconf 83' lang='lat' dir='ltr'><strong>corbes</strong></span> <span class='ocrx_word' id='word_1_145' title='bbox 890 3236 907 3269; x_wconf 84' lang='lat'><em>‚</em></span> <span class='ocrx_word' id='word_1_146' title='bbox 966 3178 1301 3256; x_wconf 80' lang='lat' dir='ltr'><strong>Athenas</strong></span> <span class='ocrx_word' id='word_1_147' title='bbox 1353 3177 1723 3279; x_wconf 86' lang='lat' dir='ltr'><strong>portabat.</strong></span> <span class='ocrx_word' id='word_1_148' title='bbox 1806 3177 2179 3255; x_wconf 80' lang='lat' dir='ltr'><strong>Corbibus</strong></span> <span class='ocrx_word' id='word_1_149' title='bbox 2251 3190 2499 3254; x_wconf 86' lang='lat' dir='ltr'><strong>autem</strong></span> <span class='ocrx_word' id='word_1_150' title='bbox 2573 3177 3054 3280; x_wconf 82' lang='lat' dir='ltr'><strong>superposuit</strong></span> 
     </span>
     <span class='ocr_line' id='line_1_22' title="bbox 282 3301 3052 3408; baseline 0 -30"><span class='ocrx_word' id='word_1_151' title='bbox 282 3303 675 3400; x_wconf 84' lang='lat' dir='ltr'><strong>hordeum,</strong></span> <span class='ocrx_word' id='word_1_152' title='bbox 734 3317 1108 3404; x_wconf 76' lang='lat' dir='ltr'><strong>tamquam</strong></span> <span class='ocrx_word' id='word_1_153' title='bbox 1144 3303 1520 3380; x_wconf 75' lang='lat' dir='ltr'><strong>modicum</strong></span> <span class='ocrx_word' id='word_1_154' title='bbox 1556 3304 1880 3402; x_wconf 80' lang='lat' dir='ltr'><strong>vectigal</strong></span> <span class='ocrx_word' id='word_1_155' title='bbox 1933 3305 2314 3382; x_wconf 82' lang='lat' dir='ltr'><strong>soluturus</strong></span> <span class='ocrx_word' id='word_1_156' title='bbox 2349 3333 2488 3408; x_wconf 87' lang='lat' dir='ltr'><strong>pro</strong></span> <span class='ocrx_word' id='word_1_157' title='bbox 2523 3303 2826 3382; x_wconf 89' lang='lat' dir='ltr'><strong>hordeo.</strong></span> <span class='ocrx_word' id='word_1_158' title='bbox 2899 3301 3052 3379; x_wconf 78' lang='lat' dir='ltr'><strong>Sed</strong></span> 
     </span>
     <span class='ocr_line' id='line_1_23' title="bbox 282 3427 3049 3531; baseline 0 -29"><span class='ocrx_word' id='word_1_159' title='bbox 282 3429 593 3508; x_wconf 85' lang='lat' dir='ltr'><strong>cadente</strong></span> <span class='ocrx_word' id='word_1_160' title='bbox 632 3432 843 3508; x_wconf 84' lang='lat' dir='ltr'><strong>asino</strong></span> <span class='ocrx_word' id='word_1_161' title='bbox 864 3489 881 3524; x_wconf 93' lang='lat'><strong>,</strong></span> <span class='ocrx_word' id='word_1_162' title='bbox 940 3455 1173 3529; x_wconf 91' lang='lat' dir='ltr'><strong>quum</strong></span> <span class='ocrx_word' id='word_1_163' title='bbox 1222 3427 1601 3531; x_wconf 85' lang='lat' dir='ltr'><strong>publicani</strong></span> <span class='ocrx_word' id='word_1_164' title='bbox 1640 3456 1861 3529; x_wconf 85' lang='lat' dir='ltr'><strong>opem</strong></span> <span class='ocrx_word' id='word_1_165' title='bbox 1899 3441 2278 3530; x_wconf 84' lang='lat' dir='ltr'><strong>praestare</strong></span> <span class='ocrx_word' id='word_1_166' title='bbox 2326 3429 2642 3523; x_wconf 85' lang='lat' dir='ltr'><strong>vellent,</strong></span> <span class='ocrx_word' id='word_1_167' title='bbox 2699 3427 3049 3506; x_wconf 74' lang='lat' dir='ltr'><strong>viderunt</strong></span> 
     </span>
     <span class='ocr_line' id='line_1_24' title="bbox 282 3552 3052 3654; baseline -0.001 -24"><span class='ocrx_word' id='word_1_168' title='bbox 282 3555 424 3631; x_wconf 87' lang='lat' dir='ltr'><strong>mel</strong></span> <span class='ocrx_word' id='word_1_169' title='bbox 463 3581 665 3650; x_wconf 85' lang='lat' dir='ltr'><strong>esse,</strong></span> <span class='ocrx_word' id='word_1_170' title='bbox 724 3566 799 3630; x_wconf 83' lang='lat' dir='ltr'><strong>et</strong></span> <span class='ocrx_word' id='word_1_171' title='bbox 834 3557 1341 3630; x_wconf 81' lang='lat' dir='ltr'><strong>confiscarunt</strong></span> <span class='ocrx_word' id='word_1_172' title='bbox 1375 3552 1595 3650; x_wconf 90' lang='lat' dir='ltr'><strong>illud,</strong></span> <span class='ocrx_word' id='word_1_173' title='bbox 1655 3554 1856 3654; x_wconf 90' lang='lat' dir='ltr'><strong>quod</strong></span> <span class='ocrx_word' id='word_1_174' title='bbox 1913 3553 2006 3630; x_wconf 91' lang='lat' dir='ltr'><strong>de</strong></span> <span class='ocrx_word' id='word_1_175' title='bbox 2061 3555 2192 3631; x_wconf 92' lang='lat' dir='ltr'><strong>illo</strong></span> <span class='ocrx_word' id='word_1_176' title='bbox 2249 3579 2398 3630; x_wconf 87' lang='lat' dir='ltr'><strong>non</strong></span> <span class='ocrx_word' id='word_1_177' title='bbox 2455 3554 2678 3631; x_wconf 85' lang='lat' dir='ltr'><strong>fuerit</strong></span> <span class='ocrx_word' id='word_1_178' title='bbox 2725 3555 3052 3630; x_wconf 83' lang='lat' dir='ltr'><strong>solutum</strong></span> 
     </span>
    </p>
   </div>
   <div class='ocr_carea' id='block_1_7' title="bbox 282 3680 1875 3867">
    <p class='ocr_par' dir='ltr' id='par_1_9' title="bbox 282 3680 1875 3867">
     <span class='ocr_line' id='line_1_25' title="bbox 282 3680 669 3779; baseline 0.005 -25"><span class='ocrx_word' id='word_1_179' title='bbox 282 3680 669 3779; x_wconf 81' lang='lat' dir='ltr'><strong>vectigal.)</strong></span> 
     </span>
     <span class='ocr_line' id='line_1_26' title="bbox 1394 3780 1875 3867; baseline 0.006 -2"><span class='ocrx_word' id='word_1_180' title='bbox 1394 3805 1401 3814; x_wconf 86' lang='lat'><em>·</em></span> <span class='ocrx_word' id='word_1_181' title='bbox 1454 3780 1604 3866; x_wconf 73' lang='lat' dir='ltr'><strong>Ad</strong></span> <span class='ocrx_word' id='word_1_182' title='bbox 1640 3784 1875 3867; x_wconf 82' lang='grc'><strong>880.</strong></span> 
     </span>
    </p>
   </div>
   <div class='ocr_carea' id='block_1_8' title="bbox 280 3946 3049 4424">
    <p class='ocr_par' dir='ltr' id='par_1_10' title="bbox 280 3946 3049 4424">
     <span class='ocr_line' id='line_1_27' title="bbox 498 3946 3049 4050; baseline 0 -24"><span class='ocrx_word' id='word_1_183' title='bbox 498 3947 718 4049; x_wconf 85' lang='lat' dir='ltr'><strong>Apud</strong></span> <span class='ocrx_word' id='word_1_184' title='bbox 774 3946 1159 4050; x_wconf 79' lang='lat' dir='ltr'><strong>Sybaritas</strong></span> <span class='ocrx_word' id='word_1_185' title='bbox 1216 3947 1385 4046; x_wconf 85' lang='lat' dir='ltr'><strong>lege</strong></span> <span class='ocrx_word' id='word_1_186' title='bbox 1444 3959 1743 4024; x_wconf 90' lang='lat' dir='ltr'><strong>cautum</strong></span> <span class='ocrx_word' id='word_1_187' title='bbox 1798 3961 1994 4042; x_wconf 75' lang='lat' dir='ltr'><strong>erat,</strong></span> <span class='ocrx_word' id='word_1_188' title='bbox 2063 3973 2157 4024; x_wconf 91' lang='lat' dir='ltr'><strong>ne</strong></span> <span class='ocrx_word' id='word_1_189' title='bbox 2216 3949 2578 4026; x_wconf 86' lang='lat' dir='ltr'><strong>tributum</strong></span> <span class='ocrx_word' id='word_1_190' title='bbox 2633 3949 3049 4050; x_wconf 82' lang='lat' dir='ltr'><strong>penderent</strong></span> 
     </span>
     <span class='ocr_line' id='line_1_28' title="bbox 282 4073 3046 4175; baseline 0.001 -27"><span class='ocrx_word' id='word_1_191' title='bbox 282 4075 403 4173; x_wconf 87' lang='lat' dir='ltr'><strong>qui</strong></span> <span class='ocrx_word' id='word_1_192' title='bbox 440 4073 811 4174; x_wconf 81' lang='lat' dir='ltr'><strong>anguillas</strong></span> <span class='ocrx_word' id='word_1_193' title='bbox 850 4075 974 4150; x_wconf 83' lang='lat' dir='ltr'><strong>vel</strong></span> <span class='ocrx_word' id='word_1_194' title='bbox 1012 4073 1425 4150; x_wconf 80' lang='lat' dir='ltr'><strong>venderent</strong></span> <span class='ocrx_word' id='word_1_195' title='bbox 1462 4074 1581 4148; x_wconf 86' lang='lat' dir='ltr'><strong>vel</strong></span> <span class='ocrx_word' id='word_1_196' title='bbox 1629 4073 2115 4174; x_wconf 84' lang='lat' dir='ltr'><strong>piscarentur.</strong></span> <span class='ocrx_word' id='word_1_197' title='bbox 2194 4074 2626 4173; x_wconf 78' lang='lat' dir='ltr'><strong>Par-iterque</strong></span> <span class='ocrx_word' id='word_1_198' title='bbox 2651 4134 2670 4169; x_wconf 95' lang='lat'><strong>,</strong></span> <span class='ocrx_word' id='word_1_199' title='bbox 2728 4075 2853 4175; x_wconf 90' lang='lat' dir='ltr'><strong>qui</strong></span> <span class='ocrx_word' id='word_1_200' title='bbox 2893 4099 3046 4150; x_wconf 87' lang='lat' dir='ltr'><strong>ma·-</strong></span> 
     </span>
     <span class='ocr_line' id='line_1_29' title="bbox 280 4199 3048 4301; baseline 0 -27"><span class='ocrx_word' id='word_1_201' title='bbox 280 4201 441 4276; x_wconf 86' lang='lat' dir='ltr'><strong>rina</strong></span> <span class='ocrx_word' id='word_1_202' title='bbox 498 4221 827 4300; x_wconf 80' lang='lat' dir='ltr'><strong>purpura</strong></span> <span class='ocrx_word' id='word_1_203' title='bbox 882 4210 1126 4276; x_wconf 83' lang='lat' dir='ltr'><strong>vestes</strong></span> <span class='ocrx_word' id='word_1_204' title='bbox 1184 4199 1619 4298; x_wconf 86' lang='lat' dir='ltr'><strong>tingebant,</strong></span> <span class='ocrx_word' id='word_1_205' title='bbox 1679 4209 1807 4276; x_wconf 87' lang='lat' dir='ltr'><strong>aut</strong></span> <span class='ocrx_word' id='word_1_206' title='bbox 1862 4223 2267 4301; x_wconf 76' lang='lat' dir='ltr'><strong>purpuram</strong></span> <span class='ocrx_word' id='word_1_207' title='bbox 2315 4199 2858 4301; x_wconf 85' lang='lat' dir='ltr'><strong>importabant,</strong></span> <span class='ocrx_word' id='word_1_208' title='bbox 2921 4225 3048 4274; x_wconf 89' lang='lat' dir='ltr'><strong>eos</strong></span> 
     </span>
     <span class='ocr_line' id='line_1_30' title="bbox 280 4323 3046 4424; baseline 0.001 -29"><span class='ocrx_word' id='word_1_209' title='bbox 280 4323 638 4400; x_wconf 86' lang='lat' dir='ltr'><strong>immunes</strong></span> <span class='ocrx_word' id='word_1_210' title='bbox 678 4350 723 4398; x_wconf 88' lang='lat' dir='ltr'><strong>a</strong></span> <span class='ocrx_word' id='word_1_211' title='bbox 761 4326 1253 4424; x_wconf 87' lang='lat' dir='ltr'><strong>vectigalibus</strong></span> <span class='ocrx_word' id='word_1_212' title='bbox 1292 4350 1454 4401; x_wconf 90' lang='lat' dir='ltr'><strong>esse</strong></span> <span class='ocrx_word' id='word_1_213' title='bbox 1496 4325 1918 4401; x_wconf 88' lang='lat' dir='ltr'><strong>voluerunt.</strong></span> <span class='ocrx_word' id='word_1_214' title='bbox 1959 4323 2318 4417; x_wconf 85' lang='lat' dir='ltr'><strong>(Athen</strong></span> <span class='ocrx_word' id='word_1_215' title='bbox 2343 4350 2448 4400; x_wconf 88' lang='lat' dir='ltr'><strong>ae</strong></span> <span class='ocrx_word' id='word_1_216' title='bbox 2472 4351 2518 4400; x_wconf 93' lang='lat' dir='ltr'><strong>u</strong></span> <span class='ocrx_word' id='word_1_217' title='bbox 2541 4353 2574 4400; x_wconf 88' lang='lat' dir='ltr'><strong>s</strong></span> <span class='ocrx_word' id='word_1_218' title='bbox 2610 4326 2783 4419; x_wconf 90' lang='lat' dir='ltr'><strong>XII,</strong></span> <span class='ocrx_word' id='word_1_219' title='bbox 2827 4325 3046 4415; x_wconf 75' lang='lat'><strong>521.)</strong></span> 
     </span>
    </p>
   </div>
   <div class='ocr_carea' id='block_1_9' title="bbox 1448 4535 1874 4622">
    <p class='ocr_par' dir='ltr' id='par_1_11' title="bbox 1448 4535 1874 4622">
     <span class='ocr_line' id='line_1_31' title="bbox 1448 4535 1874 4622; baseline 0.009 -4"><span class='ocrx_word' id='word_1_220' title='bbox 1448 4535 1603 4618; x_wconf 69' lang='lat' dir='ltr'><strong>Aa</strong></span> <span class='ocrx_word' id='word_1_221' title='bbox 1644 4538 1874 4622; x_wconf 76' lang='grc'><strong>888.</strong></span> 
     </span>
    </p>
   </div>
   <div class='ocr_carea' id='block_1_10' title="bbox 281 4699 3045 5282">
    <p class='ocr_par' dir='ltr' id='par_1_12' title="bbox 281 4699 3045 5282">
     <span class='ocr_line' id='line_1_32' title="bbox 490 4699 3044 4803; baseline -0.002 -25"><span class='ocrx_word' id='word_1_222' title='bbox 490 4699 842 4780; x_wconf 74' lang='lat' dir='ltr'><strong>Nondum</strong></span> <span class='ocrx_word' id='word_1_223' title='bbox 881 4703 1061 4780; x_wconf 86' lang='lat' dir='ltr'><strong>satis</strong></span> <span class='ocrx_word' id='word_1_224' title='bbox 1098 4714 1427 4790; x_wconf 82' lang='lat' dir='ltr'><strong>constat,</strong></span> <span class='ocrx_word' id='word_1_225' title='bbox 1466 4703 1643 4803; x_wconf 89' lang='lat' dir='ltr'><strong>quid</strong></span> <span class='ocrx_word' id='word_1_226' title='bbox 1682 4703 1956 4780; x_wconf 89' lang='lat' dir='ltr'><strong>fuerint</strong></span> <span class='ocrx_word' id='word_1_227' title='bbox 1992 4700 2146 4803; x_wconf 91' lang='lat' dir='ltr'><strong>adj</strong></span> <span class='ocrx_word' id='word_1_228' title='bbox 2171 4728 2212 4778; x_wconf 90' lang='lat' dir='ltr'><strong>e</strong></span> <span class='ocrx_word' id='word_1_229' title='bbox 2234 4703 2434 4777; x_wconf 87' lang='lat' dir='ltr'><strong>ctio</strong></span> <span class='ocrx_word' id='word_1_230' title='bbox 2456 4728 2506 4779; x_wconf 88' lang='lat' dir='ltr'><strong>n</strong></span> <span class='ocrx_word' id='word_1_231' title='bbox 2527 4727 2568 4777; x_wconf 91' lang='lat' dir='ltr'><strong>e</strong></span> <span class='ocrx_word' id='word_1_232' title='bbox 2591 4729 2625 4779; x_wconf 87' lang='lat' dir='ltr'><strong>s</strong></span> <span class='ocrx_word' id='word_1_233' title='bbox 2665 4709 3044 4800; x_wconf 80' lang='grc' dir='ltr'><strong><em>(προςκα-</em></strong></span> 
     </span>
     <span class='ocr_line' id='line_1_33' title="bbox 282 4821 3044 4931; baseline -0.001 -31"><span class='ocrx_word' id='word_1_234' title='bbox 282 4823 789 4926; x_wconf 81' lang='grc' dir='ltr'><strong>ταβλὴματα).</strong></span> <span class='ocrx_word' id='word_1_235' title='bbox 876 4829 983 4905; x_wconf 92' lang='lat' dir='ltr'><strong>Pl</strong></span> <span class='ocrx_word' id='word_1_236' title='bbox 1006 4842 1099 4906; x_wconf 87' lang='lat' dir='ltr'><strong>at</strong></span> <span class='ocrx_word' id='word_1_237' title='bbox 1119 4857 1168 4905; x_wconf 93' lang='lat' dir='ltr'><strong>n</strong></span> <span class='ocrx_word' id='word_1_238' title='bbox 1192 4855 1231 4905; x_wconf 92' lang='grc'><strong>8</strong></span> <span class='ocrx_word' id='word_1_239' title='bbox 1250 4854 1355 4904; x_wconf 92' lang='lat' dir='ltr'><strong>ro</strong></span> <span class='ocrx_word' id='word_1_240' title='bbox 1392 4821 1707 4906; x_wconf 56' lang='lat' dir='ltr'><strong>&#39;videtur</strong></span> <span class='ocrx_word' id='word_1_241' title='bbox 1764 4830 2122 4922; x_wconf 80' lang='lat' dir='ltr'><strong>(Process</strong></span> <span class='ocrx_word' id='word_1_242' title='bbox 2178 4833 2234 4904; x_wconf 86' lang='lat'><strong>1.</strong></span> <span class='ocrx_word' id='word_1_243' title='bbox 2293 4857 2366 4930; x_wconf 88' lang='lat' dir='ltr'><strong>p.</strong></span> <span class='ocrx_word' id='word_1_244' title='bbox 2408 4829 2552 4921; x_wconf 81' lang='lat'><strong>40)</strong></span> <span class='ocrx_word' id='word_1_245' title='bbox 2611 4824 3044 4931; x_wconf 82' lang='grc' dir='ltr'><strong><em>προςκατά-</em></strong></span> 
     </span>
     <span class='ocr_line' id='line_1_34' title="bbox 281 4943 3045 5052; baseline 0.001 -28"><span class='ocrx_word' id='word_1_246' title='bbox 281 4953 533 5050; x_wconf 85' lang='grc' dir='ltr'><strong><em>βλημα</em></strong></span> <span class='ocrx_word' id='word_1_247' title='bbox 584 4953 810 5032; x_wconf 83' lang='lat' dir='ltr'><strong>fuisse</strong></span> <span class='ocrx_word' id='word_1_248' title='bbox 872 4954 1361 5030; x_wconf 85' lang='lat' dir='ltr'><strong>tributum</strong></span> <span class='ocrx_word' id='word_1_249' title='bbox 1436 4979 1482 5030; x_wconf 89' lang='lat' dir='ltr'><strong>a</strong></span> <span class='ocrx_word' id='word_1_250' title='bbox 1555 4955 1823 5030; x_wconf 90' lang='lat' dir='ltr'><strong>civib</strong></span> <span class='ocrx_word' id='word_1_251' title='bbox 1850 4943 1958 5030; x_wconf 81' lang='lat' dir='ltr'><strong>us</strong></span> <span class='ocrx_word' id='word_1_252' title='bbox 2031 4955 2617 5030; x_wconf 83' lang='lat' dir='ltr'><strong>solvendum</strong></span> <span class='ocrx_word' id='word_1_253' title='bbox 2693 4963 3045 5052; x_wconf 86' lang='lat' dir='ltr'><strong>tanquam</strong></span> 
     </span>
     <span class='ocr_line' id='line_1_35' title="bbox 285 5075 3043 5180; baseline -0.001 -24"><span class='ocrx_word' id='word_1_254' title='bbox 285 5079 863 5157; x_wconf 83' lang='lat' dir='ltr'><strong>additamentum</strong></span> <span class='ocrx_word' id='word_1_255' title='bbox 902 5080 1157 5180; x_wconf 88' lang='lat' dir='ltr'><strong>pretii,</strong></span> <span class='ocrx_word' id='word_1_256' title='bbox 1218 5079 1417 5179; x_wconf 91' lang='lat' dir='ltr'><strong>quod</strong></span> <span class='ocrx_word' id='word_1_257' title='bbox 1475 5078 1983 5180; x_wconf 85' lang='lat' dir='ltr'><strong>redemptores</strong></span> <span class='ocrx_word' id='word_1_258' title='bbox 2041 5079 2518 5180; x_wconf 87' lang='lat' dir='ltr'><strong>vectigalium</strong></span> <span class='ocrx_word' id='word_1_259' title='bbox 2576 5079 2858 5156; x_wconf 83' lang='lat' dir='ltr'><strong>aerario</strong></span> <span class='ocrx_word' id='word_1_260' title='bbox 2897 5075 3043 5154; x_wconf 92' lang='lat' dir='ltr'><strong>sol-</strong></span> 
     </span>
     <span class='ocr_line' id='line_1_36' title="bbox 288 5204 883 5282; baseline 0.003 -4"><span class='ocrx_word' id='word_1_261' title='bbox 288 5229 453 5282; x_wconf 87' lang='lat' dir='ltr'><strong>vere</strong></span> <span class='ocrx_word' id='word_1_262' title='bbox 490 5204 883 5282; x_wconf 85' lang='lat' dir='ltr'><strong>debebant.</strong></span> 
     </span>
    </p>
   </div>
  </div>
 </body>
</html>
