3725 5850
531 341 688 416 456
1201 362 1820 414 commem-name
1859 362 1966 410 An
2008 359 2132 411 249.
2172 360 2299 414 253.
2340 359 2465 414 256.
2508 361 2632 415 261.

535 566 746 634 erant
783 555 1088 655 quidam
1125 556 1206 632 in
1243 553 1598 650 Piraeeo,
1659 555 1784 654 qui
1843 553 2357 656 magistratum
2410 567 2807 655 gesserunt
2862 556 3001 632 sub
3058 567 3305 658 tyran-

531 680 708 758 nide
762 680 1076 778 triginta
1128 679 1471 756 virorum.
1559 677 1712 756 Sed
1770 678 1994 756 etiam
2048 677 2499 758 mandarunt
2552 681 2681 776 iis,
2736 683 3063 760 rationes
3120 684 3307 780 gesti

529 806 1006 905 magistratus
1063 804 1260 881 dare.
1356 806 1471 882 Ne
1528 805 1959 903 ignoremus
2015 816 2307 900 autem,
2366 807 2565 908 quod
2624 809 2747 885 alii
2805 808 2954 887 sint
3009 808 3305 905 decem,

533 956 720 1034 quos
757 927 1254 1010 Athenienses
1289 930 1526 1033 pulsis
1567 930 1881 1032 triginta
1916 931 2099 1008 viris
2134 933 2589 1032 elegerunt.)

1722 1144 1875 1228 Ad
1926 1146 2156 1230 240.

748 1309 1190 1390 Aristoteles
1229 1311 1322 1388 de
1361 1309 1746 1388 Clisthene
1787 1311 2003 1406 dicit,
2070 1311 2269 1411 quod
2308 1311 2355 1388 d
2378 1336 2417 1387 e
2440 1338 2517 1387 m
2537 1337 2583 1388 a
2603 1339 2639 1387 r
2656 1337 2697 1386 c
2716 1313 2767 1388 h
2790 1339 2834 1388 o
2856 1341 2891 1388 s
2947 1338 2988 1387 c
3009 1341 3052 1389 ο
3074 1339 3125 1387 n
3146 1339 3181 1388 s
3205 1313 3305 1388 ti-

533 1450 628 1515 tu
649 1462 689 1515 e
711 1438 789 1513 ri
811 1447 844 1512 t
897 1437 1164 1513 eadem
1217 1437 1472 1514 munia
1527 1461 1718 1537 quae
1775 1435 1955 1514 olim
2012 1437 2351 1512 naucrari
2406 1437 2813 1532 obeuntes3
2869 1438 3145 1515 etenim
3183 1437 3303 1514 de-

533 1591 695 1642 mos
731 1587 864 1688 seu
898 1587 1142 1664 pagos
1183 1561 1740 1640 naucrariarum
1778 1561 1944 1640 loco
1986 1560 2288 1640 fecerat.
2366 1560 2459 1656 (S
2481 1561 2593 1640 ch
2616 1563 2727 1640 ol.
2784 1563 2881 1640 in
2938 1563 3158 1642 Aris
3181 1575 3303 1638 to-

534 1688 808 1792 phan.
865 1687 1074 1766 Nub
1098 1713 1216 1766 es.
1275 1687 1443 1782 37.)

751 1831 1178 1912 Secundum
1214 1832 1684 1912 Demetrium
1721 1830 2171 1908 Phalereum
2209 1830 2439 1910 Solon
2476 1833 2797 1910 instituit
2833 1831 3306 1928 demarchos,

536 1983 998 2060 magnopere
1037 1959 1388 2054 studens,
1445 1969 1529 2034 ut
1584 1958 1862 2059 pagani
1911 1957 1989 2032 in
2027 1958 2344 2055 singulis
2382 1957 2599 2059 pagis
2638 1983 2683 2034 a
2716 1984 2797 2036 se
2837 1959 3159 2036 invicem
3184 1959 3309 2060 jus

537 2084 1000 2185 acciperent,
1059 2083 1346 2185 sibique
1384 2082 1666 2160 darent.
1727 2081 2059 2178 (Ibid.)

749 2225 1051 2304 Bekker
1111 2221 1393 2304 Aneod.
1451 2252 1564 2325 gr.
1616 2228 1676 2303 I.
1735 2254 1806 2328 p.
1865 2224 2062 2301 23¹7:
2126 2219 2658 2322 Δήμαρχος
2683 2256 2706 2297 .·
2764 2216 2808 2301 ὃ
2866 2224 3007 2299 τοῦ
3067 2221 3312 2322 δήμου

537 2343 840 2450 ἄρχων·
897 2353 1216 2436 ἕκαστος
1255 2345 1334 2425 δὲ
1371 2349 1528 2423 τῶν
1563 2345 1768 2422 κατὰ
1807 2344 1952 2438 τήν
1978 2343 2253 2448 χώραν
2291 2345 2552 2447 δήμων
2589 2342 2937 2448 ἄρχοντα
2976 2346 3133 2446 εἶχε
3170 2345 3315 2424 τὸν

541 2469 1104 2577 προὶστάμενον
1161 2469 1435 2552 αὐτοῦ.
1521 2475 2032 2573 (Demarchus
2088 2487 2203 2552 est
2255 2477 2433 2578 pagi
2492 2478 2861 2581 princeps.
2958 2478 3313 2578 Singulus

535 2615 786 2684 autem
825 2629 866 2684 e
901 2603 1208 2704 regione
1245 2627 1486 2706 pagus
1525 2602 1855 2682 habebat
1902 2604 2356 2706 principem,
2416 2605 2543 2703 qui
2582 2605 2647 2684 ei
2686 2608 3093 2707 praeerat.)

1715 2814 1869 2898 Ad
1909 2815 2140 2898 2⁵3.

753 2985 1003 3065 Schol.
1047 2985 1142 3062 ad
1182 2982 1523 3063 Aeschin.
1565 2984 1943 3062 Timaroh.
1988 2984 2182 3059 119:
2242 2986 2333 3055 Π
2348 2986 2579 3057 ωλεῖ
2630 2976 2804 3057 ἀντὶ
2856 2978 2997 3055 τοῦ
3029 2984 3319 3078 μισθοῖ

541 3120 698 3197 τοῖς
753 3104 1132 3195 τελώναις.
1211 3114 1248 3205 (
1273 3111 1346 3187 V
1365 3136 1405 3187 e
1431 3138 1478 3186 n
1500 3110 1547 3185 d
1568 3110 1591 3185 i
1612 3122 1644 3186 t
1701 3109 1967 3188 dicitur
2024 3136 2164 3212 pro
2223 3137 2295 3185 m
2320 3136 2358 3189 e
2383 3138 2418 3185 r
2438 3136 2478 3185 c
2500 3136 2539 3185 e
2562 3110 2610 3187 d
2642 3137 2681 3185 e
2741 3111 2763 3188 Ι
2786 3136 2833 3187 ο
2852 3136 2895 3185 c
2916 3120 3011 3185 at
3067 3106 3309 3210 publi-

539 3239 805 3334 canis.)

1717 3355 1870 3439 Ad
1915 3357 2141 3439 2⁵0.

755 3527 936 3605 Lex.
977 3524 1285 3624 Seguer.
1325 3550 1396 3625 p.
1439 3523 1635 3598 291:
1694 3515 1895 3620 ἀρχή
1951 3549 2061 3607 τις
2108 3516 2541 3611 Ἀθήνησιν
2597 3526 2802 3595 ἐστιν
2844 3510 2885 3610 ἦ
2927 3518 3082 3593 τῶν
3126 3524 3315 3593 Πω-

541 3646 836 3743 λητῶν,
916 3648 1003 3724 οἳ
1051 3650 1188 3721 καὶ
1245 3648 1801 3745 φροντίζουσιν
1859 3638 2063 3733 ὅπως
2128 3637 2169 3735 ἦ
2230 3640 2406 3743 τιμὴ
2466 3644 2622 3720 τῶν
2677 3648 3317 3744 πιπρασκομένων

543 3771 910 3871 ἀποδοθῇ
970 3772 1060 3871 τῇ
1120 3767 1353 3849 πόλει.
1431 3774 1957 3872 (Magistratus
2014 3772 2315 3875 quidam
2356 3770 2667 3849 Athenis
2707 3783 2817 3849 est
2855 3774 3315 3873 polet-arum,

544 3907 670 4007 qui
726 3905 954 3983 etiam
1003 3928 1260 3981 curam
1315 3910 1626 4005 gerunt,
1689 3912 1769 3977 ut
1825 3899 2297 3979 venditarum
2351 3925 2595 3977 rerum
2651 3900 2972 4002 pretium
3030 3898 3311 3977 civitati

541 4030 960 4123 reddatur.)

757 4151 1212 4259 Hesychius:
1276 4134 1517 4225 Οὗτοι
1564 4148 1904 4223 πωλοῦσι
1942 4154 2083 4224 καὶ
2120 4144 2213 4223 τά
2252 4150 2867 4247 ἐνεχυρισθέντα.
2946 4152 3087 4245 (Ηὶ
3126 4176 3307 4227 ven-

546 4281 732 4358 dunt
768 4281 992 4357 etiam
1029 4280 1232 4356 bona
1268 4278 1434 4356 loco
1474 4276 1810 4379 pignoris
1849 4277 2163 4369 ablata.)

760 4403 1044 4483 Eadem
1100 4403 1359 4480 dicunt
1415 4402 1878 4504 HesychiuS,
1940 4402 2207 4481 Suidas
2247 4404 2385 4481 sub
2425 4429 2606 4481 voce
2654 4403 3141 4501 Κωλακρέται
3168 4456 3189 4490 ,
3250 4413 3325 4478 et

547 4530 825 4610 Lexica
861 4530 1325 4631 Segueriana
1360 4556 1433 4629 p.
1477 4527 1580 4603 27
1587 4532 1655 4604 5.

1728 4685 1882 4769 aa
1939 4687 2143 4769 ποι.
2210 4780 2215 4791 ,

755 4851 1188 4957 Apodectae
1223 4856 1300 4931 in
1337 4854 1584 4931 locum
1606 4854 2167 4932 Colacretarum
2206 4852 2653 4931 aGlisthene
2692 4852 3081 4953 subrogati
3120 4864 3321 4946 sunt,

543 4992 628 5060 ut
659 4991 975 5085 apparet
1025 5008 1065 5057 e
1105 4981 1720 5081 Harpocrationis
1772 4981 1852 5056 in
1908 4980 2075 5078 lege
2130 4990 2387 5057 nostra
2440 4980 2666 5057 citato
2722 4979 2928 5056 loco:
2988 4976 3063 5051 οἱ
3102 4971 3311 5051 ἄπο-

547 5104 803 5183 δέκται
857 5096 1016 5183 ὕπὸ
1071 5108 1589 5191 Κλεισθένους
1655 5099 1831 5183 ἀντὶ
1896 5102 2055 5180 τῶν
2126 5104 2639 5204 κωλακρετῶν
2719 5098 3334 5198 ἀπεδείχθησαν·
