3725 5850
673 388 832 469 uu
1345 404 1965 462 conuuuvanms
2002 404 2109 463 Au
2148 400 2274 458 988.
2314 402 2441 470 sss.
2482 402 2625 460 9³22
2644 406 2770 461 sss.

681 598 1100 677 conducere
1138 608 1526 699 poterant,
1592 595 2023 716 drachrnam
2077 606 2363 674 tamum
2422 599 2811 699 spectandi
2864 600 3115 697 gratia
3172 603 3433 699 persol-

675 724 996 803 vendam
1032 748 1192 799 esse
1228 721 1763 817 decreverunt,
1823 747 2043 822 quam
2082 736 2445 801 vocarunt
2488 720 2896 820 θεωρικὸν.

1791 874 1797 879 ’
1846 896 2003 981 Ad
2045 900 2273 982 ess.

886 1064 1110 1144 Anno
1143 1064 1368 1141 tertio
1398 1062 1578 1139 belli
1607 1062 2221 1162 peloponnesiaci
2258 1062 2885 1140 Athenienienses
2922 1063 3237 1144 devictis
3276 1066 3439 1141 Les·

667 1191 812 1267 biis
850 1213 1118 1287 agrum
1151 1214 1414 1265 eorum
1449 1188 1527 1263 in
1563 1198 1680 1263 ter
1709 1188 1917 1262 mille
1954 1200 2193 1262 sortes
2246 1188 2700 1283 diviserunt-4
2755 1200 2831 1265 et
2866 1199 3251 1265 trecentus
3288 1192 3439 1289 qui-

667 1316 838 1393 dem
877 1315 1016 1390 diis
1053 1322 1584 1391 consecrarunt
1606 1364 1630 1407 ,
1685 1312 1763 1386 in
1821 1311 2143 1411 reliquas
2182 1339 2359 1387 vero
2400 1313 2779 1415 agripetas
2818 1314 3019 1389 facta
3058 1314 3437 1391 sortitione

663 1439 1042 1517 miserunt.
1101 1435 1683 1539 (Thucydid.
1723 1436 1861 1531 ΙΙΙ,
1903 1435 2073 1529 50.)

881 1583 997 1661 Cf.
1037 1582 1176 1658 Vo
1199 1581 1486 1657 emel:
1526 1580 1618 1657 de
1655 1582 2082 1659 discrimine
2123 1580 2661 1657 vocabulorum
2678 1572 3439 1677 εκληρὸῦχοςμαποιρ

668 1736 835 1797 κος,
877 1708 1212 1791 ἔποικος.
1262 1706 1662 1802 (Francos.
1706 1706 1979 1796 1839.)
2022 1752 2120 1763 ---
2162 1706 2340 1782 Kir
2362 1732 2402 1780 c
2424 1706 2747 1782 hhoff:
2802 1704 2949 1782 Zur
2986 1706 3437 1785 Geschichtc

667 1836 798 1911 der
833 1835 1199 1910 attischen
1225 1832 1616 1908 Cleruchie
1657 1832 1796 1907 auf
1817 1832 2164 1907 Lemnos,
2208 1832 2606 1923 (Hermeffi
2631 1832 3055 1907 zeitschrift
3082 1834 3441 1909 ‘siirclas-

666 1960 906 2036 sische
947 1958 1380 2057 Philologie.
1439 1956 1692 2033 Berlin
1739 1958 1965 2031 1866.
2026 1985 2098 2059 p.
2140 1955 2359 2066 21‘7).

1844 2146 2001 2231 Ad
2042 2151 2271 2231 080.

881 2251 1188 2395 Suidas:
1236 2308 1672 2389 Ἀδύνατοι
1695 2368 1718 2401 ,
1765 2341 2094 2416 corpore
2149 2316 2471 2393 mutilati
2493 2374 2510 2409 ‚
2546 2318 2695 2417 ·qui
2732 2344 2781 2393 a
2822 2328 3087 2396 senatu
3150 2318 3437 2417 probati

667 2441 1144 2543 accipiebant
1200 2438 1530 2539 quotidie
1587 2440 1714 2517 alii
1771 2442 1956 2516 duos
2015 2440 2281 2518 obolos
2299 2496 2317 2533 ‚
2376 2442 2503 2519 alii
2561 2468 2737 2519 vero
2797 2444 3122 2522 obolum.
3202 2442 3437 2519 Philo-

667 2567 936 2647 chorus
973 2578 1222 2646 autem
1260 2564 1436 2659 dicit
1473 2590 1743 2641 novem
1782 2564 2176 2643 drachmas
2212 2568 2529 2663 singulis
2562 2568 2968 2650 mensibus.

814 2744 821 2751 -
883 2691 996 2769 Of.
1037 2689 1303 2780 Schol„
1330 2692 1408 2765 in
1447 2688 1792 2769 Aeschin.
1833 2691 2210 2769 ‘rima-ch.
2257 2692 2426 2767 103.

1843 2863 1996 2949 Ad
2044 2864 2274 2949 002.

881 3032 972 3110 In
1031 3031 1553 3133 Aristophanis
1609 3033 1918 3110 Ranis
1970 3033 2320 3126 (761.-v.
2379 3035 2575 3134 seq.)
2635 3033 2815 3110 dicit
2869 3035 3201 3113 Aeacus:
3275 3035 3435 3130 „lex

649 3157 1040 3260 ‚quaedam
1076 3157 1198 3232 hic
1235 3158 1607 3259 (nempe
1587 3184 1661 3231 m
1701 3157 1941 3249 0100)
2000 3169 2278 3234 statuta
2332 3171 2483 3252 est,
2542 3171 2625 3234 ut
2682 3186 2774 3236 ex
2829 3161 3117 3236 artibus
3153 3161 3433 3260 majori-

668 3284 808 3375 bus
849 3295 924 3358 et
959 3279 1541 3382 elegantioribus
1578 3281 1743 3375 ille,
1805 3283 1929 3402 qui
1972 3295 2082 3356 est
2118 3284 2797 3401 praestantissimus
2849 3281 2960 3386 sui
2996 3286 3297 3382 generis
3332 3313 3433 3359 ar-

669 3409 983 3500 tificum,
1043 3408 1122 3481 in
1162 3419 1523 3508 prytaneo
1563 3405 1808 3482 cibum
1872 3397 2137 3507 capiat.
2146 3405 2187 3448 “
2266 3391 2642 3484 Videntur
2678 3407 2864 3485 haec
2905 3409 2999 3484 ab
3041 3407 3433 3506 Athenien-

672 3529 912 3626 sibus,
952 3543 1034 3607 ut
1071 3531 1249 3608 dicit
1285 3531 1679 3608 scholiasta
1715 3531 1810 3607 ad
1849 3532 2049 3608 hunc
2085 3523 2371 3627 locum,
2423 3561 2499 3610 re
2539 3557 2719 3608 vera
2758 3535 3158 3610 observata
3182 3525 3434 3608 fuisse.

1844 3706 2005 3790 Ad
2041 3708 2273 3795 000.

885 3873 1140 3972 Diog
1161 3897 1292 3948 sn.
1334 3873 1522 3949 Lae
1543 3885 1650 3949 rt.
1689 3875 1747 3968 I,
1775 3878 1891 3949 55
1916 3901 1935 3948 z
1958 3874 2205 3952 -Solon
2236 3875 2687 3952 athletarum
2714 3876 3049 3976 praemia
3082 3877 3443 3973 castigata

673 4001 1184 4075 moderatione
1223 4000 1587 4074 correxit:
1645 4001 1711 4074 ei
1771 3995 2071 4100 quidem‘
2123 3999 2247 4100 qui
2276 4001 3021 4103 ‘Olympia-vicisset,
3082 4001 3437 4100 quingen-

670 4139 790 4203 tas
827 4123 1252 4214 drachmae,
1313 4125 1438 4224 qui
1479 4149 1656 4198 vero
1696 4125 2013 4202 Isthmia
2034 4185 2051 4220 ‚
2114 4127 2271 4202 dari
2326 4139 2635 4202 cent-um
2675 4127 3097 4221 constituit3
3152 4127 3441 4202 eadem-

674 4272 818 4348 qne
853 4251 1142 4326 ratione
1195 4250 1276 4324 in
1333 4249 1867 4326 certaminibus
1924 4251 2213 4327 ceteris.
2286 4251 2429 4326 Est
2460 4251 2657 4326 enim
2696 4251 3103 4326 absurdum
3138 4251 3439 4327 istorum

673 4373 996 4451 honores
1033 4397 1310 4472 augere
1336 4431 1353 4466 ‚
1395 4373 1530 4450 sed
1567 4396 1826 4455 eorum·
1861 4376 2377 4450 tantummodo
2401 4434 2419 4469 ‚
2466 4375 2595 4475 qui
2630 4375 2710 4450 in
2748 4376 2947 4451 bello
2984 4375 3441 4452 cecidissent.

887 4496 1138 4578 Sahal.
1174 4499 1254 4574 in
1280 4496 1676 4599 Aristoph.
1715 4497 1938 4579 Aves.
1966 4499 2174 4575 3691:
2212 4493 2302 4572 τὸ
2340 4493 2679 4574 παλαιὸν
2712 4493 3439 4584 τούς-λύκονςάπέ-

673 4640 988 4700 metron
1039 4625 1128 4696 ἐν
1167 4617 1266 4716 .τῇ
1311 4615 1682 4718 Ἀττικῇ,
1739 4626 1881 4699 καὶ
1940 4619 2177 4719 νόμος
2236 4615 2331 4712 ἦν
2386 4628 2946 4701 λυκοκτονεῖν·
3026 4620 3150 4701 διὸ
3206 4615 3253 4698 o‘
3300 4625 3447 4720 μὲν

673 4740 1037 4840 φονεύων
1087 4747 1373 4824 τέκνον
1429 4742 1682 4822 λύκου
1727 4743 2124 4825 τάλαντον
2178 4743 2614 4846 ἐλάμβανεν
2634 4801 2655 4838 ,
2714 4739 2759 4822 ὁ
2803 4745 2877 4824 δὲ
2934 4752 3233 4822 τέλειον
3282 4744 3439 4824 δύο.

672 4874 912 4969 (Olim
951 4873 1170 4974 lupos
1209 4873 1654 4952 occidebant
1691 4873 1770 4950 in
1807 4872 2095 4968 Attica,
2136 4887 2209 4951 et
2244 4876 2363 4964 lex
2402 4889 2563 4952 erat
2601 4886 2685 4951 ut
2706 4873 3232 4952 occiderentur
3268 4875 3437 4974 lupi.

671 4997 848 5078 Ideo
905 4999 1031 5098 qui
1083 4995 1244 5099 lupi
1300 4998 1538 5074 fetum
1593 4999 2086 5093 interimeret,
2152 4999 2509 5080 talentum
2562 5000 3022 5100 accipiebat,
3078 5001 3209 5099 qui
3260 5025 3433 5074 -vero

671 5123 886 5201 annis
921 5125 1338 5224 integrum,
1375 5123 1585 5216 duo.)
3196 5143 3205 5158 ·
