3725 5850
645 424 700 499 6
1675 436 1682 447 ·
1749 440 1877 495 ms
1912 440 2335 498 PUBLIGUM.

650 640 789 712 καί
825 631 1220 729 εὐηκοήσω
1255 657 1416 711 των
1451 627 1571 709 ἀεὶ
1607 626 2081 733 κρινόντων·
2140 635 2283 708 καὶ
2335 641 2495 723 τοῖς
2556 639 2871 734 θεσμοῖς
2919 641 3077 723 τοῖς
3114 629 3424 733 ἱδρυμέ-

650 790 812 853 νοις
867 765 1228 861 πείσομαι
1283 762 1426 836 καί
1465 750 1829 847 οὕστινας
1874 784 1981 834 αν
2015 750 2300 849 αλλους
2328 754 2420 837 τὸ
2459 758 2609 853 πλῆ
2614 766 2759 849 θος
2789 740 3283 861 ἱδρύσηται(
3224 788 3425 857 ομο-

651 885 993 991 φρόνως·
1035 891 1174 963 καὶ
1213 913 1321 963 αν
1353 917 1464 973 τις
1503 880 1788 985 ἀναιρῇ
1821 911 2003 973 τους
2045 879 2449 983 &saponis-³
2420 916 2463 977 η
2493 882 2605 985 μὴ
2644 891 3030 978 πείθηται,
3070 880 3231 963 οὐκ
3255 890 3426 967 ἐπι-

651 1020 946 1116 τρέψω,
987 1010 1264 1112 ἀμυνῶ
1299 1010 1379 1087 δὲ
1418 1015 1558 1087 καὶ
1585 1006 1834 1110 μόνος
1872 1014 2013 1087 καὶ
2047 1006 2244 1109 μετὰ
2284 1009 2598 1089 πάντων
2620 1039 2635 1055 ·
2676 1016 2818 1087 καὶ
2852 1008 3015 1113 ἱεροὶ
3035 1007 3129 1088 τοὶ
3150 1007 3425 1111 πάτρια

652 1136 956 1239 τιμήσω.
1018 1134 1350 1239 Ἵστορες
1427 1141 1605 1215 θεοὶ
1677 1133 1987 1218 τούτων
2014 1192 2042 1227 ,
2094 1130 2539 1242 ῩΑγλᾳυρος
2558 1196 2581 1229 ,
2638 1134 3045 1227 Ἐνυάλιος
3064 1190 3087 1229 ,
3142 1131 3383 1237 *Aeas
3404 1192 3424 1227 ,

653 1263 885 1374 Zeus}
933 1262 1200 1349 Θαλλώ
1226 1324 1249 1357 ,
1291 1260 1524 1358 Αὐξώ
1545 1320 1569 1355 ,
1595 1255 2018 1368 ςΗγεμόνη.
2236 1267 2605 1370 (Lycurg.
2638 1294 2703 1347 c.
2743 1268 3086 1351 Leoemt.
3124 1266 3319 1362 77.)-
3410 1308 3419 1319 ·

1988 1446 2110 1524 16.

867 1591 1391 1669 Iusiurandum
1425 1600 1681 1669 autem
1717 1600 1919 1668 esto:
1976 1592 2150 1669 Non
2204 1586 2673 1670 dedecorabo
2730 1616 2942 1670 sacra
2986 1616 3197 1669 arma
3216 1648 3235 1685 ,
3290 1615 3435 1667 nec

653 1717 1118 1811 adstantem,
1161 1717 1494 1817 quisquis
1532 1716 1794 1810 fuerit,
1833 1714 2417 1793 commilitonem
2454 1716 2837 1815 deseram3
2893 1716 3251 1820 pugnabo
3290 1741 3433 1817 pro

653 1844 884 1921 sacris
923 1853 999 1919 et
1034 1842 1358 1946 publicis
1396 1853 1469 1918 et
1505 1844 1707 1920 solus
1765 1852 1840 1919 et
1895 1868 2067 1920 cum
2118 1842 2413 1940 multis3
2470 1842 2791 1945 patriam
2827 1842 3027 1919 haud
3064 1840 3436 1918 minorem

653 1968 984 2065 tradam,
1039 1968 1174 2045 sed
1231 1967 1591 2045 maiorem
1647 1966 2181 2071 fortioremque
2236 1993 2464 2068 quam
2508 1992 2917 2070 accepero3
2968 1977 3049 2044 et
3084 1966 3439 2045 obediam

654 2118 952 2196 semper
985 2090 1391 2188 iudicibus,
1439 2101 1664 2193 atque
1703 2090 1991 2193 parebo
2028 2092 2325 2193 legibus
2362 2093 2783 2170 constitutis
2821 2104 2898 2170 et
2930 2094 3012 2168 in
3048 2102 3439 2195 posterum

653 2246 702 2295 a
738 2218 1022 2321 populo
1057 2216 1506 2294 unanimiter
1540 2216 2108 2296 constituendis.
2182 2219 2297 2295 Ac
2332 2220 2394 2296 si
2433 2218 2597 2319 quis
2636 2218 2899 2296 tollere
2954 2218 3279 2296 voluerit
3330 2216 3436 2293 le·

655 2368 793 2443 ges
831 2354 962 2451 aut
995 2341 1084 2418 iis
1137 2370 1291 2421 non
1345 2368 1611 2445 parere
1642 2401 1679 2445 „
1722 2368 1879 2419 non
1934 2340 2402 2447 permittam,
2463 2342 2595 2421 sed
2642 2344 2913 2423 tuebor
2950 2368 3078 2421 eas
3116 2352 3193 2418 et
3229 2341 3439 2419 solus

655 2478 732 2545 et
786 2494 957 2544 cum
1011 2466 1379 2544 omnibus.
1475 2466 1744 2544 Testes
1804 2466 2073 2543 horum
2129 2466 2231 2543 dii
2288 2468 2475 2545 sint:
2552 2465 2927 2570 Aglaurus
2948 2527 2967 2565 ,
3027 2467 3391 2570 Enyalius
3415 2525 3438 2564 ,

659 2594 900 2689 Mars,
941 2591 1290 2695 Jupiter,
1345 2592 1620 2671 Thallo
1639 2648 1658 2686 ,
1707 2590 1964 2687 Auxo,
2002 2592 2465 2693 Hegemone.

1994 2769 2115 2848 1⁸7.

877 2906 992 2988 Οὐ
1035 2906 1334 2988 δίδοται
1372 2914 1733 3015 γενέσθαι
1782 2912 2142 3002 πολίτας,
2204 2902 2401 3002 πλὴν
2456 2920 2613 3000 τοῖς
2670 2906 3102 3016 φεύγουσιν
3154 2907 3441 3008 ἀειφυ-

657 3041 792 3142 γίᾳ
831 3033 972 3132 τὴν
1008 3036 1332 3128 ἑαυτῶν,
1371 3031 1421 3129 ἢ
1458 3042 1891 3127 πανεστίοις
1919 3033 2317 3130 Ἀθήναζε
2346 3042 3007 3136 μετοικιζομένοις
3036 3041 3159 3116 ἐπὶ
3178 3043 3435 3136 τέχνῃ.

1375 3163 1579 3260 (Lex
1615 3164 1921 3245 Solonis
1957 3167 2162 3270 apud
2201 3165 2579 3246 Plutarch.
2618 3166 2696 3244 in
2732 3164 2990 3245 Solon.
3030 3165 3221 3262 u).

1992 3345 2116 3422 1¹7.

871 3489 1262 3567 Neminem
1297 3489 1460 3565 fieri
1497 3487 1777 3584 civem,
1836 3487 1981 3567 nisi
2020 3488 2145 3590 qui
2182 3500 2549 3592 perpetuo
2590 3489 2812 3568 exilio
2850 3485 3181 3568 damnati
3218 3518 3267 3569 a
3302 3516 3445 3568 sua

656 3615 901 3718 patria
937 3613 1322 3712 abessent,
1359 3624 1489 3692 aut
1525 3641 1692 3692 cum
1728 3625 1891 3693 tota
1927 3613 2211 3694 familia
2245 3615 2558 3694 arteficii
2597 3641 2826 3694 causa
2862 3611 3196 3696 Athenas
3234 3643 3440 3695 com-

658 3739 1129 3843 migrassent.

1993 3902 2119 3977 18.

873 4036 1013 4130 Μὴ
1057 4049 1338 4134 ἐξεῖναι
1383 4037 1855 4134 ποιήσασθαι
1884 4038 2370 4134 Ἀθηναῖον,
2439 4039 2539 4121 ὃν
2594 4038 2698 4120 ἂν
2742 4041 2849 4143 μή
2902 4041 3000 4120 δι’
3039 4041 3445 4150 ἀνδραγα-

661 4171 857 4243 θίαν
911 4170 1016 4256 εἰς
1073 4164 1214 4244 τὸν
1270 4164 1518 4268 δῆμον
1583 4162 1723 4244 τὸν
1766 4165 2215 4260 Ἀθηναίον
2269 4161 2500 4262 ἄξιον
2551 4160 2603 4269 ᾖ
2655 4176 3021 4274 γενέσθαι
3078 4174 3441 4262 πολίτην·

660 4293 887 4367 ἔπειτ’
926 4288 1237 4374 ἐπειδὰν
1274 4291 1559 4390 πεισθῇ
1594 4284 1639 4370 ὅ
1682 4290 1917 4394 δῆμος
1955 4297 2093 4370 καὶ
2136 4289 2251 4396 δῷ
2290 4289 2431 4386 τὴν
2468 4291 2802 4395 δωρεὰν,
2835 4293 2943 4398 μὴ
2983 4301 3275 4398 κυρίαν
3306 4325 3445 4402 γε·

660 4423 940 4494 νέσθαι
977 4413 1118 4511 τὴν
1153 4421 1500 4510 ποίησιν,
1552 4415 1694 4498 ἐὰν
1721 4415 1829 4518 μὴ
1869 4417 1965 4518 τῇ
2002 4415 2243 4521 ψήφῳ
2283 4425 2389 4513 είς
2427 4415 2565 4513 τὴν
2603 4423 2980 4498 ἐπιοῦσαν
3016 4427 3448 4517 ἐκκλησίαν

658 4531 851 4643 ὖπὲρ
901 4546 1412 4640 ἑξακισχίλιοι
1459 4539 1884 4636 Ἀθηναῖοι
1942 4549 2432 4646 ψηφίσωνται
2488 4541 2842 4647 κρύβδην
2896 4545 3441 4649 ψηφιζόμενοι·

659 4664 840 4756 τούς
880 4664 958 4744 δὲ
997 4665 1397 4769 πρυτάνεις
1433 4675 1736 4748 τιθέναι
1774 4667 1961 4759 τούς
1999 4668 2433 4760 καδίσκους
2469 4677 2610 4747 καί
2648 4669 2790 4764 τήν
2824 4674 3100 4775 ψῆφον
3137 4671 3444 4752 διδόναι

661 4790 1053 4895 προσιόντι
1109 4793 1223 4898 τῷ
1276 4789 1492 4898 δήμῳ
1548 4801 1732 4896 πρὶν
1764 4792 1947 4887 τούς
1980 4801 2246 4890 ξένους
2282 4802 2592 4881 εἰσιέναι
2631 4803 2773 4878 καὶ
2810 4796 2903 4876 τὰ
2940 4805 3173 4906 γέρρα
3201 4795 3444 4881 ἀναι-

658 4930 870 5018 ρεῖν,
927 4924 1059 4996 ἵνα
1096 4924 1370 5020 κύριος
1421 4915 1538 4998 ὃν
1581 4916 1818 5012 αὐτὸς
1876 4912 2133 5001 αὑτοῦ
2184 4929 2505 5012 ἕκαστος
2551 4926 2930 5018 σκοπῆται
2966 4920 3152 5026 πρὸς
3188 4917 3447 5008 αὑτὸν

661 5042 932 5128 ὅντινα
957 5051 1217 5148 μέλλει
1255 5052 1578 5140 πολίτην
1609 5043 2105 5142 ποιήσεσθαι,
2143 5053 2219 5125 εἰ
2250 5041 2461 5141 ἄξιός
2497 5057 2653 5129 ἐστι
2694 5051 2819 5142 τῆς
2854 5049 3133 5152 δωρεᾶς
3170 5044 3215 5132 ὃ
3245 5057 3441 5153 μὲλ-

660 5175 816 5254 λων
850 5169 1278 5278 λήψεσθαι·
1329 5175 1588 5255 ἔπειτα
1615 5171 1813 5273 μετὰ
1853 5173 2097 5257 ταῦτα
2136 5173 2613 5278 παρανόμων
2647 5173 2955 5283 γραφὴν
3006 5175 3207 5258 εἶναι
3255 5189 3441 5261 κατ’
