3725 5850
717 451 875 523 448
1479 469 2092 522 COMMENTARIUS
2132 469 2238 518 An
2280 466 2403 519 210.
2446 434 2570 520 211.
2610 464 2737 519 212.

717 665 1004 740 civibus
1081 664 1701 757 Atheniensibus,
1759 689 1987 741 unum
2065 685 2157 737 ex
2230 659 2738 761 Eumolpidis,
2798 671 2875 736 et
2946 685 3179 736 unum
3252 683 3290 734 e
3345 659 3471 736 Ce-

717 792 1037 892 rycibus.

1902 890 2052 973 Ad
2110 890 2321 972 210.

933 1059 1098 1138 Hoc
1156 1060 1383 1136 finitis
1435 1057 1653 1136 bellis
1707 1065 1967 1132 contra
2003 1056 2272 1132 Persas
2330 1057 2783 1154 abrogatum
2840 1055 3021 1150 fuit3
3076 1055 3258 1131 dicit
3294 1056 3476 1131 enim

719 1186 1068 1262 Photius:
1131 1171 1381 1268 Οὗτος
1437 1177 1526 1256 τὸ
1575 1185 1728 1278 μὲν
1783 1175 2118 1255 παλαιὸν
2173 1176 2334 1255 τῶν
2391 1185 2476 1256 ἐν
2516 1183 2873 1274 πολέμοις
2910 1170 3207 1281 ἡγεῖτο·
3264 1171 3477 1252 ὕστε-

718 1336 859 1404 ρον
899 1305 974 1383 δὲ
1014 1308 1143 1398 τῆς
1185 1301 1596 1412 ἡγεμονίας
1633 1310 1929 1396 ἐκείνης
1970 1301 2466 1406 ἀφαιρεθεὶς,
2529 1300 2999 1404 προειστήκει
3034 1307 3185 1401 μὲν
3220 1301 3375 1378 τῶν
3406 1333 3477 1378 τε

717 1439 956 1523 ξένων
993 1439 1128 1509 καὶ
1169 1433 1325 1509 τῶν
1356 1435 1773 1530 μετοίκων.
1836 1436 2023 1528 (Hic
2063 1435 2239 1511 olim
2280 1434 2581 1534 quidem
2618 1434 3011 1534 imperium
3047 1430 3374 1508 habebat
3406 1432 3478 1506 in

715 1560 973 1658 bellis3
1029 1573 1297 1662 postea
1353 1588 1530 1638 vero
1585 1561 1730 1638 hoc
1786 1560 2217 1662 principatu
2254 1560 2634 1662 privatus,
2697 1558 3126 1660 praefuerat
3162 1557 3477 1659 peregri-

719 1687 834 1762 nis
873 1697 946 1762 et
981 1687 1425 1788 inquilinis)
1912 1787 2062 1870 Ad
2120 1789 2283 1870 nu
3056 1701 3063 1710 ·

935 1957 1606 2058 Harpocratio
1664 1985 1719 2033 s.
1782 1985 1852 2032 v.
1916 1949 2357 2051 Πάρεδρος;
2435 1954 2873 2033 Aristoteles
2930 1953 3025 2028 de
3080 1949 3477 2026 Athenien-

721 2087 913 2161 sium
949 2083 1369 2186 Republica
1405 2084 1622 2160 dicit:
1663 2083 2076 2160 Assumunt
2112 2106 2521 2157 assessores
2562 2074 3059 2177 (παρέδρους)
3101 2087 3174 2152 et
3211 2075 3484 2152 archon

721 2221 794 2285 et
840 2209 1396 2310 polemarchus,
1457 2219 1769 2308 uterque
1828 2210 2087 2304 binos,
2150 2234 2333 2308 quos
2394 2207 2730 2284 voluerit.
2807 2204 2908 2282 Hi
2945 2213 3195 2278 autem
3236 2201 3481 2302 explo-

718 2346 980 2410 rantur
1017 2328 1658 2429 (δοκιμάζονται)
1696 2334 1776 2408 in
1804 2333 2087 2436 judicio
2128 2343 2529 2433 antequam
2568 2358 2835 2408 munus
2872 2331 3148 2406 ineant.
3224 2324 3485 2403 Iidem-

721 2485 864 2557 que
903 2458 1231 2536 rationes
1271 2460 1596 2536 reddunt
1643 2451 2032 2553 (εὐθύνας
2072 2453 2497 2555 διδόασιν),
2555 2469 2954 2558 postquam
3008 2477 3319 2530 munere
3376 2476 3483 2526 as-

721 2585 1027 2662 sessoris
1063 2585 1299 2664 functi
1333 2583 1629 2660 fuerint.

1893 2723 2047 2806 Ad
2108 2725 2318 2807 212.

937 2891 1544 2975 Plutarchus
1616 2895 1712 2969 in
1767 2894 1975 2970 vita
2030 2891 2446 2969 Solonis
2503 2891 2769 2987 (25):
2847 2889 3207 2967 Seorsum
3263 2910 3485 2965 unus-

729 3005 1038 3116 quisque
1080 3015 1764 3115 thesmothetarum,
1803 3020 1881 3093 in
1920 3020 2087 3095 foro
2125 3019 2324 3120 apud
2363 3018 2688 3118 lapidem
2727 3015 3164 3108 obtestatus,
3190 3012 3491 3115 juravit,

720 3165 839 3236 se,
879 3143 940 3217 si
980 3141 1158 3242 quid
1197 3154 1455 3219 contra
1492 3143 1699 3240 leges
1739 3143 2198 3239 admisisset,
2258 3167 2561 3219 auream
2620 3152 2945 3219 statuam
2980 3140 3317 3243 aequalis
3355 3136 3491 3213 sibi

720 3268 1071 3367 ponderis
1111 3260 1571 3365 (ἀνδριάντα
1599 3265 1959 3365 χρυσοῦν
1999 3270 2530 3368 ἰσομέτρητον)
2585 3268 2901 3370 Delphis
2957 3265 3491 3345 dedicaturum.

936 3408 1258 3487 Causam
1319 3412 1534 3488 huius
1589 3413 1778 3511 legis
1823 3416 1905 3490 in
1944 3440 2031 3491 eo
2072 3413 2351 3514 reperit
2386 3411 2831 3491 Theodorus
2870 3413 3237 3515 Berghius
3278 3410 3491 3506 (Phi-

721 3535 1052 3635 lologuS,
1091 3563 1260 3614 ann.
1301 3539 1472 3615 XII.
1513 3540 1691 3615 fasc.
1733 3540 1802 3617 3.
1846 3567 2019 3641 pag.
2064 3541 2280 3634 579),
2343 3540 2545 3640 quod
2600 3541 2852 3639 legum
2899 3549 3494 3637 transgressores

723 3674 796 3735 et
833 3661 956 3758 qui
995 3661 1177 3738 alios
1225 3675 1714 3767 corrumpunt
1770 3666 2167 3767 decuplam
2225 3666 2729 3741 commiserint
2780 3666 3173 3756 mulctam,
3230 3689 3495 3741 aurum

721 3811 900 3862 vero
937 3788 1044 3861 ita
1079 3813 1158 3864 se
1197 3788 1538 3865 habuerit
1575 3790 1670 3867 ad
1708 3800 2103 3887 argentum
2142 3791 2336 3867 sicut
2384 3792 2415 3864 1
2453 3819 2469 3865 ε
2516 3792 2635 3867 10.

937 3928 1095 4007 Sub
1155 3932 1672 4009 thesmothetis
1729 3945 1981 4008 autem
2036 3959 2307 4010 novem
2345 3934 2736 4012 archontes
2772 3948 2950 4013 sunt
2981 3936 3499 4035 intelligendi,

718 4067 800 4131 ut
855 4068 1063 4159 patet
1117 4083 1157 4134 e
1214 4058 1552 4134 Platonis
1591 4058 1934 4134 Phaedro
1994 4059 2215 4154 (225,
2257 4062 2408 4152 DJ:
2466 4062 2624 4132 Καί
2684 4084 2804 4133 σοι
2860 4058 3005 4162 ἐγώ
3032 4116 3053 4149 ,
3114 4054 3371 4159 ὥσπερ
3426 4060 3499 4134 οὶ

720 4184 825 4254 ἐν
843 4208 891 4255 ν
911 4187 946 4257 ε’
961 4211 1010 4256 α
1065 4175 1119 4257 ἄ
1139 4210 1182 4279 ρ
1193 4210 1256 4276 χ
1278 4211 1320 4256 ο
1343 4210 1391 4257 ν
1410 4213 1453 4256 τ
1473 4212 1506 4257 ε
1529 4214 1562 4267 ς
1585 4240 1606 4271 ,
1684 4173 2222 4283 ὑπισχνοῦμαι
2268 4184 2574 4285 χρυσῆν
2648 4182 2925 4262 εἰκόνα
3002 4191 3501 4289 ἰσομέτρητον

722 4310 827 4393 εἰς
865 4305 1216 4403 Δελφούς
1256 4304 1702 4399 ἀναθήσειν.
1777 4314 1916 4407 (Et
1972 4339 2117 4414 ego
2157 4315 2293 4390 tibi
2331 4316 2682 4415 promitto
2722 4340 3021 4393 auream
3058 4318 3137 4392 in
3174 4318 3501 4419 Delphis

721 4447 1042 4516 statuam
1078 4439 1607 4538 aequilibrem,
1653 4451 1751 4515 ut
1787 4466 1838 4515 n
1859 4467 1905 4516 o
1928 4466 2132 4516 vem
2168 4442 2581 4518 archont
2602 4468 2641 4519 e
2664 4471 2699 4519 s
2736 4470 2770 4518 s
2797 4444 2948 4520 ol'e
2971 4470 3022 4518 n
3044 4455 3101 4529 t,
3142 4448 3501 4544 ponere.)

933 4582 1192 4684 Harp
1218 4610 1261 4659 o
1285 4584 1614 4661 oratio
1655 4612 1709 4661 s.
1734 4612 1803 4659 v.
1852 4586 2356 4682 (θεσμοθέταις
2400 4586 2878 4685 Magistratus
2917 4589 3221 4688 quidam
3261 4586 3499 4666 Athe-

719 4710 875 4805 nis,
915 4709 1054 4784 viri
1093 4736 1404 4787 numero
1444 4734 1616 4805 sex,
1676 4736 1768 4787 ex
1810 4738 2068 4788 eorum
2108 4714 2406 4809 ordine,
2448 4713 2572 4812 qui
2611 4738 2885 4789 novem
2922 4714 3325 4791 archontes
3367 4742 3499 4790 vo-

719 4846 1000 4911 cantur.
1080 4838 1195 4911 Ita
1232 4862 1410 4913 vero
1451 4838 1958 4938 appellantur,
2013 4838 2210 4938 quod
2267 4840 2520 4940 legum
2575 4865 2829 4915 curam
2882 4852 3172 4939 gerant.
3248 4841 3501 4939 Leges

719 4959 918 5037 enim
963 4962 1237 5057 θεσμοὶ
1277 4963 1758 5039 vocabantur.

933 5087 1047 5165 Of.
1089 5088 1368 5165 Lexica
1405 5086 1710 5185 Seguer.
1750 5117 1822 5190 p.
1866 5088 2044 5183 264,
2086 5100 2159 5165 et
2196 5089 2441 5167 Photii
2481 5092 2777 5169 lexicon
2815 5120 2883 5203 p.
2926 5092 3106 5189 670,
3152 5094 3270 5169 15.
