3725 5850
707 427 860 503 126
1781 450 1905 500 ms
1939 445 2362 500 Ponticum.

1991 639 2164 715 522.

923 781 1084 875 Τὴν
1153 779 1590 872 ’δωδεκάτην
1661 777 1802 856 τοῦ
1875 779 2513 879 Σκιροφοριῶνος
2568 782 2953 882 ἱεροτέραν
3008 773 3355 876 ἐποίησεν
3404 775 3447 858 ὅ

699 906 1239 996 Μαντινιακός
1293 903 1548 1011 ἀγών,
1611 913 1695 982 ἐν
1751 895 1815 1005 ᾦ
1870 905 2027 980 τῶν
2082 899 2341 981 ἄλλων
2395 905 2814 1005 σημμάχων
2879 913 3453 1010 ἐκβιασθέντων

701 1040 839 1110 καὶ
875 1039 1353 1133 τραπέντων,
1403 1029 1640 1130 μόνοι
1699 1033 1773 1105 οἱ
1821 1027 2240 1122 Ἀθηναῖοι
2280 1027 2368 1105 τό
2410 1037 2603 1118 καθ’
2654 1032 2974 1120 ἑαυτούς
3011 1031 3455 1126 νικήσαντες

703 1158 1113 1251 ἐστήσαντο
1151 1156 1521 1257 τρόπαιον
1557 1151 1710 1230 ἀπὸ
1749 1154 1906 1229 τῶν
1946 1153 2346 1231 νικώντων
2380 1161 2787 1254 πολεμίων.

1960 1283 2372 1376 (Plutarch.
2412 1284 2504 1359 de
2541 1285 2783 1383 gloria
2820 1284 3091 1364 Athen.
3132 1288 3246 1380 7.)

2000 1444 2175 1519 522.

915 1572 1454 1652 Duodecimam
1505 1568 2100 1670 Seirophorionis
2157 1570 2395 1666 magis
2453 1583 2742 1646 sacram
2794 1571 2970 1648 feeit
3040 1599 3296 1674 pugna
3362 1573 3457 1650 ad

705 1702 1202 1796 Mantineam,
1264 1700 1342 1774 in
1397 1723 1543 1798 qua
1597 1697 1831 1796 pulsis
1882 1695 2465 1796 cedentibusque
2504 1697 2873 1774 sociorum
2908 1700 3181 1800 copiis,
3240 1699 3377 1774 soli
3416 1725 3461 1774 a

705 1854 840 1904 sua
876 1837 1086 1927 parte
1127 1824 1460 1899 vicerunt
1497 1819 1990 1898 Athenienses
2010 1879 2029 1916 ,
2086 1830 2619 1922 tropaeumque
2660 1821 2752 1898 de
2790 1822 3197 1900 victoribus
3235 1823 3463 1900 hosti·

707 1953 847 2030 bus
884 1959 1310 2052 posuerunt.

2006 2053 2181 2128 523.

915 2193 1430 2296 Ἀρρηφορία,
1491 2191 1705 2295 ἑορτὴ
1759 2199 2293 2293 ἐπιτελουμένη
2346 2193 2437 2290 τῇ
2486 2189 2797 2295 Ἀθηνᾷ
2854 2203 2941 2274 ἐν
2998 2195 3106 2296 τῷ
3163 2203 3463 2300 Σκιρο-

711 2321 1032 2420 φοριῶνι
1063 2326 1270 2420 μηνὶ.
2004 2427 2153 2504 523
2555 2323 2919 2426 (Etymol.
2960 2325 3253 2425 Magn.)

923 2556 1385 2646 Aroanorum
1435 2557 1754 2656 gestatio
1812 2567 1926 2632 est
1982 2555 2258 2632 festum
2314 2555 2771 2632 celebratum
2816 2557 2893 2635 in
2932 2559 3293 2637 honorem
3328 2561 3465 2639 Mi-

711 2709 984 2761 nervae
1020 2709 1271 2760 mense
1313 2681 1908 2783 Seirophorione.

2012 2822 2189 2898 524.

935 2953 1292 3047 Τέσσαρες
1317 2948 1470 3043 μὲν
1514 2942 2158 3044 χειροτονοῦνται
2216 2941 2313 3019 δι’
2370 2938 2766 3048 εὐγένειαν
2808 2940 2912 3023 'A
2930 2976 2973 3047 ρ
2994 2977 3035 3047 ρ
3057 2979 3098 3039 η
3118 2976 3179 3044 φ
3202 2946 3245 3026 ό
3267 2978 3309 3047 ρ
3332 2980 3378 3025 ο
3399 2981 3427 3024 ι
3448 3008 3469 3042 ,

718 3072 858 3151 δύο
902 3072 980 3149 δὲ
1019 3078 1464 3177 κρίνονται,
1524 3072 1615 3147 αἳ
1663 3070 1790 3163 τῆς
1835 3063 2045 3167 ὑφῆς
2081 3068 2227 3147 τοῦ
2266 3076 2554 3147 πέπλου
2592 3066 2917 3172 ἄρχουσι
2954 3079 3092 3150 καί
3128 3074 3287 3153 τῶν
3322 3068 3473 3151 ὅῖλ-

716 3206 873 3276 λων
927 3199 1081 3274 τῶν
1117 3204 1284 3299 περὶ
1323 3194 1590 3274 αὐτόν.
1669 3194 1982 3289 Λευκὴν
2037 3194 2105 3271 δ’
2143 3201 2430 3289 ἐσθῆτα
2488 3200 2843 3298 φοροῦσι.
2922 3204 3025 3274 Εἰ
3075 3198 3151 3276 δὲ
3178 3208 3475 3300 χρυσία

719 3330 1230 3427 περιτίθενται
1253 3383 1275 3416 ,
1337 3322 1512 3425 ἱεροὶ,
1535 3320 1778 3400 ταῦτα
1815 3328 2133 3427 γίνεται.
2661 3330 3257 3431 (Harpocratio.)

2010 3487 2186 3562 524.

930 3614 1269 3709 Quatuor
1325 3608 1648 3709 virgines
1704 3610 2093 3687 Cistiferae
2146 3634 2426 3708 genere
2480 3612 2755 3706 nobili,
2817 3612 3338 3714 designantur,
3400 3628 3479 3693 at

719 3740 940 3817 binae
982 3737 1394 3837 eliguntur,
1452 3762 1642 3837 quae
1696 3747 2031 3813 texturae
2092 3737 2297 3837 pepli
2352 3736 2659 3836 aliisque
2698 3737 2919 3815 rebus
2958 3738 3055 3815 ad
3093 3766 3269 3817 eum
3301 3768 3475 3842 spe-

721 3864 1096 3941 ctantibus
1132 3864 1482 3966 praesint.
1553 3862 1860 3939 Vestem
1896 3872 2197 3961 gestant
2234 3861 2667 3939 candidam:
2708 3873 2785 3939 et
2818 3864 2882 3939 si
2918 3890 3226 3941 aureum
3260 3892 3478 3943 mun-

723 3989 898 4065 dum
933 3988 1593 4090 circumposuerint
1629 3987 1807 4084 sibi,
1845 3988 1911 4063 is
1948 4012 2157 4064 sacer
2194 3987 2342 4063 fiat.

2021 4147 2195 4224 5.25

915 4272 1348 4370 Παρθένοι
1405 4268 1546 4345 δύο
1583 4270 1726 4345 τοῦ
1766 4267 1966 4345 ναοῦ
2008 4270 2133 4361 τῆς
2174 4269 2568 4357 Πολιάδος
2624 4268 2989 4349 οἰκοῦσιν
3043 4304 3138 4349 ου
3180 4270 3480 4374 πόρρω,

727 4397 1156 4473 καλοῦνται
1195 4396 1272 4471 δὲ
1320 4394 1828 4495 Ἀρρηφόροι·
1882 4385 2113 4471 αὗται
2140 4395 2445 4495 χρόνον
2471 4404 2621 4495 μέν
2654 4428 2827 4475 τινα
2868 4397 3176 4476 δίαιταν
3214 4388 3481 4495 ἔχουσι

731 4552 927 4622 παρα
982 4522 1072 4619 τῇ
1133 4525 1335 4620 θεῷ,
1395 4551 1592 4621 παρα
1598 4551 2000 4626 [ενοιιενης
2062 4520 2139 4597 δὲ
2212 4523 2342 4614 τῆς
2417 4524 2669 4623 ἑορτῆς
2745 4522 3022 4623 δρῶσιν
3092 4533 3177 4601 ἐν
3250 4532 3483 4603 νυκτὶ

726 4645 979 4723 τοιάδε
1003 4672 1020 4688 ·
1061 4644 1474 4722 ἀναθεῖσαί
1513 4673 1776 4743 σφισιν
1813 4654 1934 4721 ἐπὶ
1974 4645 2115 4735 τοῖς
2146 4645 2491 4743 κεφαλὰς
2530 4642 2581 4721 ἃ
2620 4642 2661 4739 ἦ
2703 4648 2829 4741 τῆς
2868 4646 3218 4743 Ἀθηνᾶς
3255 4653 3486 4751 ἱέρεια

731 4771 993 4848 δίδωσι
1047 4778 1336 4874 φέρειν,
1397 4766 1579 4851 οὔτε
1635 4768 1676 4868 ἦ
1740 4774 2063 4850 διδοῦσα
2119 4764 2399 4850 όποῖόν
2452 4805 2523 4847 τι
2583 4772 2895 4851 δίδωσιν
2948 4773 3239 4867 εἰδυῖα,
3299 4770 3487 4853 οὕτε

728 4909 890 4985 ταῖς
927 4896 1334 4997 φερούσαις
1371 4906 1913 4999 ἐπισταμέναις.
1970 4892 2197 4974 ’Ἐστι
2252 4898 2328 4975 δὲ
2388 4902 2790 4999 περίβολος
2850 4908 2936 4977 ἐν
2968 4901 3061 4997 τῇ
3102 4895 3317 4979 πόλει
3351 4902 3485 4995 τῆς

729 5029 1199 5123 καλουμένης
1237 5032 1322 5101 ἐν
1361 5024 1644 5115 Κήποις
1689 5023 2153 5125 Ἀφροδίτης
2193 5020 2287 5099 οὐ
2332 5022 2627 5123 πόρρω,
2688 5030 2824 5099 καὶ
2882 5022 2980 5099 δι’
3021 5023 3268 5102 αὐτοῦ
3326 5025 3483 5101 κά-

735 5147 972 5235 θοδος
1007 5140 1384 5253 ’ὖπόγαιος
1438 5144 1845 5249 αὐτομάτη.
1932 5147 2191 5245 Ταύτῃ
2246 5156 2613 5227 κατίασιν
2670 5152 2747 5224 αἱ
2801 5156 3213 5251 παρθένοι·
3270 5150 3484 5227 κάτω
