3725 5850
1261 434 1592 496 Pecunu
1629 433 2139 490 ‘rum-rastra.
2926 411 3081 488 24⁷

339 620 560 700 κόσιν
597 625 672 701 οἱ
708 629 1009 719 πένητες
1043 623 1156 728 τῷ
1193 622 1638 724 ἀναλώματι
1675 628 2113 716 λυπεῖσθαι,
2150 632 2244 702 ἐκ
2282 623 2431 702 τοῦ
2468 623 2842 726 δημοσίου
2878 629 3083 724 λαμ-

336 746 586 849 βάνειν
619 757 954 831 ἕκαστον
986 749 1172 840 τούς
1207 748 1354 828 δύο
1392 747 1746 851 ὀβολούς.

951 880 1290 976 (Libanii
1327 905 1611 982 argum.
1648 877 1728 955 in
1765 877 2151 958 Demosth.
2192 879 2500 983 Olynth.
2542 881 2598 959 Ι.
2637 907 2710 982 p.
2750 881 2865 975 8.)

1615 1039 1792 1116 982.

529 1180 843 1262 venalia
877 1195 1098 1262 sunto
1135 1184 1302 1261 loca
1335 1183 1414 1260 in
1455 1183 1748 1262 theatro
1771 1242 1790 1279 ‚
1847 1195 1933 1262 ut
1986 1210 2206 1262 nemo
2252 1186 2397 1263 nisi
2434 1184 2629 1262 binis
2668 1183 2909 1262 obolis
2946 1210 3079 1260 nu·

339 1308 614 1383 meratis
653 1309 750 1386 ad
787 1309 1293 1410 spectaculum
1329 1308 1783 1387 admittatur.
1825 1311 1939 1386 Ne
1972 1336 2151 1388 vero
2189 1336 2559 1413 pauperes
2596 1311 2739 1387 hoo
2778 1320 3081 1412 sumptu

338 1434 604 1509 onerari
643 1433 1080 1550 videantur,
1139 1461 1180 1510 e
1216 1434 1520 1537 publico
1573 1434 1794 1512 binos
1851 1437 2023 1512 illos
2077 1435 2337 1513 obolos
2388 1437 2701 1537 quisque
2739 1436 3077 1538 accipiat.

1609 1615 1788 1692 983.

537 1748 646 1828 Τό
689 1749 1080 1851 θεωρικὸν
1097 1751 1214 1853 μὴ
1253 1752 1682 1856 λαμβάνειν
1719 1759 1901 1855 πρὶν
1938 1753 2419 1861 ἐγγραφῆναι
2448 1733 2583 1841 ἐἰς
2614 1709 2759 1832 τὸν
2798 1750 3079 1838 ἑαυτοῦ

337 1873 587 1974 δῆμον.
1507 1883 1941 1981 (Demosth.
1982 1883 2147 1960 adv,
2190 1882 2549 1960 Leochar.
2596 1883 2867 1976 1092.)

1601 2045 1779 2122 983.
1911 2115 1919 2123 .

529 2183 1010 2262 Theatralem
1049 2186 1439 2290 pecuniam
1477 2213 1700 2265 nemo
1719 2186 2037 2290 accipiat
2073 2187 2278 2289 prius
2314 2214 2542 2291 quam
2576 2189 2654 2265 in
2692 2213 2907 2265 suum
2946 2213 3077 2291 pa-

331 2335 496 2410 gum
527 2309 926 2412 inscriptus
963 2312 1204 2388 fuerit.
1604 2421 1760 2496 984

536 2554 670 2650 Μὴ
709 2563 976 2652 ἐξέστω
1012 2557 1142 2650 τῆς
1179 2554 1658 2657 ἀποδημοῦσι
1705 2556 2090 2660 θεωρικὸν
2128 2556 2587 2660 λαμβάνᾳιν.

1827 2690 2398 2792 (Harpocratioz
2458 2682 2868 2786 θεωρικά.)

1607 2832 1784 2908 984.

531 2973 646 3051 Ne
684 2975 908 3051 liceat
942 2974 1031 3059 iis
1052 2973 1462 3052 theoricam
1481 2977 1879 3078 pecuniam
1896 2976 2255 3080 accipere,
2295 2977 2419 3079 qui
2440 3002 2755 3079 peregre
2775 2976 3080 3055 abeunt.

1616 3159 1794 3235 985.

520 3286 869 3375 Ὀπόταν
923 3292 1250 3397 πόλεμος
1283 3288 1377 3397 ᾗ,
1452 3295 1547 3373 τὰ
1615 3294 1972 3397 περιόντα
2035 3294 2395 3397 χρήματα
2459 3296 2591 3390 τῆς
2646 3294 3083 3390 διοικήσεως

335 3420 823 3519 στρατιωτικὰ
863 3419 1079 3503 εἶναι.
1703 3425 2132 3521 (Demosth.
2172 3426 2249 3502 in
2289 3427 2552 3504 Neaer.
2598 3426 2867 3521 1346.)

1609 3586 1786 3666 985.

535 3730 722 3810 Belli
755 3732 1216 3835 temporibus
1253 3730 1537 3834 reliqua
1572 3732 1838 3811 aerarii
1878 3735 2196 3836 pecunia
2230 3734 2325 3811 sit
2362 3732 2719 3811 militaris.

1611 3913 1789 3993 986.

545 4048 902 4129 Θάνατον
938 4048 1137 4130 εἶναι
1172 4051 1281 4155 τῷ
1337 4049 1728 4157 γράψαντι
1772 4052 2296 4155 μετατεθῆναι
2349 4050 2444 4129 τοὶ
2508 4046 2846 4151 θεωρικὰ
2890 4048 3089 4151 χρή-

329 4204 530 4272 ματα
567 4180 672 4265 εἰς
707 4174 850 4269 τήν
885 4172 1230 4275 ἀρχαίαν
1262 4174 1486 4269 τάξιν
1505 4236 1529 4270 ,
1587 4184 1724 4259 καὶ
1761 4184 2126 4287 γενέσθαι
2164 4176 2691 4279 στρατιωτικά.

1073 4306 1411 4402 (Libanii
1449 4333 1734 4407 argum.
1771 4308 1849 4385 in
1886 4308 2273 4386 Demosth.
2312 4306 2619 4409 Olynth.
2659 4308 2717 4386 Ι.
2756 4310 2871 4401 8.)

1611 4470 1794 4547 986.

540 4608 779 4689 Morte
815 4610 1217 4689 muletetur
1236 4671 1255 4709 ,
1312 4612 1442 4715 qui
1481 4625 1742 4691 auctor
1789 4612 2015 4689 fuerit
2036 4670 2055 4706 ‚
2111 4624 2195 4687 ut
2232 4612 2549 4715 pecunia
2586 4608 2971 4703 theatralis
3008 4611 3087 4687 in

337 4745 660 4815 veterem
693 4738 1031 4819 ordinem
1068 4748 1476 4839 reponatur
1511 4740 1784 4839 fiatque.
1823 4737 2181 4814 militaris.
