3725 5850
1229 459 1568 514 exsc‘no
1629 457 2002 512 currum.
2840 434 2986 514 221

253 653 652 734 nathenaea
686 649 1004 731 reddant
1037 656 1404 749 rationes,
1459 651 2078 754 quemadmodum
2114 652 2492 730 Minervae
2542 662 2995 754 quaestores.

253 780 562 858 Tabulas
599 791 888 876 autem,
929 779 1198 880 quibus
1235 803 1486 857 sacras
1526 780 1881 879 pecunias
1918 777 2429 879 inscripserint
2449 833 2470 870 .,
2526 777 2604 853 in
2641 803 2811 854 arce
2850 791 2993 855 sta-

251 919 448 985 tuant
478 917 930 1008 quaestores.

445 1033 852 1135 Postquam
893 1056 1070 1106 vero
1109 1031 1470 1132 pecuniae
1518 1027 1658 1106 diis
1715 1030 2099 1106 restitutae
2159 1030 2473 1118 fuerint,
2530 1028 2603 1104 id
2644 1029 2838 1130 quod
2876 1058 2993 1106 su-

251 1170 517 1262 perest,
575 1155 1055 1260 impendatur
1091 1157 1168 1230 in
1207 1155 1505 1231 navalia
1541 1167 1615 1230 et
1654 1179 1920 1230 muros.

1431 1435 1798 1528 Μέροςβῖ

1177 1559 2053 1654 Ἐπικεφάλαιον.

1513 1717 1716 1730 nnnnnnnnnnnnn

1461 1799 1650 1866 Pars
1697 1801 1758 1864 2.

1095 1924 1550 1992 Exactio
1645 1925 2127 2010 capitum.

1524 2087 1702 2164 871.

451 2211 626 2288 Τῶν
654 2215 1050 2311 μετοίκων
1087 2205 1130 2290 ὅ
1163 2216 1313 2311 μὲν
1351 2209 1544 2314 ἀνὴρ
1587 2209 1885 2288 δώδεκα
1932 2207 2273 2311 δραχμὰς
2321 2217 2518 2287 τελεῖ
2540 2213 2993 2313 μετοίκιον,

250 2329 284 2426 ἦ
322 2335 394 2412 δὲ
433 2336 626 2442 γυνὴ
671 2345 787 2428 ἕξ.
817 2325 966 2412 ’καί
1025 2337 1166 2414 τοῦ
1227 2337 1406 2413 υὶοῦ
1455 2336 1889 2426 τελοῦντος,
1952 2330 1990 2427 ἦ
2025 2336 2266 2436 μήτηρ
2306 2332 2398 2412 οὐ
2442 2342 2675 2428 τελεῖ,
2725 2335 2833 2436 μὴ
2874 2369 2995 2412 τε·-

247 2463 558 2572 λοῦντος
597 2462 719 2554 δὲ,
779 2461 971 2556 αὐτή
1013 2467 1226 2538 τελεῖ.
1765 2553 1774 2568 ·
1910 2465 2254 2558 (Suidasz
2302 2467 2781 2559 μετοίκιον.)

1532 2575 1711 2648 871.

445 2682 984 2781 Inquilinorum
1039 2683 1180 2758 viri
1246 2680 1634 2757 drachmas
1713 2681 2148 2777 duodecim,
2226 2682 2573 2758 mulieres
2629 2708 2806 2758 vero
2864 2709 2994 2759 sex

248 2806 626 2884 drachmas
682 2834 820 2910 pro
875 2807 1204 2882 incolatu
1262 2806 1646 2909 pendunt3
1702 2805 2003 2901 deinde,
2068 2806 2219 2882 filio
2276 2807 2693 2908 pendente,
2758 2819 2997 2885 mater

241 2934 570 3010 immunis
607 2944 760 3031 est3
822 2958 976 3009 non
1014 2934 1390 3034 pendente
1431 2959 1648 3031 vei-0,
1708 2935 1873 3035 ipsa
1908 2931 2189 3035 pendit.

449 3220 540 3294 Oi
587 3214 695 3315 μὴ
751 3222 1088 3303 τιθέντες
1141 3213 1230 3291 τὸ
1279 3221 1692 3315 μετοίκιον
1729 3221 2083 3317 μέτοικοι
2120 3213 2557 3321 ἀπάγονται
2594 3217 2777 3318 πρὸς
2816 3218 2995 3307 τούς

246 3340 614 3434 πωλητάς,
671 3349 807 3418 καί
847 3340 985 3419 ἐὰν
1021 3334 1260 3417 ἆλῶσι
1285 3400 1306 3431 ,
1367 3340 1951 3441 πιπράσκονται.

1683 3472 2253 3574 (Harpocratioz
2303 3473 2779 3568 μετοίκιον.)

443 3722 798 3823 Inquilini
819 3781 838 3817 ,
896 3724 1020 3824 qui
1057 3748 1208 3799 non
1247 3722 1548 3799 solvunt
1585 3724 1942 3800 tributum
1980 3750 2119 3827 pro
2160 3723 2483 3801 incolatu
2504 3784 2522 3821 ‚
2562 3724 2656 3801 ad
2692 3726 2990 3803 Poletas

248 3848 604 3925 ducantur
633 3907 652 3945 ,
711 3860 784 3924 et
821 3850 882 3924 si
920 3849 1244 3924 convicti
1281 3848 1594 3946 fuerint,
1654 3876 1931 3927 venum
1970 3862 2161 3926 eant.

1525 4010 1702 4087 873.

449 4134 543 4209 Οἱ
581 4130 851 4209 δοῦλοι
910 4128 1324 4229 ἀφεθέντες
1387 4124 1544 4208 find
1605 4132 1758 4209 τῶν
1814 4131 2201 4210 δεσποτῶν
2255 4130 2563 4210 τελοῦσι
2602 4131 2690 4211 τὸ
2719 4140 2988 4235 μετοί-

248 4288 460 4334 κιον·
518 4256 704 4359 πρὸς
743 4256 820 4335 δὲ
858 4270 1019 4345 ταῖς
1059 4256 1358 4333 δώδεκα
1401 4256 1774 4360 δραχμαῖς
1809 4265 1947 4335 καί
1986 4258 2411 4361 τριώβολον
2446 4260 2771 4367 τελοῦσι.

1684 4388 2260 4491 (Harpocratio:
2306 4392 2780 4487 μετοίκιον.)

1525 4552 1706 4627 873.

451 4653 659 4735 Servi
717 4684 765 4735 a
817 4656 1137 4737 dominis
1193 4660 1627 4737 manumissi
1683 4659 2025 4762 pendunt
2078 4659 2612 4759 inquilinorum
2666 4688 2991 4741 censum.

247 4780 545 4862 Praeter
579 4784 976 4861 duodecim
1013 4774 1404 4861 drachmas
1442 4797 1692 4861 autem
1729 4786 2127 4864 triobolum
2165 4786 2486 4863 solvunt.

1519 4944 1698 5024 874.
2162 4894 2169 4901 ⁶

458 5064 628 5143 Οὐκ
665 5066 900 5157 ἔξεστι
940 5070 1130 5166 ξένῳ
1167 5072 1255 5142 ἐν
1287 5069 1378 5165 τῇ
1417 5063 1664 5171 ἀγορᾷ
1703 5064 2183 5172 ἐργάζεσθαι,
2224 5074 2299 5147 εἰ
2322 5069 2431 5171 μή
2468 5070 2733 5164 ξενικὰ
2772 5076 2984 5148 τελεῖ.

980 5195 1402 5289 (Demosth.
1441 5224 1502 5274 c.
1543 5198 1891 5278 Eubulid.
1938 5200 2163 5280 1308.
2224 5202 2383 5283 Lex
2418 5199 2776 5295 Solonis.)
