3725 5850
971 444 1070 494 DE
1107 442 1610 495 Ammineo&
1649 457 1720 474 —-
1757 442 1856 492 DE
1894 444 2491 494 conruamussns.
2944 417 3109 494 -379

343 629 450 729 μὴ
495 631 852 708 ποιῶσιν·
910 635 1046 705 καὶ
1088 627 1268 717 τούς
1298 633 1446 728 μὲν
1485 622 1814 716 ἁλόντας
1856 627 1971 706 δεῖ
2007 627 2331 716 δούλους
2370 627 2596 721 εἶναι,
2653 627 2835 718 τούς
2874 629 2949 707 δὲ
2988 659 3109 706 νι-

350 759 732 854 κήσαντας
767 767 1030 848 τελέως
1069 754 1210 852 ἤδη.
1240 765 1706 857 ἐλευθέρους.
2302 760 2897 865 (HarpocratiO.)

1611 925 1648 998 1
1663 921 1839 998 472.

561 1051 1022 1128 Defectionis
1061 1051 1253 1126 actio
1295 1049 1724 1126 conceditur
1761 1047 2429 1124 manumissoribus
2468 1047 2820 1124 adversus
2856 1072 3108 1123 manu-

348 1175 608 1251 missos
632 1234 649 1269 ,
706 1177 766 1251 si
805 1177 899 1252 ab
938 1175 1120 1276 ipsis
1160 1175 1544 1270 deficiant,
1605 1175 1726 1248 vel
1785 1173 2007 1250 alium
2057 1182 2450 1275 patronum
2490 1173 2629 1248 sibi
2669 1172 3106 1267 adsciscant,

349 1326 488 1376 nec
543 1300 820 1376 faciant
873 1327 965 1376 ea
1022 1328 1209 1401 quae
1265 1302 1470 1401 leges
1506 1301 1803 1401 jubent.
1884 1300 2373 1401 Convictique
2412 1298 2693 1376 debent
2728 1299 2919 1375 servi
2954 1322 3105 1373 ma-

348 1453 562 1524 nere,
621 1429 942 1507 victores
984 1453 1161 1505 vero
1202 1451 1502 1529 prorsus
1539 1425 1752 1503 liberi
1792 1437 1985 1502 sunt.
2279 1413 2291 1424 ’

1515 1729 1951 1828 Τμῆμαδᾞ

1349 1848 1650 1972 Περὶ
1763 1871 2111 1976 ζώων

1593 2036 1642 2048 If.
1655 2035 1883 2048 §.W-‘mm

1539 2143 1786 2224 Sectio
1847 2149 1916 2223 4.

1211 2293 1362 2378 De
1457 2294 2243 2370 animalibus.

552 2623 777 2699 Βοῦν
832 2621 1113 2727 ἀρότην
1167 2632 1308 2705 καὶ
1365 2619 1524 2703 ὑπὸ
1584 2624 1829 2734 ζυγὸν
1886 2626 2323 2720 πονήσαντα
2358 2626 2507 2704 σύν
2545 2625 2841 2728 ἀρότρῳ
2884 2621 2929 2718 ἢ
2965 2631 3104 2701 καὶ

348 2746 492 2825 συν
525 2749 615 2847 τῇ
656 2743 954 2850 ἀμάξῃ,
1003 2753 1111 2852 μή
1157 2754 1422 2845 θύειν,
1475 2751 1590 2830 ὅτι
1649 2761 1788 2831 καὶ
1830 2745 2057 2842 οὗτός
2094 2762 2248 2831 ἐστι
2288 2750 2616 2860 γεωργὸς
2654 2760 2789 2828 καὶ
2827 2751 2984 2829 τῶν
3019 2758 3106 2829 ἐν

350 2871 786 2974 ἀνθρώποις
824 2877 1197 2977 καμάτων
1233 2877 1633 2970 κοινωνός.
1767 2882 2095 2978 (Aelian.
2133 2883 2311 2961 Var.
2352 2883 2541 2961 Hist.
2584 2881 2677 2978 V,
2728 2880 2889 2980 14.)

1605 3046 1830 3122 1473.

561 3184 709 3259 Bos
768 3195 1056 3282 arator,
1119 3198 1194 3263 et
1248 3190 1372 3288 qui
1431 3188 1568 3266 sub
1617 3192 1806 3291 jugo
1868 3190 2161 3265 laborat
2214 3214 2382 3266 cum
2439 3199 2685 3265 aratro
2724 3189 2844 3263 vel
2881 3189 3103 3265 etiam

350 3334 508 3382 cum
546 3310 918 3409 plaustr0‚
976 3337 1069 3386 ne
1109 3325 1510 3409 mactator,
1572 3317 1925 3416 quoniam
1976 3315 2197 3393 etiam
2251 3316 2377 3393 ille
2436 3325 2548 3391 est
2608 3312 2969 3413 agricola,
3028 3324 3103 3449 et

347 3431 639 3511 humani
675 3437 973 3533 generis
1012 3438 1350 3515 laborum
1389 3442 1653 3518 socius.

1615 3600 1839 3677 1474.

551 3733 691 3827 Μη
735 3735 1102 3833 σφάττειν
1139 3736 1532 3843 πρόβατον
1567 3734 1917 3819 ἄπεκτον
1957 3738 2007 3834 ἢ
2042 3736 2362 3823 ἄτοκον.

1610 3980 1812 4063 1474
1952 3871 2448 3969 (Athenaeus,
2490 3876 2621 3971 IX,
2666 3874 2884 3969 375.)

547 4116 658 4193 Ne
699 4128 1060 4195 mactetur
1097 4122 1260 4197 ovis
1297 4123 1635 4219 intonsa,
1695 4138 1825 4202 aut
1863 4152 2051 4229 quae
2088 4128 2422 4205 nondum
2460 4130 2775 4231 peperit.

1606 4287 1833 4363 1475.

546 4416 1084 4517 Νυκτερευτῆν
1121 4430 1304 4500 κυσὶ
1342 4432 1480 4501 καὶ
1521 4433 1875 4517 πλέκταις
1913 4429 2187 4506 πιστὸν
2212 4431 2474 4529 μηδεὶς
2502 4429 2875 4529 μηδέποτε
2913 4430 3095 4530 ἐάσῃ

336 4539 684 4641 μηδαμοῦ
729 4546 1099 4643 θηρεῦσαι
1123 4570 1142 4597 -·
1200 4548 1342 4631 τὸν
1379 4549 1848 4651 ὀρνιθευτὴν
1905 4556 1980 4631 δὲ
2040 4565 2126 4633 ἐν
2183 4554 2444 4661 ἀγροῖς
2490 4560 2641 4656 μὲν
2696 4563 2833 4633 καὶ
2893 4550 3095 4657 ὄρεσι

337 4662 436 4760 μὴ
476 4674 847 4760 κωλυέτω,
872 4678 957 4747 ἐν
980 4680 1418 4778 ἐργασίμοις
1458 4679 1532 4756 δὲ
1575 4688 1710 4757 καὶ
1753 4684 1979 4779 ἱεροῖς
2018 4680 2313 4788 ἀγρίοις
2351 4690 2731 4789 ἐξειργέτω
2772 4676 2814 4761 ὁ
2857 4708 3093 4782 προσ-

345 4792 779 4895 τυγχάνων,
839 4801 1504 4902 ἐνυγροθηρευτὴν
1543 4804 1658 4897 δὲ,
1719 4805 1922 4899 πλὴν
1980 4815 2065 4884 ἐν
2119 4814 2362 4906 λιμέσι
2410 4816 2547 4883 καί
2587 4813 2812 4910 ἱεροῖς
2851 4840 3090 4885 ποτα-

337 4928 496 5011 μοῖς
531 4952 606 4996 τε
644 4927 783 4996 καὶ
823 4929 1040 4999 ε’λεσι
1029 4958 1190 5003 και
1231 4933 1574 5027 λίμναις·
1633 4939 1723 5009 εν
1756 4944 1913 5021 τοῖς
1962 4928 2223 5021 ἄλλοις
2280 4932 2355 5011 δὲ
2417 4941 2679 5027 ἐξέστω
2744 4933 3095 5033 θηρεύειν

338 5037 434 5137 μὴ
461 5043 866 5146 χριόμενον
906 5045 1120 5127 ὀπῶν
1159 5050 1646 5133 ἀναθολωσει
1677 5056 1955 5157 μόνον.
2772 5078 2779 5083 ’

1757 5188 2035 5285 (Plato.
2075 5188 2321 5295 Leges
2356 5191 2537 5291 824,
2578 5190 2871 5293 B--CQ
