3725 5850
1263 438 1743 497 nitissimum
1783 442 2284 494 summontm.
3015 416 3157 491 151

365 630 551 705 λῶν
570 688 595 721 ,
634 638 912 723 ξένων,
973 638 1393 732 προξένων·
1455 632 1737 737 εἰσάγει
1780 629 1857 707 δὲ
1897 636 2034 706 καὶ
2077 628 2300 718 δίκας
2339 627 2854 721 ἀποστασίου,
2917 626 3162 730 ἀπρο-

366 762 749 847 στασίου,
791 756 1136 857 κλήρων,
1178 757 1607 858 ἐπικλήρων
1636 760 2060 856 μετοίκοις.
2177 761 2490 852 (Pollux
2527 748 2737 853 VIII,
2775 757 2946 851 91.)

1684 922 1859 998 613.

600 1064 823 1167 Apud
880 1067 1405 1167 imperatorem
1462 1066 1791 1141 actiones
1846 1065 2339 1141 intenduntur
2395 1062 2970 1161 inquilinorum,
3032 1028 3154 1139 ae.-

366 1192 589 1291 quali
625 1192 940 1267 civitatis
965 1192 1131 1293 jure
1188 1195 1550 1269 utentium
1576 1249 1593 1283 ,
1649 1191 2262 1293 peregrinorum,
2323 1188 2852 1289 hospitalitatis
2891 1213 3157 1289 procu-

365 1328 736 1393 ratorum.
812 1314 1110 1395 Inducit
1165 1346 1389 1419 porro
1447 1318 1778 1395 actiones
1833 1313 2314 1409 defectionis,
2374 1314 2709 1391 defectus
2747 1315 3046 1416 patroni
3085 1324 3160 1390 et

366 1440 817 1520 hereditatis
854 1441 1410 1543 inquilinorum.
1683 1550 1837 1625 614

595 1692 693 1767 Οἱ
734 1696 1199 1791 θεσμοθέται
1238 1689 1371 1778 τὰς
1411 1687 1797 1791 προβολάς
1835 1687 2228 1793 εἰσάγουσι
2265 1692 2403 1763 καὶ
2441 1683 2573 1773 τὰς
2611 1684 2768 1762 τῶν
2805 1687 3157 1787 παρανό-

357 1845 548 1912 μων
582 1814 921 1921 γραφάς·
976 1821 1116 1891 καὶ
1156 1816 1235 1891 εἴ
1264 1846 1375 1903 τις
1403 1814 1513 1913 μὴ
1556 1812 1984 1907 ἐπιτήδειον
2033 1812 2279 1913 νόμον
2325 1810 2687 1917 γράψειε,
2746 1817 2884 1887 καί
2925 1839 3154 1912 στρα-

364 1952 631 2044 τηγοῖς
686 1939 1069 2029 εὐθύνας·
1128 1946 1539 2047 γίγνονται
1594 1940 1671 2019 δὲ·
1728 1938 1916 2037 πρὸς
1975 1936 2264 2029 αὐτους
2320 1943 2612 2043 γραφαὶ
2649 1943 2948 2032 ξενίας,
3005 1936 3155 2013 δω-

364 2072 763 2164 ροξενίας,
818 2065 1125 2165 δώρων,
1186 2071 1764 2161 συκοφαντίας,
1821 2064 2465 2167 ψευδοκλητείας,
2526 2060 3153 2167 ψευδεγγραφῆς,

366 2190 893 2287 βουλεύσεως,
954 2188 1391 2297 ἀγραφίου,
1442 2196 1838 2291 μοιχείας·
1901 2190 2292 2295 εἰσάγουσι
2351 2186 2427 2264 δὲ
2469 2194 2606 2265 καὶ
2646 2187 2874 2277 δίκας
2908 2197 3153 2288 ἐμπαν-

368 2314 597 2413 ρικάς
631 2323 770 2393 καί
812 2315 1322 2416 μεταλλικάς·
1380 2324 1517 2392 καὶ
1579 2313 1719 2394 ἐὰν
1756 2314 2037 2403 δοῦλος
2074 2314 2341 2403 κακῶς
2379 2310 2714 2419 ἀγορεύῃ
2751 2311 2896 2391 τὸν
2931 2314 3152 2394 ailad«-

374 2447 655 2540 θερον·
732 2448 873 2519 καὶ
931 2442 1156 2529 δίκας
1209 2441 1343 2531 τὰς
1399 2440 1553 2518 ἀπὸ
1615 2441 2031 2543 συμβόλων
2086 2439 2524 2547 εἰσάγουσι,
2601 2443 2742 2514 καὶ
2799 2438 2934 2527 τὰς
2989 2440 3148 2518 τῶν

371 2566 1061 2670 ψευδομαρτυριῶν
1095 2567 1253 2648 τῶν
1286 2576 1367 2661 ἐξ
1416 2566 1733 2669 Ἀρείου
1772 2566 2056 2673 πάγου.

1949 2696 2266 2790 (Pollux
2303 2697 2514 2791 VIII,
2553 2696 2655 2771 87
2686 2740 2750 2753 --
2766 2698 2936 2791 88.)
3069 2783 3076 2792 ¹

1672 2805 1849 2880 614.

584 2949 1162 3025 Thesmothetae
1220 2950 1599 3025 actionum
1654 2949 2112 3024 intentiones
2170 2949 2656 3024 introducunt
2711 2958 2788 3024 et
2837 2949 3149 3024 violata-

371 3102 534 3151 rum
571 3076 825 3174 legum
864 3073 1233 3168 actione8‚
1293 3085 1514 3174 atque
1552 3074 1615 3148 si
1654 3071 1817 3170 quis
1856 3073 2106 3169 legem
2141 3098 2296 3147 non
2332 3073 2594 3148 utilem
2630 3072 2919 3167 tulerit,
2968 3072 3150 3147 item

372 3212 447 3275 et
498 3200 771 3278 ducum
823 3197 1432 3276 examinationes.
1516 3196 1877 3277 Actiones
1928 3225 2152 3300 porro
2210 3197 2410 3303 apud
2465 3197 2602 3274 hos
2658 3197 3148 3274 instituuntur

374 3323 965 3424 peregrinitatiS‚
1017 3352 1153 3425 per
1190 3323 1745 3424 corruptionem
1781 3321 2032 3424 adepti
2058 3321 2252 3425 juris
2292 3323 2654 3421 civitatiS,
2712 3347 3143 3418 munerum,

372 3448 945 3550 sycophantiae,
1014 3450 1249 3526 falsae
1307 3449 1717 3541 citationis,
1776 3445 2004 3523 falsae
2062 3447 2602 3550 inscriptionis,
2665 3445 3140 3544 insidiarum,

372 3600 519 3649 non
555 3574 707 3650 dati
743 3574 1103 3670 neminie,
1164 3572 1527 3648 adulterii.
1601 3572 2103 3650 Introductint
2141 3573 2366 3648 etiarn
2405 3572 2739 3650 actiones
2777 3573 3144 3673 emporia-

372 3699 475 3774 les
532 3712 609 3775 et
662 3697 1113 3793 metallicas,
1172 3701 1381 3800 sique
1437 3725 1699 3775 servus
1754 3699 2156 3782 maledicat
2227 3699 2506 3797 libel-03
2559 3699 2740 3774 item
2795 3679 3144 3775 'actiones

370 3835 876 3903 contractuum
899 3883 916 3917 ,
975 3836 1051 3901 et
1086 3824 1255 3902 salsi
1299 3826 1699 3902 testimonii
1736 3853 1826 3903 ex
1867 3825 2288 3927 Areopago,

1666 3977 1846 4062 6¹5.

568 4117 765 4198 Ἐάν
796 4151 909 4209 τις
948 4127 1383 4214 συνίστηται
1436 4119 1483 4216 ἢ
1519 4123 1952 4221 συνδεκάζῃ
2008 4124 2145 4216 τήν
2190 4118 2571 4200 Ἠλιαίαν
2611 4121 2656 4218 ἢ
2690 4125 2850 4202 τῶν
2905 4125 3133 4202 δικα-

372 4259 691 4348 στηρίων
743 4279 815 4322 τι
869 4249 1028 4324 τῶν
1078 4247 1511 4346 Ἀθήνῃσιν
1569 4246 1616 4341 ἢ
1666 4249 1809 4342 τὴν
1865 4247 2166 4350 βουλὴν
2231 4255 2351 4326 ἐπὶ
2427 4245 2865 4351 δωροδοκίᾳ
2935 4251 3138 4354 χρή-

362 4405 567 4470 ματα
644 4369 906 4461 διδούς
984 4369 1033 4464 ἢ
1108 4371 1522 4473 δεχόμενος
1564 4433 1585 4464 ,
1668 4372 1714 4466 ἢ
1750 4381 2100 4474 ἑταιρίαν
2152 4379 2470 4473 συνίστη
2529 4383 2654 4452 ἐπὶ
2720 4377 3139 4456 καταλύσει

367 4501 500 4578 τοῦ
562 4497 852 4598 δήμου,
930 4495 975 4592 ἢ
1050 4499 1468 4606 συνήγορος
1534 4497 1651 4578 ὢν
1716 4499 2080 4603 λαμβάνῃ
2147 4502 2502 4604 χρήματα
2573 4507 2699 4580 ἐπὶ
2773 4516 2937 4592 ταῖς
3011 4504 3136 4580 δί-

368 4657 537 4714 καις
574 4637 739 4714 ταῖς
778 4625 1013 4716 ἰδίαις
1052 4622 1099 4720 ἢ
1136 4626 1529 4726 δημοσίαις
1554 4652 1569 4669 ·
1629 4627 1934 4706 τούτων
1985 4628 2181 4704 εἶναι
2220 4626 2357 4716 τὰς
2390 4626 2693 4732 γραφάς
2730 4626 2919 4729 πρὸς
2953 4630 3137 4724 τούς

370 4757 863 4852 θεσμοθέτας.
1530 4757 1956 4850 (Demosth.
1995 4759 2091 4835 ΙΙ.
2127 4758 2208 4836 in
2247 4755 2604 4859 Stephan.
2648 4757 2920 4850 1137.)

1663 4916 1839 4991 615.

576 5057 657 5134 Si
714 5059 879 5159 quis
929 5061 1475 5162 conspiraverit
1528 5072 1657 5137 aut
1713 5061 2010 5163 adjutor
2066 5062 2292 5138 fuerit
2345 5061 2939 5164 corrumpendae
2981 5060 3132 5142 Hc-

368 5183 595 5264 liaeae
634 5193 763 5262 ant
800 5184 1109 5286 alicujus
1133 5185 1393 5288 judicii
1433 5185 1745 5267 Athenis
1785 5197 1914 5265 aut
1949 5199 2290 5285 senatUS,
2330 5187 2426 5264 ad
2466 5189 2964 5292 corruptelam
2998 5214 3130 5294 pe-
