3725 5850
2863 484 2874 492 ,
2982 406 3057 477 W

503 618 966 717 Maximam
991 624 1279 701 tamen
1309 614 1784 702 oratoribus
1811 611 2165 701 Graecis
2196 614 2613 701 habemus
2650 615 3043 729 g'mtiam,

309 767 434 879 qui
475 763 784 849 multas
831 760 1477 847 Atheniensium
1520 760 1752 873 leges
1797 758 1907 843 ad
1951 756 2303 845 verbum
2348 760 2891 845 servaverint.

501 906 786 993 Etiam
846 904 1427 1019 lexicographi
1475 901 1784 989 Graeci
1843 902 2059 989 bene
2124 902 2397 989 meriti
2450 913 2647 989 sunt
2688 902 2795 987 de
2835 932 3044 989 con-

303 1051 726 1139 servandis
773 1050 990 1161 juris
1063 1045 1372 1133 Graeci
1450 1045 2091 1163 antiquitatibus
2110 1110 2131 1151 ,
2212 1073 2569 1161 quarum
2642 1071 3051 1161 mag-nam

303 1204 618 1307 partem
661 1222 766 1278 ex
810 1219 1102 1277 eorum
1147 1191 1482 1304 scriptis
1525 1191 1941 1275 novimus.
2825 1165 2833 1177 ’

499 1334 1290 1447 Harpocratio,
1365 1334 1650 1419 seculo
1709 1334 2087 1419 secundo
2150 1360 2232 1447 p.
2282 1328 2488 1435 Oh„
2548 1332 2637 1415 in
2698 1326 3048 1441 Λεξικῷ

299 1478 460 1563 τῶν
502 1473 719 1562 δέκα
755 1463 1154 1596 ρητόρων
1211 1476 1580 1589 plurima
1623 1477 1844 1589 juris
1886 1474 2149 1569 Attici
2208 1476 2627 1563 vocabula
2664 1472 3049 1587 explica-

299 1622 430 1709 vit.
507 1621 955 1735 Ejusmodi
994 1618 1370 1705 Lexic-on
1413 1619 1750 1731 scripsit
1790 1648 1967 1703 non
2009 1619 2276 1705 multo
2320 1628 2519 1735 post
2560 1620 2815 1703 etiam

501 1767 882 1855 Julian
906 1794 1024 1851 us
1085 1764 1664 1876 Bithyniensis
1686 1826 1708 1868 ,
1769 1764 1858 1847 in
1920 1792 2088 1879 quo
2150 1764 2567 1853 vocabula
2618 1762 3057 1851 actionum

297 1910 748 1998 forensium
793 1909 1023 2022 apud
1067 1906 1403 1993 Atticos
1443 1908 1754 1993 usitata
1795 1908 2389 2019 interpretatur
2422 1902 2545 2016 ⁸⁶).

499 2052 782 2139 Julii
826 2052 1358 2154 Pollucis,
1417 2052 1599 2135 nati
1643 2046 2047 2137 CLXXV
2086 2082 2172 2166 p.
2208 2048 2391 2157 Oh„
2438 2050 3055 2139 Onomasticon

294 2196 468 2313 agit
511 2198 600 2281 in
643 2196 860 2283 libro
903 2205 1212 2283 octavo
1255 2194 1364 2280 de
1407 2196 1660 2281 rebus
1699 2194 2183 2283 forensibus
2224 2195 2723 2283 Atticorum.

500 2337 1053 2442 Timaeus,
1117 2338 1404 2423 seculo
1448 2338 1694 2421 tertio
1738 2368 1822 2451 p.
1871 2334 2053 2442 Ch„
2115 2340 2423 2424 multas
2469 2340 2731 2425 habet
2768 2340 2855 2424 in
2900 2365 3055 2425 suo

292 2480 606 2569 Lexico
665 2480 1104 2568 Platonico
1169 2478 1805 2566 observationes
1826 2546 1847 2586 ,
1918 2510 2137 2597 quae
2198 2483 2741 2599 antiquitates
2784 2478 3053 2568 Grae-

292 2654 432 2713 cas
458 2626 680 2738 juris
722 2624 1042 2737 publici
1085 2632 1169 2711 et
1209 2624 1520 2738 privati
1562 2624 2006 2710 illustrant.

499 2768 1167 2878 Hesychius,
1233 2768 1457 2852 cirea
1517 2768 1775 2853 finem
1821 2769 2081 2853 seculi
2122 2771 2400 2883 quarti
2444 2802 2527 2884 p.
2573 2767 2775 2875 Oh„
2840 2772 3051 2858 scri-

289 2912 456 3026 psit
507 2908 1032 2999 Glossarium
1051 2975 1076 3014 ,
1137 2910 1224 2996 in
1290 2939 1458 3025 quo
1504 2912 1868 3024 plurima
1896 2912 2111 3024 juris
2154 2910 2416 3002 Attici
2457 2912 2875 3004 vocabula
2916 2943 3053 3002 re·-

287 3057 748 3169 periuntur.

503 3199 960 3284 Photius
980 3261 1005 3300 ,
1046 3192 2249 3285 DOOCLVH--DOOOXOI
2270 3265 2293 3304 ,
2339 3205 2843 3317 conscripsit
2888 3203 3055 3286 Le-

287 3346 538 3430 xicon
601 3343 1112 3428 rhetoricum
1130 3406 1152 3445 ‚
1213 3341 1444 3452 quod
1507 3343 1886 3427 continet
1944 3343 2431 3430 thesaurum
2491 3345 3053 3432 formularum

287 3515 386 3573 ac
425 3511 716 3573 rerum
739 3485 961 3596 juris
997 3483 1284 3570 Attici.

499 3628 938 3732 Suidas,
1001 3627 1288 3714 seculo
1331 3627 1438 3711 X.
1483 3659 1566 3740 p.
1605 3627 1785 3733 Oh„
1851 3631 2113 3716 habet
2152 3633 2515 3743 plurima
2556 3637 2641 3718 in
2688 3661 2841 3720 suo
2884 3633 3071 3718 Le-·

287 3776 474 3861 xieo
523 3773 634 3860 ad
680 3771 1225 3885 antiquitates
1252 3773 1468 3882 juris
1514 3769 1823 3860 Graeci
1866 3777 2393 3886 pertinentia.

497 3933 745 4019 Idem
811 3931 1265 4017 dicendum
1329 3933 1438 4018 de
1499 3931 2278 4049 Etymologico
2342 3937 2779 4048 Magno,
2843 3939 3053 4024 alias

287 4077 838 4180 GudianO,
903 4105 949 4162 e
1013 4075 1297 4160 seculo
1365 4075 1471 4159 X.
1539 4077 1673 4160 vel
1730 4075 1884 4160 XI.
1932 4108 2016 4192 p.
2070 4076 2271 4184 Oh„
2332 4089 2421 4164 et
2466 4082 2575 4166 de
2614 4080 3058 4166 Lexicis

285 4219 1047 4336 Seguerianis,
1109 4218 1338 4302 alias·
1375 4216 2528 4334 Sangermanensibus
2590 4251 2695 4309 ex
2748 4221 3053 4310 eodem

283 4363 568 4452 seculo
589 4428 612 4464 ‚
693 4391 742 4445 e
801 4361 1104 4474 quibus
1164 4365 1662 4473 praesertim
1726 4363 2033 4488 ᾼέξεις
2094 4363 2569 4486 ῥητορικαὶ
2628 4378 2713 4454 et
2764 4365 3056 4454 Δοκῶν

281 4493 706 4624 ὀνόματα
777 4505 1070 4618 magni
1147 4515 1344 4589 sunt
1416 4510 1824 4594 momenti
1918 4512 2030 4596 ad
2119 4511 2765 4626 cognoscendas
2834 4511 3054 4624 juris

285 4648 613 4736 Graeci·
637 4647 1199 4759 antiquitates.

497 4790 893 4902 Denique
935 4789 1101 4874 huc
1147 4791 1571 4876 accedunt
1613 4801 1903 4878 vetera
1954 4795 2279 4882 scholia
2322 4787 2658 4884 Graeca
2698 4799 2812 4884 ad
2854 4798 3053 4884 Pia-
3231 4798 3239 4813 '

279 4945 594 5035 tonem,
637 4931 1336 5046 Aristophanem,
1383 4933 2089 5044 Demosthenem,
2126 4939 2643 5031 Aeschinem
2686 4953 2771 5028 et
2810 4941 3049 5046 alios,

495 5172 610 5265 36)
657 5171 1040 5246 Grsfenhm
1055 5201 1078 5243 ε
1121 5173 1510 5248 enachin-,hta
1537 5175 1656 5248 der
1687 5176 2079 5259 clufliueben
2102 5180 2481 5272 Philologia.
2515 5183 2642 5257 111.
2674 5201 2739 5276 p.
2776 5185 2925 5256 186.
