3725 5850
1031 517 1350 578 evnnsm
1389 522 1692 578 mrum
1729 520 2176 578 rorummsx
2820 495 2964 580 261

1477 715 1707 794 1031.

429 857 506 936 Si
543 859 710 960 quis
767 856 1178 962 prodiderit
1231 857 1354 938 vel
1412 861 1802 938 castellum
1857 858 1982 936 vel
2038 883 2308 937 navem
2346 854 2467 934 vel
2504 867 2787 953 castra,
2845 853 2973 930 ubi

249 986 376 1064 ulla
407 1010 578 1086 pars
615 982 894 1060 civium
931 982 1470 1078 contineretur,
1511 983 1572 1058 is
1613 995 1941 1061 extrema
1976 981 2345 1086 supplicia
2380 981 2661 1060 subeat.

1494 1143 1719 1222 1032.

425 1279 614 1362 Ἐάν
667 1313 776 1372 τις
829 1280 1222 1384 τυραννίδι
1263 1285 1622 1376 ἐπιθῆται
1661 1279 1710 1376 ἢ
1741 1281 1891 1376 τὴν
1928 1282 2155 1362 πόλιν
2194 1283 2530 1386 προδιδῷ·
2570 1279 2618 1376 ἢ
2650 1280 2796 1360 τὸν
2832 1279 2971 1372 δῆ-

248 1439 380 1510 μον
411 1407 758 1508 καταλύῃ
779 1468 802 1500 ,
867 1407 1011 1486 τὸν
1067 1408 1648 1510 αἰσθανόμενον
1702 1408 2069 1512 καθαρὸν
2122 1408 2322 1489 εἶναι
2378 1407 2969 1486 ἀποκτείναντα.

1556 1539 1921 1642 (Lycurg.
1958 1565 2021 1617 c.
2061 1539 2394 1619 Leocrat.
2432 1534 2761 1642 §.1250

1483 1701 1711 1779 1032.

437 1845 516 1924 Si
554 1845 720 1948 quis
755 1841 1224 1945 tyrannidem
1280 1843 1668 1922 affectaret
1720 1857 1851 1925 aut
1897 1845 2159 1924 urbem
2196 1843 2545 1948 proderet
2579 1854 2706 1922 aut
2740 1869 2975 1945 popu-

257 1975 456 2050 larem
493 1981 768 2048 statum
805 1968 1310 2066 subverteret,
1357 1971 1461 2066 is,
1500 1971 1627 2072 qui
1661 1970 1858 2049 istud
1896 1973 2315 2074 perceperit
2352 1980 2572 2072 atque
2605 1994 2810 2046 reum
2847 1967 2975 2044 fla-

257 2097 392 2196 gitii
427 2097 814 2194 occiderit,
871 2123 916 2173 a
955 2093 1182 2174 caede
1220 2121 1453 2198 purus
1491 2107 1671 2174 esto.

1498 2256 1726 2336 1033.

423 2391 756 2498 ’Ἁτιμον
792 2393 991 2473 εἶναι
1027 2394 1167 2474 τόν
1203 2403 1288 2480 ἐν
1325 2396 1579 2473 στάσει
1611 2395 2019 2498 μηδετέρας
2047 2395 2357 2499 μερίδος
2394 2391 2841 2501 γενόμενον.

1267 2525 1689 2638 (Plutarch.
1729 2526 1981 2606 Solon.
2022 2527 2145 2604 20.
2205 2527 2366 2604 Lex
2404 2524 2768 2620 Solonis.)

1486 2688 1717 2768 1033.

445 2833 758 2911 Infamia
793 2843 1128 2930 notetur,
1188 2833 1315 2937 qui
1369 2833 1448 2910 in
1503 2831 1867 2912 seditione
1914 2833 2155 2910 neutri
2192 2859 2273 2912 se
2310 2834 2502 2936 parti
2540 2830 3015 2934 adjunxerit*

1501 2993 1729 3070 1034.

449 3132 614 3213 Τὸν
645 3131 1033 3237 ἐξόριστον
1070 3130 1567 3237 αὖτοβούλως
1604 3126 2192 3235 ὑποστρέφοντα
2240 3138 2345 3223 εἰς
2400 3130 2541 3226 τὴν
2580 3130 2795 3213 ἰδίαν
2833 3164 2981 3210 πα-

261 3257 494 3357 τρίδα,
555 3258 950 3353 θνήσκειν.
1591 3300 1596 3303 ·
1920 3260 2335 3357 (Problem.
2376 3262 2560 3340 rhet.
2607 3264 2771 3357 13.)

1497 3386 1722 3465 1034.

445 3533 522 3611 Si
558 3534 772 3615 exsul
806 3560 939 3615 sua
972 3546 1238 3637 sponte
1276 3537 1354 3613 in
1389 3537 1712 3637 patriam
1748 3534 2047 3615 redierit
2066 3589 2087 3629 ‚
2144 3537 2518 3616 moriatur.

1499 3694 1728 3772 1035.

448 3831 764 3928 Μηδένα
800 3832 958 3911 τῶν
991 3833 1450 3941 φευγόντων
1483 3834 1623 3914 ἐᾶν
1660 3839 1782 3912 ἐπὶ
1821 3831 1967 3928 τήν
2002 3834 2206 3914 ναῦν
2243 3830 2719 3938 ἀναβαίνειν.

1385 3964 1808 4057 (Demosth.
1850 3965 2016 4043 adv.
2056 3966 2459 4067 Polyclem.
2505 3968 2773 4061 1221.)

1502 4125 1729 4203 1035.

449 4266 742 4347 Nemini
780 4267 1080 4349 exulum
1115 4292 1389 4348 navem
1426 4268 1918 4355 conscendere
1958 4270 2424 4349 concedatur.

1505 4430 1732 4510 1⁰36.

451 4571 586 4666 Μὴ
645 4564 1166 4670 ὖποδέχεσθαι
1221 4571 1380 4649 τῶν
1433 4569 1887 4678 φευγόντων
1940 4568 2262 4664 οὐδένα,
2326 4567 2373 4665 ἢ
2408 4579 2495 4650 ἐν
2528 4582 2684 4662 τοῖς
2724 4570 2985 4665 αὐτοῖς

260 4698 633 4793 ἐνέχεσθαι
673 4697 816 4776 τὸν
850 4691 1432 4800 ὑποδεχόμενον
1469 4694 1652 4787 τούς
1685 4695 2142 4805 φεύγοντας.

1376 4828 1799 4925 (Demosth.
1841 4820 2011 4908 adv.
2050 4824 2451 4929 Polyclem.
2499 4826 2769 4923 1222.)

1495 4981 1720 5069 mss.

455 5132 564 5213 Ne
601 5134 826 5215 liceat
861 5134 1236 5241 suscipere
1271 5132 1504 5216 ullum
1541 5134 1874 5235 exulem,
1931 5145 2061 5217 aut
2092 5132 2371 5217 eodem
2392 5116 2697 5215 crimine
2734 5144 2981 5213 tenea-

260 5268 362 5335 tur
397 5260 463 5336 is
499 5262 622 5362 qui
657 5263 1105 5365 susceperit,
1162 5286 1309 5363 quo
1343 5262 1485 5367 ipsi
1523 5260 1798 5341 exules.
