3725 5850
1039 443 1666 498 cennas-mmm,
1691 441 1801 496 An
1842 441 2007 499 1⁴21.
2046 441 2205 500 uss.
2248 439 2407 500 142⁷.
2946 418 3103 498 61⁷

543 638 598 716 S
619 639 708 715 ui
729 639 778 716 d
799 665 844 715 a
863 665 900 716 s
957 665 1012 714 s.
1053 664 1126 715 v.
1189 632 1441 725 Θῆττα
1464 666 1488 709 .·
1543 636 1807 714 Puella
1861 637 2299 739 parentibus
2360 637 2547 718 orba
2566 695 2584 732 ,
2639 637 2925 718 nullam
2976 638 3105 718 ha-

328 765 515 842 bens
555 765 804 842 dotem
843 773 915 840 et
953 789 1242 866 pauper
1278 788 1325 838 a
1359 772 1571 864 patre
1608 760 1903 860 relicta,
1959 765 2077 840 cui
2134 788 2411 863 genere
2470 763 2785 864 proximi
2842 787 3103 842 secun-

329 890 506 968 dum
543 892 792 990 legem
829 890 1279 992 quingentas
1315 887 1714 966 drachmas
1752 887 1951 966 dotis
1988 889 2155 966 loco
2190 889 2373 970 dare
2410 889 2883 968 tenebantur.

543 1033 689 1110 Hic
725 1044 977 1110 tamen
1015 1033 1154 1109 sub
1212 1057 1489 1132 genere
1549 1032 1908 1134 proximis
1963 1035 2261 1110 nonnisi
2318 1031 3109 1136 pentacosiomedimni

329 1169 506 1238 sunt
541 1158 1010 1259 intelligendi
1031 1182 1070 1254 3·
1104 1181 1278 1234 nam
1336 1157 1444 1234 illi
1499 1157 1954 1234 tenebantur
2009 1157 2186 1236 dare
2226 1159 2679 1259 quingentas
2716 1155 3109 1236 drachmas

331 1310 465 1363 seu
499 1284 744 1362 minas
780 1286 1128 1387 quinque.

547 1426 771 1531 Apud
809 1427 1134 1504 Thurios
1173 1449 1466 1525 quoque
1507 1423 1693 1504 haec
1730 1426 1852 1503 lex
1890 1427 2230 1526 vigebat,
2271 1439 2355 1505 ut
2389 1429 2833 1527 gentilitatis
2869 1430 3109 1529 gradu

332 1554 716 1658 proximus
753 1553 1084 1657 puellam
1123 1553 1202 1628 in
1239 1553 1789 1629 successionem
1825 1555 2053 1630 totius
2110 1554 2535 1656 patrimonii
2575 1554 2909 1634 relictam
2940 1557 3109 1658 jure

329 1683 410 1756 in
447 1681 999 1757 matrimonium
1056 1679 1536 1780 deposceret,
1597 1689 1676 1754 et
1729 1679 2057 1756 vicissim
2112 1680 2301 1756 orba
2356 1681 2607 1782 puella
2642 1708 2917 1782 genere
2957 1710 3109 1761 ma-

335 1807 532 1883 xime
575 1799 994 1908 ‘propinqui
1051 1805 1353 1906 nuptias
1408 1804 1578 1903 lege
1639 1805 2076 1884 vindicaret.
2154 1806 2399 1907 Atque
2454 1807 2627 1884 huic
2674 1808 2939 1886 orbam
2978 1808 3109 1886 du-

335 1930 594 2026 cendi,
654 1933 816 2026 vel,
871 1933 932 2007 si
973 1930 1438 2033 paupercula·
1490 1941 1724 2026 esset,
1784 1931 2235 2030 quingentas
2282 1930 2671 2010 drachmas
2707 1933 2875 2012 loco
2914 1934 3111 2013 dotis

337 2057 694 2156 erogandi
751 2057 1157 2134 necessitas
1211 2056 1740 2148 imcumbebat,
1813 2055 1964 2133 Sed
2016 2057 2359 2160 orphana
2416 2059 2785 2158 quaedam
2807 2119 2825 2155 ,
2884 2087 3113 2164 quum

335 2194 637 2284 propter
673 2182 1006 2283 inopiam
1043 2179 1391 2257 collocari
1446 2182 1525 2255 in
1581 2180 2132 2258 matrimonium
2170 2209 2327 2260 non
2362 2194 2659 2286 posset,
2715 2184 2813 2262 ad
2852 2185 3113 2287 populi

337 2306 690 2384 auxilium
727 2305 1086 2405 confugit,
1126 2329 1478 2407 suamque
1521 2306 1774 2386 multis
1812 2330 1981 2382 cum
2017 2307 2343 2384 lacrimis
2382 2309 2783 2389 orbitatem
2822 2321 2899 2387 et
2938 2337 3113 2388 con-

335 2440 640 2508 temtam
695 2432 893 2508 vitae
951 2428 1450 2507 conditionem
1507 2454 1885 2531 exponens
1953 2430 2493 2510 correctionem
2547 2433 2738 2532 legis
2793 2437 2983 2538 petit
3036 2436 3114 2512 in

333 2556 525 2634 hanc
561 2557 998 2649 formulam,
1065 2568 1144 2632 ut
1200 2584 1338 2658 pro
1396 2557 1826 2658 quingentis
1884 2557 2255 2634 drachmis
2303 2559 2709 2638 necessitas
2766 2562 3115 2664 proximo

337 2694 659 2784 cognato
717 2682 1116 2784 pupillam,
1174 2706 1366 2782 quae
1421 2682 1588 2782 lege
1643 2681 1788 2757 sibi
1841 2683 2051 2760 illum
2103 2683 2559 2780 vindicaret,
2619 2684 2695 2762 in
2736 2687 3110 2765 matrimo-

336 2811 538 2886 nium
578 2806 895 2885 ducendi
934 2808 1464 2908 imponeretur.
1541 2805 1740 2882 Tum
1778 2807 2140 2908 populus»,
2182 2809 2691 2888 misericordia
2727 2811 3113 2908 adductus,

336 2936 525 3036 legis
564 2933 1156 3011 emendationem
1195 2934 1486 3025 sciscit,
1545 2942 1619 3008 et
1653 2934 2019 3035 pupillam
2059 2934 2268 3011 dives
2308 2936 2770 3037 propinquus
2808 2966 3115 3017 uxorem

337 3064 606 3141 ducere
645 3061 955 3158 cogitur.
1015 3058 1448 3152 (Diodor.
1499 3060 1674 3155 XII,
1718 3060 1884 3152 18.)

1490 3287 1642 3370 Ad
1675 3288 1965 3371 1423.

554 3473 1121 3551 Lacedaemone
1159 3473 1220 3549 si
1259 3473 1421 3575 quis
1459 3471 1821 3573 adoptare
1862 3472 2222 3551 voluisset
2280 3474 2555 3569 filium,
2615 3476 2677 3549 is
2716 3502 2963 3553 coram
3003 3501 3115 3552 re-

343 3600 562 3699 gibus
600 3599 678 3677 id
717 3600 964 3677 facere
1003 3596 1418 3675 tenebatur.
1479 3599 1594 3692 (H
1619 3625 1782 3675 ero
1806 3598 1855 3675 d
1878 3608 1992 3677 ot.
2035 3598 2167 3696 VI,
2210 3600 2335 3697 57,
2377 3600 2490 3694 6.)

1488 3826 1640 3910 Ad
1673 3828 1860 3911 142
1874 3830 1963 3911 7.
2046 3846 2051 3849 ’

555 4012 719 4089 Lex
758 4011 1287 4112 Aeginetarum
1334 4012 1660 4115 jubebat
1715 4012 2047 4114 ejusdem
2106 4012 2545 4093 conditionis
2602 4012 2942 4091 homines
2989 4012 3117 4091 ad-

346 4140 609 4242 optari.
669 4140 1127 4232 (Isocrat.
1168 4137 1829 4239 Aegineticus
1878 4138 1943 4236 §.
1989 4139 2155 4232 13.)

564 4284 628 4359 Ε
662 4282 958 4383 legibus
985 4282 1554 4360 Atheniensium
1597 4282 2237 4377 (1422—1427.)
2272 4284 2569 4362 videtur
2606 4284 2844 4361 tribus
2880 4283 3121 4360 modis

345 4413 616 4488 factam
653 4408 880 4485 fuisse
918 4408 1418 4511 adoptionem.
1495 4407 1834 4502 Quilibet
1891 4434 2163 4511 nempe
2222 4409 2340 4485 vel
2394 4436 2475 4487 se
2526 4408 2698 4485 vivo
2733 4408 3124 4510 adoptavit

347 4536 490 4613 sibi
527 4536 801 4630 filium,
860 4535 982 4611 vel
1017 4535 1276 4613 mortis
1311 4560 1538 4611 causa
1575 4560 1710 4636 per
1767 4544 2315 4611 testamentum.
2392 4533 2474 4611 Si
2510 4535 2681 4634 quis
2718 4560 2898 4611 vero
2936 4534 3119 4613 inte-

345 4671 582 4739 status
637 4672 714 4739 et
764 4661 924 4737 sine
977 4660 1381 4740 heredibus
1420 4660 1905 4757 decessisset,
1962 4661 2129 4761 lege
2167 4660 2487 4738 dabatur
2524 4660 2667 4764 ipsi
2707 4662 2907 4739 filius
2942 4660 3118 4738 ado-

345 4788 614 4889 ptivus.

562 4912 789 4988 Primi
827 4912 1026 4988 modi
1065 4912 1487 5021 exemplum
1527 4915 1840 5016 praebet
1881 4914 2297 5007 Menecles,
2355 4914 2481 5014 qui
2539 4912 2770 4990 filium
2804 4910 3119 5013 adopta·

345 5039 982 5140 tionisupervixit.
1021 5042 1408 5132 (Isaeus
1447 5041 1550 5118 de
1587 5040 2076 5117 Meneclis
2114 5039 2303 5129 her.
2344 5041 2429 5115 in
2466 5042 3120 5138 argumento.)

559 5186 747 5265 Item
785 5182 1266 5289 Polyeuctus,
1307 5186 1432 5285 qui
1470 5210 1702 5285 quum
1737 5210 1891 5261 non
1926 5183 2235 5261 haberet
2271 5207 2513 5261 mares
2550 5180 2871 5274 liberos,
2921 5180 3112 5257 ado-
