3725 5850
1031 444 1131 499 m:
1178 442 1637 501 ΑοοΡΊἾοΝε.
1676 464 1745 477 -
1786 438 1885 497 DE
1928 444 2291 503 MourmS.
2889 420 3042 503 369

1554 641 1779 717 1435.

486 778 563 859 Si
600 783 715 859 eui
739 844 755 877 ‚
813 784 939 885 qui
980 784 1469 886 adoptaverat
1527 784 1848 883 aliquem
1873 842 1892 881 ,
1947 788 2433 886 postmodum
2471 788 2688 865 liberi
2726 810 3040 864 nascan-

288 920 432 1004 tur,
486 910 597 984 fas
638 920 796 984 est‘o
836 920 919 985 ut
954 910 1350 1010 adoptatus
1400 936 1567 985 eum
1619 910 1970 1007 genuinis
2009 911 2262 989 liberis
2301 940 2560 1015 parem
2599 922 2835 991 ratam
2876 938 3043 1013 por-

290 1036 548 1111 tionem
584 1033 1015 1111 hereditatis
1053 1036 1425 1112 sortiatur.

1546 1142 1772 1221 1436.

466 1278 692 1361 ’Ὀσοι
752 1281 1164 1373 διαθήκαις
1200 1282 1722 1371 εἰςποιοῦνται
1746 1343 1767 1375 ,
1825 1282 2132 1373 τούτοις
2170 1283 2750 1379 ἐπιδικάζεσθαι
2791 1310 3030 1385 προσ-

292 1405 437 1499 ἡκει
477 1406 629 1484 τῶν
668 1407 1089 1487 δοθέντων.
1136 1504 1142 1513 .
1572 1416 1869 1507 (Isaeus
1909 1414 2002 1491 do
2045 1414 2312 1515 Pyrrh.
2353 1415 2504 1491 her.
2548 1412 2615 1517 ξ.
2657 1416 2822 1507 60.)

1537 1573 1761 1651 1436.

482 1717 561 1795 Si
618 1719 745 1819 qui
801 1744 937 1818 per
992 1729 1517 1795 testamentum
1568 1718 1905 1819 adoptati
1945 1719 2264 1813 fuerint,
2321 1718 2486 1797 illos
2523 1728 2824 1821 oportet
2864 1740 3039 1819 ope-

285 1870 431 1919 ram
465 1845 679 1939 dare,
718 1856 800 1918 ut
837 1844 1039 1920 bona
1076 1846 1217 1919 sibi
1256 1846 1507 1945 legata
1546 1872 1589 1919 a
1622 1844 2000 1944 judicibus
2039 1845 2581 1944 adjudicentur.

1200 2341 1849 2495 Κεφάλαιον
1925 2344 2193 2486 H‘„

726 2545 1136 2691 Περὶ
1267 2536 2584 2653 ἀποθανόντων.

1501 2762 1817 2776 «Νικνν-ννννννν·

1337 2882 1657 3026 Caput
1702 2880 1970 3001 VIII.

1124 3079 1319 3196 De
1439 3082 2182 3197 mortui&

1552 3356 1779 3433 1437.

489 3495 651 3574 Τόν
706 3493 1219 3574 ἀποθανόντα
1278 3503 1794 3596 προτίθεσθαι
1862 3495 2138 3586 ἔνδον,
2209 3491 2408 3586 ὅπως
2467 3489 2570 3575 ἄν
2624 3495 3039 3597 βούληται·

286 3630 624 3724 ἐκφέρειν
678 3623 754 3701 δὲ
810 3621 952 3700 τόν
990 3621 1501 3699 ἀποθανόντα
1540 3623 1634 3720 τῇ
1669 3615 2034 3724 ὗστεραίᾳ
2074 3615 2124 3720 ᾖ
2162 3617 2266 3699 όῖν
2305 3623 2752 3724 προθῶνται
2781 3682 2802 3714 ,
2862 3629 3041 3723 πρὶν

288 3746 493 3842 ἥλιον
530 3757 855 3847 ἐξέχειν·
912 3748 1265 3850 βαδίζειν
1321 3748 1397 3828 δὲ
1437 3747 1623 3837 τούς
1659 3743 1948 3850 ἄνδρας
1989 3746 2358 3849 πρόσθεν,
2417 3743 2611 3826 ὅταν
2648 3755 3043 3846 ἐκφέρων-

285 3905 431 3966 ται,
486 3874 621 3963 τοὶς
661 3873 737 3951 δὲ
776 3885 1158 3980 γυναῖκας
1197 3867 1565 3951 ὄπισθεν·
1618 3885 1962 3979 γυναῖκα
2003 3871 2080 3951 δὲ
2110 3871 2218 3973 μὴ
2260 3882 2536 3966 ἐξεῖναι
2578 3878 2890 3951 εἰσιέναι
2940 3879 3048 3962 εἰς

285 3998 367 4076 τοὶ
422 4000 574 4077 τοῦ
625 3997 1175 4088 ἀποθανόντος
1224 3999 1406 4100 μηδ’
1457 3997 1942 4078 ἀκολουθεῖν
1980 3997 2520 4091 ἀποθανόντι,
2579 3994 2772 4076 ὅταν
2809 4005 2916 4089 εἰς
2950 3998 3048 4076 τοὶ

286 4125 566 4226 σήματα
604 4120 873 4231 ἄγηται
900 4185 921 4218 ,
988 4124 1203 4214 ἐντὸς
1244 4124 1590 4219 ἑξήκοντ’
1628 4126 1824 4206 ἐτῶν
1860 4137 2326 4232 γεγονυῖαν,
2383 4123 2582 4218 πλὴν
2621 4121 2796 4200 ὅσαι
2833 4123 3053 4214 ἐντὸς

290 4250 726 4354 ἀνεψιαδῶν
765 4256 952 4328 εἰσί·
1001 4250 1183 4350 μηδ’
1243 4256 1349 4339 εἰς
1403 4249 1496 4326 τοὶ
1558 4252 1697 4328 τοῦ
1738 4249 2287 4338 ἀποθανόντος
2326 4249 2692 4340 εἰσιέναι,
2739 4248 3049 4327 ἐπειδᾶν

283 4379 640 4478 ἐξενεχθῇ
682 4371 725 4456 ό
765 4369 1033 4469 νέκυς,
1090 4389 1433 4483 γυναῖκα
1463 4375 2148 4478 μηδεμίαν,·πλὴν
2205 4373 2379 4453 ὅσαι
2437 4373 2656 4464 ἐντὸς
2705 4373 3043 4478 ἀνεψια-

287 4503 433 4582 δῶν
474 4509 694 4585 εἰσίν.
805 4509 1005 4602 (Lex
1045 4507 1346 4585 Solonis
1386 4509 1585 4609 apud
1616 4507 2003 4584 Demosth.
2027 4507 2196 4584 adv.
2223 4508 2530 4583 Macart.
2561 4505 2831 4598 1071.)

1550 4667 1777 4745 1437.

486 4813 941 4892 Defunctum
981 4811 1181 4888 intus
1220 4823 1703 4915 proponunto
1741 4809 2346 4913 (spectandum),
2405 4835 2854 4912 quocunque
2891 4839 3046 4889 mo-

288 4941 375 5018 do
396 4941 729 5018 voluerit.
773 4941 1160 5014 Efferunto
1183 4951 1431 5015 autem
1452 4949 1825 5014 mortuum
1847 4937 2202 5040 postridie
2236 4964 2457 5037 quam
2495 4936 3044 5039 proposuerint,

290 5079 449 5144 ante
472 5066 647 5143 solis
670 5075 1030 5143 exortum.
1074 5063 1232 5140 Viri
1254 5075 1524 5161 autem,
1550 5089 1773 5164 quum
1805 5065 2110 5139 effertur
2147 5074 2504 5157 mortuus,
2529 5059 3046 5154 antecedunto‚

288 5193 621 5271 mulieres
678 5218 877 5292 pone
932 5201 1357 5291 sequuntor.
1434 5189 1585 5267 Sed
1620 5189 1914 5264 mulieri
1953 5189 2162 5264 nefas
2201 5198 2360 5264 esto
2398 5189 2477 5264 in
2516 5187 2818 5264 domum
2855 5213 3048 5265 mor·

2539 5312 2626 5380 24
