3725 5850
658 460 813 547 324
1753 490 1877 544 ms
1917 487 2334 545 Punntctm.

1937 680 2163 759 1273.

865 822 1325 917 Ἀθηναίων
1356 835 1517 915 τοῖς
1555 821 2160 921 ἀφικνουμένοις
2184 826 2305 899 ἐπὶ
2334 820 2428 899 τὰ
2464 817 2791 925 Ἴσθμια
2814 828 3168 925 παρέχειν
3185 854 3400 925 προε-

664 948 929 1049 δρίαν,
1006 946 1197 1027 ὅσον
1261 945 1365 1027 ἂν
1416 948 1659 1027 τόπον
1714 952 1992 1048 ἐπίσχῃ
2047 951 2637 1026 καταπετασθὲν
2688 944 2776 1027 τὸ
2850 948 2975 1041 τῆς
3051 948 3406 1050 θεωρίδος

664 1072 849 1164 νεῶς
884 1076 1154 1153 ἱστίον.
2187 1077 2597 1175 (Plutarch.
2637 1078 2993 1156 Theseus.
3033 1080 3201 1172 25.)

1935 1222 2164 1299 1273.

876 1364 1458 1443 Atheniensibus
1480 1422 1499 1461 ‚
1555 1366 1681 1467 qui
1720 1366 1813 1441 ad
1851 1366 2162 1443 Isthmia
2207 1366 2588 1461 venerint,
2648 1327 3146 1443 attribuantur
3182 1368 3416 1468 prima

665 1490 1017 1572 subsellia
1070 1500 1280 1567 tanto
1317 1492 1561 1592 spatio
1583 1550 1602 1585 ‚
1658 1502 2020 1593 quantum
2076 1493 2288 1571 navis
2337 1491 2694 1569 theoridis
2749 1516 3164 1593 expansum
3215 1490 3414 1568 humi

664 1616 915 1695 velum
951 1618 1449 1719 occupaverit.

1866 1828 2094 1919 Μέρος
2141 1854 2184 1914 y

1810 1954 1880 2023 A
1965 1956 2028 2021 θ’
2117 1956 2157 2021 λ
2245 1982 2292 2023 α

1895 2189 2082 2255 Pars
2129 2190 2189 2256 3.

1754 2313 1809 2379 Ρ
1854 2336 1890 2377 ι·
1932 2334 1973 2378 a
2017 2333 2055 2377 e
2099 2332 2162 2377 m
2208 2313 2231 2379 i
2277 2334 2333 2378 a.

1940 2476 2170 2553 1274.

875 2617 1016 2693 Ἐν
1041 2622 1192 2717 μὲν
1226 2615 1318 2710 δὴ
1350 2616 1741 2720 Ὀλυμπίᾳ
1780 2622 2108 2695 κοτίνου
2146 2618 2254 2719 τῷ
2295 2618 2615 2696 νικῶντι
2654 2617 3018 2697 δίδοσθαι
3039 2626 3422 2714 στέφανον

670 2746 808 2816 καὶ
845 2748 929 2817 ἐν
967 2746 1291 2840 Δελφοῖς
1328 2742 1654 2840 δάφνης·
1714 2753 1800 2822 ἐν
1842 2742 2144 2844 Ἰσθμῷ
2203 2742 2278 2819 δὲ
2345 2738 2384 2838 ἦ
2448 2749 2664 2833 πίτυς
2710 2750 2849 2820 καὶ
2903 2742 2998 2819 τοὶ
3049 2752 3135 2821 ἐν
3175 2750 3420 2843 Νεμέᾳ

671 2872 927 2946 σέλινα
963 2868 1417 2971 νενόμισται.
1481 2874 1573 2948 Οἱ
1612 2871 1689 2948 δὲ
1729 2865 2017 2976 ἀγῶνες
2054 2874 2420 2966 φοίνικος
2469 2873 2786 2968 ἔχουσιν
2822 2872 2895 2946 οἱ
2933 2876 3203 2948 πολλοὶ
3251 2874 3416 2948 στέ-

671 3019 963 3092 φανον·
1016 3003 1089 3083 ἐς
1128 2995 1203 3072 δὲ
1240 2995 1383 3089 τὴν
1419 2996 1682 3090 δεξιάν
1719 3005 1876 3074 ἐστι
1913 3001 2048 3071 καὶ
2091 2997 2500 3094 πανταχοῦ
2535 2998 2636 3071 τῶ
2678 2996 2996 3074 νικῶντι
3033 3001 3422 3096 ἐστιθέμε-

670 3149 807 3211 νος
843 3127 1130 3216 φοίνιξ.
2283 3127 2642 3219 (Pausan.
2683 3127 2891 3220 VIII,
2935 3126 3059 3219 48,
3099 3125 3212 3217 2.)

1944 3235 2170 3312 1274.

883 3375 1165 3454 Victori
1226 3379 1304 3453 in
1343 3378 1693 3482 Olympia
1750 3405 1843 3456 ex
1882 3380 2246 3472 oleastro,
2307 3377 2624 3480 Delphis
2663 3403 2702 3454 e
2740 3377 2947 3454 lauro
2988 3403 3262 3454 corona
3298 3377 3422 3451 de-

672 3515 811 3578 tur.
887 3501 979 3577 In
1033 3502 1315 3579 Isthmo
1372 3516 1621 3580 autem
1675 3505 1975 3605 pinum,
2033 3507 2110 3580 in
2173 3505 2458 3580 Nemea
2511 3503 2762 3603 apium
2813 3503 2972 3579 dari
3008 3502 3424 3579 institutum

674 3637 804 3702 est.
884 3627 1116 3704 Ludis
1170 3655 1393 3728 porro
1449 3628 1820 3731 plerisque
1878 3629 2170 3731 palmae
2225 3655 2508 3706 corona
2553 3629 2978 3706 decernitur
2999 3684 3018 3720 ‚
3075 3629 3418 3705 victores-

674 3775 820 3854 que
858 3753 1105 3830 cuncti
1143 3753 1417 3855 ubique
1455 3756 1791 3833 locorum
1828 3755 2156 3856 palmam
2194 3755 2503 3832 dextera
2538 3754 2985 3855 praeferunt.

1891 4035 2251 4127 Μέροςδ’.

1666 4157 2438 4250 Ἐλευθέρια.

1957 4315 2163 4326 -------------

1658 4525 2448 4594 Eleutherio„

1950 4707 2179 4782 1275.

897 4855 1263 4927 Συνιέναι
1290 4853 1439 4948 μὲν
1474 4854 1579 4938 εἰς
1616 4845 2020 4936 Πλαταιὰς
2055 4853 2249 4924 καθ’
2285 4854 2618 4940 ἕκαστον
2652 4840 3014 4922 ἐνιαυτὸν
3047 4841 3232 4932 τούς
3279 4837 3414 4920 ἀπὸ

686 4975 814 5068 τῆς
854 4967 1225 5061 Ἑλλάδος
1260 4971 1739 5074 προβούλους
1794 4979 1933 5048 καὶ
1989 4968 2368 5072 θεωρούς,
2427 4963 2759 5074 ἄγεσθαι
2817 4967 2893 5045 δὲ
2955 4997 3413 5066 πενταετηρι-

688 5099 843 5179 κὸν
897 5095 1162 5205 ἀγῶνα
1215 5099 1372 5175 τῶν
1416 5098 1951 5202 Ἐλευθερίων.
2010 5104 2422 5185 Πλαταιεῖς
2480 5095 2548 5171 δ’
2607 5093 2941 5182 ἀσύλους
2997 5100 3137 5170 καὶ
3189 5088 3413 5194 ἱερούς

688 5223 1062 5325 ἀφεῖσθαι
1096 5226 1204 5330 τῷ
1246 5224 1412 5329 θεῷ
1428 5283 1452 5319 ,
1514 5223 1855 5314 θύοντας
1887 5215 2080 5327 ὑπὲρ
2115 5222 2242 5317 τῆς
2267 5217 2656 5313 Ἑλλάδος.
2713 5225 2870 5298 Καὶ
2906 5223 2982 5298 οἱ
3019 5225 3409 5302 Πλαταιεῖς
