3725 5850
1090 436 1474 491 svccessm
1512 436 1557 487 ε
1596 436 2126 493 ‘resume-uro.
2849 414 2998 491 361

168 632 447 726 μένοις
494 619 553 702 ὃ
602 658 681 702 τι
725 624 1247 714 διατίθενται,
1308 620 1477 698 ἀλλ’
1519 620 1769 705 αὐτοῦ
1800 626 2064 726 μόνου
2119 628 2262 705 τοῦ
2323 634 2781 705 καταλιπεῖν
2836 625 3005 703 δια-

182 751 459 845 θήκας
488 812 513 843 ,
576 752 979 852 μάρτυρας
1018 756 1543 851 παρίστανται.

1420 865 1714 955 (Isaeus
1755 864 1845 940 de
1889 866 2285 945 Nicostrat.
2323 865 2474 943 her.
2517 863 2586 968 ξ.
2633 866 2794 959 13.)

1516 1023 1744 1099 1407.

410 1169 937 1247 Testamenta
973 1169 1383 1245 condentes
1422 1196 1576 1245 non
1612 1177 1966 1263 tenentur
2004 1168 2316 1246 testibus
2356 1171 2640 1264 dicere,
2699 1171 2876 1271 quid
2929 1172 3010 1247 in

187 1294 482 1373 tabulis
531 1298 905 1399 scriptum
940 1297 1070 1390 sit,
1128 1294 1257 1371 sed
1294 1293 1460 1370 ideo
1500 1294 1964 1375 solummodo
2005 1296 2296 1375 adstare
2341 1298 2652 1398 jubent,
2711 1324 2856 1399 quo
2898 1308 3005 1372 te·
3035 1327 3050 1340 ·

192 1432 513 1501 stentur
556 1432 1097 1499 testamentum
1132 1446 1293 1499 esse
1334 1420 1693 1499 relictum.

430 1721 869 1823 Acabrixng'
910 1718 1162 1808 οὐδεὶς
1220 1719 1517 1796 πώποτε
1578 1718 2023 1826 ἀντίγραφα
2079 1735 2444 1799 ποιεῖται·
2519 1720 2804 1799 τούτου
2861 1717 3007 1827 γὰρ

201 1856 448 1925 ἕνεκα
508 1850 1125 1927 καταλείπουσιν
1182 1849 1257 1923 οἱ
1314 1846 1881 1945 διατιθέμενοι,
1938 1854 2072 1926 ἵνα
2115 1849 2380 1949 μηδεὶς
2436 1848 2598 1947 εἰδῇ
2657 1842 2710 1924 ἃ
2759 1847 3009 1926 διατί-

212 1980 529 2055 θενται.
1389 1978 1817 2070 (Demosth.
1856 1980 1934 2057 in
1973 1978 2335 2082 Stephan.
2377 1982 2474 2073 Π,
2521 1978 2791 2071 1137.)

1507 2137 1540 2210 1
1562 2137 1734 2212 408.

436 2284 695 2359 Nemo
732 2308 1058 2382 unquam
1099 2284 1522 2357 testamenti
1562 2284 1674 2359 sui
1733 2296 2077 2385 apertum
2117 2284 2496 2386 exemplar
2553 2285 2749 2360 facit.
2825 2285 3009 2359 Eam

218 2409 425 2485 enim
468 2410 575 2486 ob
616 2434 773 2483 rem
829 2409 1254 2509 relinquunt
1307 2419 1700 2487 testatores
1756 2420 2326 2507 testamentum,
2384 2421 2466 2486 ut
2513 2436 2736 2486 nemo
2779 2410 3008 2505 norit,

218 2534 397 2633 quid
442 2533 994 2610 constituerint.

1510 2643 1547 2716 1
1562 2644 1736 2719 409.

444 2778 627 2878 Χρὴ
666 2778 755 2856 τὸ
796 2792 1318 2885 γραμματεῖον
1355 2784 1459 2869 εἰς
1496 2779 1637 2857 τὸν
1676 2790 1944 2877 ἐχῖνον
1983 2785 2372 2881 ἐμβαλεῖν,
2430 2789 2567 2858 καὶ
2606 2782 2749 2860 τὸν
2785 2790 3012 2883 παρέ-

223 2937 483 3002 χοντα
530 2918 993 3007 μαρτυρεῖν,
1050 2911 1153 2982 ἵν’
1193 2914 1287 2984 ἐκ
1322 2905 1451 2998 τῆς
1490 2904 1860 3000 ἀληθείας
1916 2913 2053 2984 καὶ
2107 2908 2250 2983 τοῦ
2307 2906 2402 2983 τὰ
2463 2918 2726 3007 σημεῖα
2790 2908 3010 2999 ἰδεῖν,

242 3036 311 3108 οὶ
354 3033 724 3111 δικασταὶ
762 3030 852 3109 τὸ
894 3032 1203 3137 πρᾶγμα
1243 3031 1500 3136 γνῶσι.

1446 3143 1872 3238 (Demosth.
1910 3145 1990 3222 in
2029 3143 2387 3246 Stephan.
2425 3147 2486 3240 I,
2530 3144 2798 3236 1106.)

1523 3308 1560 3381 1
1578 3309 1752 3382 409.

456 3432 781 3534 Oportet
814 3435 1105 3512 tabulas
1142 3435 1567 3512 testamenti
1604 3434 1683 3508 in
1723 3432 2061 3510 echinum
2099 3433 2504 3533 conjicere,
2548 3444 2622 3508 et
2659 3459 2849 3527 eum,
2891 3433 3017 3534 qui

244 3582 363 3633 eas
400 3559 753 3654 exhibet,
812 3561 1103 3657 testari,
1140 3571 1225 3637 ut
1266 3585 1307 3636 e
1346 3560 1661 3637 veritate
1700 3571 1775 3637 et
1808 3559 2273 3662 inspectione
2311 3559 2702 3658 signorum
2727 3556 3018 3657 judices

244 3709 397 3762 rem
434 3699 920 3785 cognoscant.

1530 3793 1757 3870 1410.

444 3914 803 3994 Ἀνελεῖν
840 3919 1079 4006 ἔξεστι
1118 3912 1207 3994 τὸ
1248 3928 1771 4020 γραμματεῖον
1809 3912 1900 3991 τὸ
1953 3912 2156 4015 παρα
2213 3916 2310 4014 τῇ
2366 3913 2564 4017 ἀρχῇ
2621 3918 3015 4013 κείμενον,

253 4045 379 4116 καὶ
418 4040 717 4150 γράψαι
756 4047 860 4131 εἰς
899 4051 1157 4143 ἕτερον
1194 4043 1273 4119 εἴ
1301 4074 1371 4118 τι
1408 4042 1793 4144 βούλεται.

1552 4157 1851 4248 (Isaeus
1892 4153 1985 4232 de
2020 4153 2404 4253 Cleonym.
2443 4153 2598 4229 her.
2641 4153 2808 4243 25.)

1518 4315 1743 4390 1410.

462 4439 722 4517 Liceat
781 4442 1147 4540 abrogare
1206 4442 1500 4518 tabulas
1556 4441 2026 4535 testamenti,
2087 4467 2270 4540 quas
2327 4442 2488 4541 quis
2548 4439 2747 4542 apud
2787 4441 3017 4541 magi-

262 4575 557 4642 stratum
595 4566 1085 4667 deposuerat,
1143 4579 1217 4642 et
1254 4567 1433 4644 alias
1473 4567 1831 4662 condere,
1901 4567 1959 4642 si
1997 4567 2225 4644 lubet.

468 4847 630 4927 Τὸν
684 4848 1171 4950 βουλόμενον
1244 4845 1545 4932 ἄνελε-ἵν
1616 4849 1759 4942 τὴν
1818 4847 2251 4942 διαθήκην,
2310 4845 3019 4954 διομολογήσασθαι

269 4978 613 5054 ἐναντίον
684 4975 826 5052 τοῦ
908 4969 1289 5074 ἄρχοντος
1362 4982 1500 5052 καὶ
1574 4976 1729 5052 τῶν
1786 4975 2174 5077 παρέδρων
2231 4981 2369 5051 καὶ
2396 4974 2864 5076 μαρτύρων,
2923 4967 3028 5062 ὦς

271 5097 511 5179 οὐκέτ’
551 5097 767 5202 αὐτῷ
806 5106 1064 5193 κέηται
1108 5094 1148 5193 ἦ
1194 5101 1553 5197 διαθήκη.

1618 5215 1923 5311 (Isaens
1961 5212 2052 5293 de
2093 5213 2400 5296 Philoct.
2443 5211 2594 5294 her.
2635 5210 2800 5310 32.)
