3725 5850
942 466 1557 519 coMMEernms
1600 465 1701 513 An
1743 462 1866 517 164.
1909 464 2032 519 167.
2073 444 2200 520 171).
2239 464 2360 520 171.
2865 444 3016 521 441

250 666 591 734 senatum
626 657 1207 758 quingentorum
1240 657 1675 735 mittebatur
1694 712 1717 751 ,
1775 659 1904 760 qui
1936 657 2384 761 indagabat,
2442 684 2734 738 noxane
2773 662 3024 762 aliqua

248 792 380 858 aut
416 782 621 860 fraus
658 784 736 861 in
774 807 864 860 eo
904 782 1170 863 lateret
1189 842 1207 879 ,
1249 794 1322 861 et
1358 783 1463 860 sic
1502 783 1596 860 ad
1633 786 1997 886 populum
2038 785 2436 864 ferebatur.
2495 786 2604 881 (A
2623 814 2676 865 n
2697 815 2740 864 o
2761 812 2812 863 n
2832 814 2884 889 y
2901 788 3021 867 mi

246 932 606 1006 argum.
644 908 741 986 in
779 908 1268 987 Demosth.
1310 936 1370 986 c.
1411 906 1992 989 Androtion.
2043 940 2114 1013 p.
2159 912 2379 1004 591.)

1416 1119 1568 1204 Aa
1622 1122 1839 1205 104.

460 1270 943 1349 Consvetudo
982 1272 1166 1349 haec
1207 1269 1497 1349 videtur
1533 1283 1774 1349 aetate
1822 1270 2351 1350 Demosthenis
2389 1272 2806 1351 invaluisse.

1422 1482 1574 1566 Ad
1625 1482 1843 1567 107.

462 1628 711 1707 Schol.
748 1632 827 1707 in
863 1630 1347 1708 Demosthen.
1389 1628 1817 1707 Aristocrat.
1844 1630 2020 1726 649,
2046 1631 2147 1706 29
2170 1659 2186 1707 :
2209 1622 2414 1706 ‘'Ooa
2456 1626 2617 1705 ἴδια
2652 1628 2782 1721 τῆς
2817 1632 3015 1733 βου-

234 1750 373 1844 λῆς
412 1756 870 1853 ψηφίσματα
911 1746 1049 1845 ἦν,
1105 1750 1321 1828 ταῦτ’
1384 1746 1480 1843 ἦν
1534 1758 1819 1829 ἐπέτεια
1875 1758 2012 1828 καὶ
2073 1766 2570 1854 συνανῃρεῖτο
2627 1756 2717 1854 τῇ
2766 1754 3012 1858 βουλῇ

226 1874 433 1975 μετά
492 1878 853 1957 ἐνιαυτὸν
908 1886 1339 1980 παυομένη·
1406 1874 1549 1954 ὅσα
1611 1878 1685 1955 δὲ
1745 1877 1899 1955 ἀπὸ
1958 1880 2084 1971 τῆς
2139 1880 2426 1981 βουλῆς
2467 1882 2613 1958 ἔδει
2655 1881 2838 1983 πρὸς
2876 1882 3016 1959 τὸν

238 2002 497 2104 δῆμον
534 2006 983 2106 πεμφθῆναι
1036 2010 1173 2081 καὶ
1231 2002 1320 2081 τὸ
1383 2005 1626 2105 κῦρος
1687 2012 1858 2105 παρ’
1900 2002 2148 2083 αὐτοῦ
2207 2010 2515 2108 λαβεῖν,
2575 2006 2820 2085 ταῦτα
2860 2006 3018 2085 οὐκ

233 2124 337 2221 ἦν
372 2138 687 2213 ἐπέτεια.
764 2136 1311 2237 (Quaecunque
1370 2135 1673 2211 decreta
1729 2146 2030 2211 senatus
2071 2149 2282 2213 erant
2318 2138 2660 2239 propria,
2719 2139 2848 2216 illa
2886 2165 3014 2214 an-

234 2287 392 2339 nua
435 2273 650 2339 erant
686 2274 761 2338 et
796 2262 951 2337 vim
988 2260 1428 2337 amittebant
1477 2274 1647 2361 post
1704 2284 1980 2336 annum
2040 2273 2378 2338 cessante
2432 2284 2736 2361 senatu3
2793 2289 3013 2362 quae-

236 2413 535 2488 cunque
573 2416 752 2465 vero
792 2387 1182 2489 oportebat
1219 2414 1263 2462 a
1302 2398 1561 2464 senatu
1618 2386 1712 2463 ad
1769 2388 2128 2487 populum
2183 2388 2369 2465 mitti
2408 2399 2481 2463 et
2518 2390 2614 2467 ab
2656 2390 2796 2465 hoc
2836 2414 3011 2465 con-

237 2512 558 2607 firmari,
595 2512 721 2590 illa
758 2538 909 2588 non
948 2525 1160 2589 erant
1197 2512 1510 2603 annua.)

458 2638 920 2735 Platonis
976 2637 1648 2715 definitiones
1690 2637 1886 2711 415:
1957 2632 2363 2735 Ψήφισμα,
2425 2636 2674 2743 δόγμα
2715 2643 3012 2713 πολιτι-

234 2758 398 2836 κὸν
434 2758 545 2847 εἴς
591 2790 765 2837 τινα
812 2759 1113 2861 χρόνον
1172 2755 1725 2859 ἀφωρισμένον.
1804 2764 2244 2855 (Decretum
2288 2778 2399 2839 est
2437 2764 2760 2841 edictum
2799 2766 3013 2841 civile

234 2890 333 2968 ad
372 2900 671 2993 tempus
712 2888 1011 2994 aliquod
1051 2888 1504 2980 definitum.)

459 3017 649 3094 Cum
684 3017 932 3117 itaque
973 3016 1269 3092 decreta
1305 3013 1567 3115 populi
1605 3037 1837 3113 usque
1860 3010 1958 3089 ad
1979 3025 2272 3115 tempus
2311 3016 2818 3114 abrogationis
2860 3017 3012 3090 vim

232 3144 429 3246 leg-is
466 3142 904 3234 habuerint,
963 3152 1159 3217 recte
1218 3165 1335 3216 me
1396 3137 1661 3214 fecisse
1700 3136 2058 3236 arbitror,
2118 3137 2316 3238 quod
2357 3138 2718 3216 nonnulla
2750 3140 3010 3242 populi

234 3271 542 3348 decreta
576 3269 769 3346 inter
806 3268 1008 3368 leges
1047 3265 1478 3368 receperim.

459 3395 571 3473 Of.
628 3391 1195 3470 B'ohnecke:
1274 3389 1821 3490 Forschungen
1878 3391 2014 3466 auf
2059 3389 2227 3466 dem
2286 3391 2599 3468 Gebiete
2657 3393 2789 3468 der
2844 3391 3010 3468 atti—

232 3523 471 3600 schen
506 3521 809 3598 Redner
843 3520 995 3597 und
1034 3517 1164 3596 der
1201 3515 1645 3596 Geschichte
1695 3516 1896 3592 ihrer
1929 3515 2111 3592 Zeit.
2172 3517 2462 3610 (Berlin
2506 3518 2774 3609 1843.)
2850 3519 3006 3594 Hu-

219 3650 353 3748 jus
414 3649 661 3751 operis
718 3675 895 3750 pars
950 3644 1274 3722 secunda
1328 3646 1655 3720 continet
1714 3642 2008 3720 decreta
2067 3639 2543 3747 (Συναγωγή
2603 3639 3008 3742 ψηφισμά-

232 3777 459 3869 των),
496 3799 685 3877 quae
724 3783 961 3851 aetate
999 3771 1578 3848 Demosthenica
1614 3770 1787 3845 inde
1828 3795 1873 3845 a
1910 3793 2095 3870 pace
2135 3770 2605 3848 Philocratea
2643 3793 2876 3870 usque
2914 3769 3008 3844 ad

234 3901 649 3983 Alexandri
702 3901 779 3977 in
837 3901 1091 3980 Asiam
1148 3897 1697 4001 expeditionem
1734 3924 1779 3971 a
1817 3906 2082 3972 senatu
2137 3899 2564 3998 populoque
2604 3895 3005 3973 Athenien-

232 4027 433 4104 sium
470 4025 623 4104 lata
658 4038 871 4123 sunt,
912 4038 989 4104 et
1023 4026 1298 4128 partim
1335 4026 1667 4126 integra,
1709 4023 1983 4125 partim
2018 4020 2402 4099 decurtata
2440 4032 2754 4099 exstant.

1418 4217 1569 4300 Ad
1621 4217 1835 4300 170.

456 4368 681 4472 Apud
716 4366 1238 4446 Chalcidenses
1276 4367 1395 4444 lex
1445 4377 1645 4464 erat,
1702 4392 1798 4442 ne
1853 4363 2336 4464 magistratus
2393 4364 2517 4439 vel
2569 4361 2794 4461 legati
2848 4387 3004 4436 mu-

231 4522 418 4574 nere
454 4498 927 4594 sungeretur,
965 4497 1091 4596 qui
1130 4495 1346 4571 annis
1385 4491 1928 4594 quinquaginta
1965 4491 2212 4568 minor
2247 4500 2463 4567 esset.
2525 4489 2702 4584 (He
2725 4517 2760 4564 r
2781 4488 3002 4565 acli-

235 4625 281 4700 d
308 4649 347 4702 e
373 4651 411 4700 s
447 4623 719 4699 Pont.
760 4623 852 4698 de
890 4621 1045 4697 reb.
1086 4620 1287 4722 publ.
1331 4619 1499 4714 31.)

455 4746 883 4826 Secundum
921 4745 1167 4846 Leges
1205 4745 1544 4822 Platonis
1583 4749 1697 4847 (p.
1740 4744 1918 4840 785,
1957 4744 2060 4837 Β)
2120 4743 2297 4820 viris
2337 4755 2508 4818 ante
2548 4745 3002 4842 trigesimum

236 4877 501 4954 aetatis
540 4900 816 4951 annum
852 4900 1005 4949 non
1042 4872 1318 4948 licebat
1352 4872 1866 4970 magistratum
1902 4893 2185 4968 gerere.

1424 5064 1575 5148 Ad
1626 5066 1822 5146 171.

454 5215 737 5295 Thebis
775 5217 897 5294 lex
934 5226 1131 5309 erat,
1190 5237 1282 5288 ne
1305 5271 1323 5308 ,
1376 5215 1499 5314 qui
1537 5239 1688 5291 non
1726 5211 1980 5288 decem
2019 5235 2249 5290 annos
2289 5213 2454 5290 foro
2493 5235 2736 5290 rerum
2773 5238 2996 5290 vena-
