3725 5850
714 396 867 473 426
1317 417 1938 473 COMMENTARIUS
1977 421 2084 471 An
2121 416 2210 475 eo.
2253 418 2340 473 το.
2381 418 2469 471 ⁷8.
2509 416 2600 473 w.
2637 416 2730 473 so.
2767 415 2859 471 ss.

709 622 865 707 tur,
900 612 1009 691 ita
1044 623 1129 691 ut
1164 636 1407 715 neque
1444 613 1788 691 viderent
1822 636 2274 715 quemquam
2311 640 2572 693 eorum
2609 612 2736 713 qui
2773 616 3310 703 convenerant,
3351 631 3476 685 ne-

710 765 853 839 que
888 741 987 817 ab
1024 740 1177 816 ullo
1214 738 1687 836 viderentur,
1728 751 2020 819 tantum
2055 741 2462 819 clamorem
2497 740 2792 819 illorum
2831 735 3290 815 exaudirent.
3359 732 3478 809 Ibi

709 889 861 941 non
900 864 1115 941 simul
1148 866 1475 945 universi
1498 924 1517 960 ,
1574 865 1709 944 sed
1766 892 1956 945 unus
2004 878 2178 967 post
2233 866 2462 947 alium
2515 874 2715 945 sorte
2763 863 3029 943 ductus
3065 860 3146 939 in
3181 858 3470 937 concio-

708 1014 882 1066 nem
918 990 1293 1085 veniebat,
1334 991 1749 1091 tacitusque
1784 1016 1925 1092 per
1959 1014 2124 1067 eam
2162 992 2548 1071 transibat.
2605 989 2668 1069 Ii
2705 990 2831 1093 qui
2868 984 3201 1069 conclusi
3239 990 3469 1073 erant,

704 1116 783 1191 in
820 1114 1115 1192 tabulas
1150 1114 1662 1193 inscribebant
1680 1172 1699 1211 ,
1757 1126 2076 1218 quantus
2123 1117 2218 1193 ad
2265 1118 2730 1217 singulorum
2765 1114 3163 1191 transitum
3197 1110 3470 1189 clamor

705 1240 969 1321 fuisset
1002 1239 1375 1319 sublatus:
1432 1266 1673 1343 neque
1710 1241 1805 1319 ad
1844 1268 2066 1343 quem
2101 1244 2166 1321 is
2205 1244 2612 1345 pertineret
2653 1240 2804 1321 illis
2840 1239 3271 1327 constabat,
3325 1234 3461 1315 nisi

708 1367 908 1467 quod
944 1367 1231 1445 ratione
1272 1366 1591 1463 ordinis,
1634 1379 1861 1471 quoto
1899 1369 2430 1447 acclamaretur
2451 1426 2470 1465 ,
2506 1366 3052 1467 intelligebant.
3132 1362 3276 1441 Oui
3307 1386 3456 1439 ma-

704 1493 903 1571 xime
956 1518 1045 1571 ac
1099 1492 1697 1596 frequentissime
1752 1491 2016 1573 fixisset
2087 1495 2618 1592 acclamatum,
2692 1518 2864 1571 eum
2917 1486 3458 1569 renuntiabant.

704 1617 1254 1714 (Plutarch.
1312 1619 1729 1721 Lycurg.
1791 1620 1960 1711 26.)

918 1742 1313 1821 Cretenses
1352 1742 1443 1820 de
1482 1744 1783 1821 summis
1820 1746 2045 1823 rebus
2093 1744 2554 1823 consiliarios
2611 1741 3116 1835 adhibebant,
3175 1740 3300 1841 qui
3335 1738 3456 1815 Se-

704 1870 951 1945 niores
989 1869 1469 1948 vocabantur.
1544 1870 2119 1972 Cooptabantur
2173 1882 2420 1949 autem
2475 1872 2550 1947 in
2607 1868 2792 1948 illud
2849 1867 3293 1965 collegium,
3346 1864 3458 1965 qui

702 1993 1137 2071 Cosmorum
1194 1998 1633 2097 magistratu
1688 1997 1898 2098 digni
1935 1997 2170 2075 habiti
2209 1998 2545 2094 fuerant,
2609 2022 2698 2075 ac
2735 1994 2922 2073 alias
2959 1993 3179 2095 probi
3221 2016 3457 2069 cense-

701 2120 997 2197 bantur.
1058 2111 1621 2216 (Aristotel.
1663 2119 2211 2218 Polit.11,7,
2263 2124 2333 2199 5.
2373 2120 2758 2199 Strab0.
2801 2122 2895 2197 X.
2935 2144 3098 2221 cap.
3141 2119 3212 2191 4.
3255 2112 3455 2218 ξ.22.

705 2270 781 2347 p.
818 2246 1039 2337 481.)

916 2370 1137 2473 Apud
1182 2370 1631 2473 Epidaurios
1684 2372 2224 2476 rempublicam
2297 2373 2724 2450 tractabant
2777 2382 3082 2448 centum
3137 2385 3216 2444 et
3273 2376 3452 2442 octa-

700 2497 911 2599 ginta
946 2495 1108 2571 viri.
1182 2496 1298 2573 Ex
1333 2496 1448 2571 his
1485 2506 1863 2574 senatores
1902 2496 2372 2596 deligebant,
2434 2523 2620 2598 quos
2657 2497 3148 2600 appellabant
3193 2491 3364 2572 Art
3380 2516 3450 2593 y-

701 2646 894 2697 nos.
952 2622 1496 2716 (Plutarch.
1536 2632 1819 2723 quaest.
1856 2650 1970 2724 gr.
2017 2623 2126 2718 1.)

1909 2832 2062 2917 Ad
2120 2834 2279 2918 ⁷0.

914 2982 1390 3061 Demosthen.
1455 2983 1889 3063 Aristocrat.
1944 3011 2018 3086 p.
2071 2984 2269 3058 651:
2346 2971 2650 3078 ἄκυρόν
2703 2986 2860 3055 ἐστι
2911 2975 3004 3054 τὸ
3063 2977 3445 3079 ψήφισμα·

700 3103 1248 3204 προβούλευμα
1304 3103 1451 3210 γάρ
1504 3113 1713 3182 ἐστιν
1732 3163 1757 3196 ,
1814 3098 1859 3182 ὁ
1905 3103 2144 3206 νόμος
2181 3103 2250 3180 δ’
2287 3111 2576 3182 ἐπέτεια
2629 3102 2924 3181 κελεύει
2972 3100 3069 3179 τὰ
3105 3101 3238 3195 τῆς
3269 3105 3448 3202 βου-

699 3227 831 3320 λῆς
866 3228 1065 3306 εἶναι
1102 3234 1583 3332 ψηφίσματα.
1640 3237 1980 3330 (Irritum
2015 3247 2132 3312 est
2167 3233 2590 3330 decretum,
2629 3233 2832 3335 quod
2867 3231 3446 3310 senatusconsul-

696 3373 857 3436 tum
886 3362 1275 3461 praevium
1310 3360 1447 3458 sit3
1484 3361 1609 3438 lex
1626 3370 1878 3438 autem
1885 3363 2128 3464 jubet,
2167 3359 2816 3440 senatusconsulta
2851 3360 3103 3436 valere
3123 3358 3444 3449 annum.)

1911 3569 2065 3655 Ad
2121 3574 2282 3656 ⁷8.

912 3720 1079 3797 Hoc
1114 3721 1395 3798 factum
1434 3731 1548 3798 est
1584 3721 1763 3798 410.
1800 3745 1869 3800 a.
1909 3720 2086 3798 Chr.
2125 3719 2421 3822 Olymp.
2465 3720 2591 3814 92,
2623 3719 2696 3814 3,
2736 3729 2820 3796 ut
2855 3731 3175 3822 apparet
3213 3745 3307 3798 ex
3343 3745 3442 3796 eo-

696 3846 869 3924 dem
904 3846 1345 3924 scholiastae
1382 3848 1586 3924 loco:
1630 3849 1815 3940 φησί
1852 3840 2001 3948 γὰρ
2047 3840 2474 3944 Φιλόχορος
2497 3865 2513 3884 ·
2557 3845 2731 3946 ,ἐπὶ
2771 3845 3291 3920 Γλαυκίππου
3325 3845 3442 3916 καὶ

698 3961 741 4060 ἦ
781 3964 1025 4070 βουλὴ
1065 3965 1269 4042 κατὰ
1310 3966 1623 4072 γράμμα
1661 3973 1835 4046 τότε
1871 3967 2178 4070 πρῶτον
2214 3974 2651 4062 ἐκαθέζετο.
2697 3967 3230 4064 (Philochorus
3267 3972 3440 4050 enim

697 4100 838 4174 ait:
894 4095 1275 4175 Archonte
1334 4095 1758 4202 Glaucippo
1810 4109 2115 4177 senatus
2174 4098 2501 4201 primum
2549 4095 2864 4174 sedebat
2917 4095 3328 4174 secundum
3373 4095 3441 4172 li-

699 4226 956 4324 teras.)
1903 4326 2057 4411 Ad
2113 4328 2273 4410 ⁷⁹·

912 4473 1528 4554 Additamentum
1585 4477 1761 4554 anni
1820 4476 2058 4552 403-ii
2095 4503 2159 4554 a.
2201 4475 2336 4554 Ch.
2394 4486 2566 4578 post
2611 4477 2864 4579 pulsos
2901 4441 3212 4574 triginta
3247 4477 3438 4554 viros.

1898 4685 2062 4776 Aa
2103 4665 2266 4772 ao}

914 4835 1098 4917 Inde
1135 4862 1182 4912 a
1216 4847 1551 4939 tempore
1592 4835 2012 4916 Clisthenis.

1899 5029 2052 5114 Ad
2106 5031 2268 5114 85.

916 5177 1214 5261 Scholia
1269 5179 1347 5255 in
1404 5177 1749 5284 Thucyd.
1807 5183 1906 5278 II,
1970 5181 2108 5258 15:
2165 5173 2644 5278 Πρυτάνεις,
2701 5179 2779 5254 οἱ
2831 5176 2990 5254 τῶν
3025 5171 3235 5256 ὅλων
3271 5203 3436 5276 πρα-
