3725 5850
591 455 780 542 630
1218 477 1836 536 consummares
1872 476 1981 528 An
2026 469 2183 530 1490.
2227 467 2385 529 me.
2430 469 2587 528 1501.
2631 469 2791 528 1502.

1774 696 1941 782 aa·
1966 699 2253 783 1408.
2312 647 2327 659 ’
2462 649 2470 657 ’

828 872 944 952 cf.
982 871 1260 951 Lexiea
1297 869 1604 972 Seguer.
1664 895 1738 970 p.
1778 866 1957 942 219.

827 999 916 1076 In
941 999 1114 1099 jure
1150 998 1492 1074 Romano
1532 993 1816 1096 emptio
1851 999 1933 1068 et
1966 991 2302 1070 venditio
2342 991 2847 1087 contrahitur,
2890 1019 3057 1071 eum
3097 993 3189 1068 de
3228 1019 3396 1093 pre·

613 1127 718 1206 tio
766 1123 1246 1233 convenerit,
1303 1121 1646 1227 quamvis
1701 1118 2040 1196 nondum
2078 1117 2393 1218 pretium
2450 1129 2923 1198 numeratum
2976 1119 3109 1210 sit,
3156 1144 3247 1196 ao
3300 1141 3399 1196 ne

616 1250 842 1332 arrha
876 1249 1182 1352 quidem
1216 1248 1394 1325 data
1429 1245 1694 1324 fuerit:
1751 1271 1929 1322 nam
1965 1243 2171 1346 quod
2206 1245 2473 1323 arrhae
2508 1245 2813 1324 nomine
2863 1245 3083 1335 datm
3102 1301 3121 1340 ,
3178 1267 3401 1342 argu·

614 1385 957 1456 mentum
1009 1385 1126 1454 est
1183 1371 1594 1498 emptionis⁸
1620 1379 1696 1448 et
1729 1367 2185 1448 venditionis
2224 1379 2669 1452 contractae.
2744 1370 2864 1468 (Gr
2882 1397 2929 1449 a
2937 1368 3017 1473 ji
3073 1369 3111 1446 I
3130 1394 3183 1446 n
3202 1395 3238 1446 s
3259 1368 3403 1448 tit.

614 1503 752 1604 ω’
791 1501 1012 1600 ¹³⁰⁶)
1092 1653 1100 1662 -
1776 1599 1929 1684 Αιι
1975 1599 2264 1684 1400.

839 1771 1181 1854 Platonis
1216 1771 1426 1871 leges
1463 1767 1650 1848 haee
1685 1775 2028 1848 statuunt
2064 1765 2369 1861 (916.):
2427 1768 2490 1846 si
2525 1767 2695 1870 quis
2731 1769 3187 1872 nannipium
3224 1793 3409 1848 ven·

621 1900 810 1982 didit
841 1895 1390 1979 tabulatorum
1427 1893 1552 1972 vel
1590 1891 1881 1975 ealmilo
1916 1892 2041 1970 vol
2076 1893 2507 1992 stranguria
2542 1894 2665 1974 vel
2698 1894 2963 1974 morbo
3000 1917 3245 1990 saoro,
3286 1894 3411 1972 vel

619 2027 769 2106 alio
807 2024 1165 2127 quopiam
1202 2019 1580 2123 plerisque
1619 2018 1917 2096 oeeulto
1956 2019 2291 2120 eorporis
2311 2019 2431 2096 vel
2452 2019 2723 2096 mentis
2756 2020 3020 2099 morbo
3058 2016 3411 2098 diuturno

621 2162 704 2235 et
733 2151 832 2230 ad
883 2147 1310 2230 noandum
1363 2145 1652 2230 difficili
1674 2204 1693 2241 ,
1751 2145 1816 2221 si
1871 2143 2163 2222 medico
2218 2144 2559 2224 vendidit
2614 2145 2741 2223 vel
2792 2146 3413 2224 exercitationum

620 2275 980 2378 magistro
1000 2332 1021 2368 ‚
1075 2272 1284 2351 nulla
1321 2271 1388 2348 ei
1427 2295 1614 2371 erga
1651 2267 1852 2348 hune
1889 2268 2291 2348 redhibitio
2354 2281 2537 2348 esto.
2614 2269 2695 2348 Si
2734 2295 2919 2350 vero
2956 2272 3137 2353 artis
3172 2272 3417 2374 impe·

621 2403 770 2480 rito
803 2398 1090 2504 perium
1125 2395 1394 2497 aliquis
1429 2394 1771 2474 vendidit
1817 2394 2239 2496 hujusmodi
2295 2393 2617 2496 aliquem
2640 2453 2661 2491 ‚
2716 2408 3010 2500 emptor
3044 2399 3243 2474 intra
3282 2422 3415 2474 sex

623 2548 918 2606 menses
953 2521 1386 2618 redhibete,
1443 2529 1758 2621 exeepto
1793 2522 2061 2598 morbo
2096 2541 2353 2617 saero;
2410 2519 2629 2620 hujus
2666 2541 2847 2600 vero
2892 2521 3137 2600 morbi
3178 2507 3412 2598 redhi-

623 2650 814 2729 bitio
847 2651 1048 2727 intra
1083 2673 1366 2724 annum
1401 2669 1758 2724 concessa
1795 2655 1982 2723 este.

838 2792 1061 2895 Apud
1113 2791 1501 2871 Romanos
1551 2791 1893 2869 vendens
1948 2788 2320 2892 spondere
2398 2791 2727 2868 debebat
2798 2812 2955 2868 rem
3026 2792 3417 2870 venditam

625 2921 835 3001 nullo
871 2919 1055 2997 vitio
1090 2921 1458 2999 laborare.
1533 2917 1857 3021 Sponsio
1896 2918 2085 2996 haee
2120 2929 2371 2997 autem
2406 2918 2637 2997 fiebat
2672 2945 2811 3023 per
2848 2931 3090 2999 certas
3130 2921 3413 2999 formu-

623 3049 774 3142 las,
829 3071 1140 3148 quarum
1177 3044 1460 3146 aliquot
1503 3042 1806 3121 exhibet
1856 3044 2209 3121 Varro:
2264 3047 2399 3121 De
2454 3072 2551 3121 re
2610 3057 2841 3123 rust.
2898 3048 2995 3126 ΙΙ.
3068 3047 3419 3149 Exempli

629 3200 892 3251 eausa:
947 3173 1196 3249 Illas
1253 3193 1609 3271 capras
1663 3167 2279 3247 hodiereote
2338 3196 2549 3247 esse
2590 3184 2687 3247 et
2722 3171 3065 3248 bibere
3123 3198 3419 3273 posse

628 3300 1196 3399 hahereque
1249 3306 1523 3384 recte
1579 3295 1941 3389 licere,
1996 3296 2236 3377 haee
2293 3296 2968 3399 sponde2sne?-.
3009 3354 3026 3375 .
3067 3354 3086 3375 .
3124 3356 3143 3375 .
3184 3296 3415 3375 Illa-

633 3448 794 3505 soe
848 3448 1080 3501 su-es
1134 3445 1426 3498 sanas
1479 3444 1698 3499 esse
1753 3419 2323 3525 habereque
2382 3433 2651 3515 reete
2704 3423 3021 3507 lieere
3064 3448 3417 3503 noxas·

634 3576 812 3654 que
903 3548 1469 3651 praestari,
1571 3572 1890 3649 neque
1982 3549 2093 3647 de
2187 3574 2549 3649 pecore
2642 3550 3101 3627 morboso
3196 3574 3417 3627 esse

634 3674 1440 3779 spondesneP...

1796 3776 1952 3862 Ad
2005 3778 2272 3863 1501.

845 3940 966 4020 Ex
1019 3940 1168 4019 hoo
1211 3940 1388 4042 jure
1443 3941 1606 4017 sine
1661 3940 1891 4018 dubie
1945 3940 2339 4018 deseendit
2393 3941 2579 4019 illud
2598 4000 2619 4037 ‚
2678 3944 2878 4043 quod
2934 3942 3413 4019 observatum

641 4068 874 4149 fnisse
907 4067 1111 4169 apud
1145 4067 1532 4145 Romanos
1567 4066 1895 4170 ,leg-imus
1948 4067 2029 4143 in
2066 4067 2465 4145 Pandeetis
2522 4068 2755 4161 (Tit.
2812 4071 2923 4146 de
2982 4071 3271 4145 eviet.
3330 4084 3419 4147 et

637 4191 893 4294 dupl.
931 4192 1133 4294 stip
1154 4192 1336 4287 ul.).
1393 4190 1756 4271 Solebant
1793 4192 1995 4278 enim
2034 4204 2451 4294 emptores,
2498 4194 2561 4269 si
2598 4193 2689 4270 de
2728 4195 2957 4272 rebus
2992 4220 3177 4297 quas
3216 4219 3413 4271 eme-

638 4327 806 4397 rent
857 4327 1338 4395 moverentur
1391 4318 1994 4414 controversiae,
2052 4329 2393 4396 auetore‘s
2432 4345 2607 4397 suos
2643 4320 2946 4397 laudare
2968 4376 2992 4415 ‚
3044 4332 3131 4395 ut
3164 4320 3415 4396 litibus

639 4441 1128 4523 subsisterent
1147 4452 1222 4521 et
1248 4442 1760 4522 defensionem
1795 4444 2287 4546 susciperent,
2326 4453 2519 4547 qua'e
2552 4444 3166 4523 denunciationes
3204 4470 3413 4547 prae-

641 4567 980 4649 sentibus
1033 4570 1462 4662 auctoribus
1496 4629 1514 4666 ‚
1589 4570 1666 4647 id
1721 4580 1836 4649 est
1888 4569 2409 4648 venditoribus
2464 4582 2538 4649 et
2585 4570 2665 4647 in
2708 4574 2879 4673 jure
2938 4574 3225 4649 fiebant
3276 4572 3417 4649 hoo

643 4694 906 4775 modo:
966 4693 1316 4795 „quando
1352 4705 1426 4773 te
1461 4694 1540 4773 in
1565 4697 1738 4798 jure
1773 4696 2200 4799 eonspieio,
2256 4696 2555 4797 postulo
2614 4707 2877 4775 auctor
2912 4698 3121 4775 fias.“
3200 4698 3405 4775 Dice·

641 4820 1064 4923 beatusque
1099 4821 1436 4901 actiones
1467 4824 1544 4901 in
1584 4833 1924 4901 auotores
1960 4833 2415 4927 praesentes.

1792 5049 1948 5134 M
1981 5052 2269 5139 1⁵02.

863 5216 1127 5315 „Hanc
1145 5216 1436 5296 Solonis
1473 5219 1722 5317 legem
1754 5220 1865 5298 ad·
1890 5220 2197 5296 anulum
2232 5219 2721 5319 signatorium
2756 5220 3154 5321 pertinere,
3194 5244 3401 5297 nemo
