3725 5850
613 435 770 512 128
1709 460 1834 510 ms
1870 459 2286 515 Pusmctm.

610 675 767 724 κυν
799 650 1032 748 ῥίψας
1051 699 1074 735 ,
1134 643 1430 740 οἴχεται
1465 647 1781 751 φεύγων
1802 669 1818 688 ·
1879 647 1959 721 οἱ
2014 643 2093 724 δὲ
2144 637 2279 730 ἃτε
2330 632 2495 724 τὸν
2526 639 2777 748 ἄνδρα
2830 636 2917 733 ὃς
2974 641 3239 746 ἔδρασε
3272 639 3363 720 τὸ

613 777 840 878 ἔργον
875 768 1033 847 οὐκ
1067 767 1350 857 εἰδότες
1371 777 1458 872 ,ἐς
1496 763 2155 877 δίκηνιῦπάγουσι
2192 768 2337 850 τὸν
2374 778 2723 853 πέλεκυν.

2376 884 2829 980 (Pausan.1‚
2872 884 2996 980 24,
3036 883 3157 978 4.)

1906 990 2081 1067 528.

822 1101 912 1176 In
969 1097 1203 1175 Poliei
1263 1099 1318 1176 J
1322 1098 1482 1174 ovis
1539 1123 1670 1174 ara
1723 1095 2085 1174 hordeum
2138 1099 2381 1174 tritico
2436 1099 2869 1201 permistum
2923 1096 3365 1200 apponitur,

610 1249 846 1325 neque
905 1225 1248 1302 custodes
1303 1223 1767 1301 adhibentur.
1845 1223 1993 1298 Bos
2049 1235 2299 1300 autem
2354 1224 2448 1300 ad
2505 1250 2800 1301 sacrum
2848 1233 3319 1325 comparatus
3344 1281 3362 1318 ,

610 1351 786 1426 dum
822 1348 915 1426 ad
953 1376 1156 1458 aram
1192 1350 1514 1445 accedit,
1573 1349 1828 1448 fruges
1889 1375 2012 1424 eas
2050 1349 2372 1448 attingit.
2450 1351 2513 1426 E
2551 1376 2861 1427 numero
2900 1345 3371 1425 sacerdotum

607 1501 787 1551 vero
818 1473 1028 1551 bovis
1067 1476 1348 1552 occisor
1381 1473 1698 1551 securim
1733 1472 1813 1550 in
1850 1473 2061 1550 illum
2087 1471 2457 1574 jaculatus
2495 1474 2790 1574 fugiens
2828 1473 3026 1550 abit:
3066 1472 3369 1552 adstan-

608 1611 720 1676 tes
761 1612 1049 1699 autem‚
1110 1612 1482 1703 tamquam
1537 1623 1744 1697 eum,
1804 1599 1929 1700 qui
1962 1600 2243 1688 ,bovem
2278 1599 2763 1702 percusserit,
2822 1625 2977 1674 non
3014 1598 3361 1692 viderint,

609 1725 926 1802 securim
963 1727 1038 1802 in
1065 1727 1433 1828 judicium
1472 1752 1678 1803 ream
1715 1727 1969 1802 citant.

1902 1887 2077 1962 529.

809 2006 951 2085 Ἐν
1006 2009 1101 2108 τῇ
1145 2008 1359 2111 μόνῃ
1415 2008 1642 2108 λοιπῇ
1703 2001 1935 2110 ἦμέρᾳ
1993 2005 2135 2084 τοῦ
2194 2007 2567 2086 ἐνιαυτοῦ
2602 2007 2714 2108 τῷ
2747 2010 2886 2084 Διῒ
2930 2005 3043 2106 τῷ
3096 2003 3373 2111 σωτῆρι

614 2137 852 2210 θυσία
897 2139 1288 2238 γίγνεται,
1345 2133 1842 2233 δικαστήριον
1902 2131 1979 2208 δὲ
2040 2129 2240 2234 παρὰ
2297 2130 2481 2220 τούς
2534 2131 2819 2232 νόμους
2877 2129 2971 2209 οὐ
3030 2127 3375 2210 δυνατὸν

611 2260 1125 2358 πληρωθῆναι.
1745 2263 2052 2363 (Lysias
2094 2263 2189 2340 de
2228 2262 2559 2340 Evandri
2594 2261 2888 2364 probat.
2928 2255 2997 2362 ξ.
3036 2262 3155 2357 6.)

1910 2429 1953 2498 5
2068 2483 2084 2501 .

820 2532 963 2610 Die
1027 2533 1202 2610 anni
1252 2533 1507 2609 ultimo
1561 2531 1617 2610 J
1621 2533 1744 2609 ovi
1801 2427 2179 2610 Servzallori
2235 2558 2445 2608 sacra
2503 2533 2730 2629 fiunt3
2773 2529 3135 2631 judicium
3183 2555 3373 2608 vero

610 2657 868 2734 haberi
907 2681 1044 2760 per
1080 2658 1287 2758 leg-es
1325 2657 1530 2734 nullo
1567 2658 1790 2734 modo
1827 2658 2021 2733 licet.

1912 2819 2087 2896 530.

812 2940 954 3019 Ἐν
1007 2940 1098 3041 τῇ
1161 2946 1401 3043 θυσίᾳ
1456 2940 1598 3018 τοῦ
1656 2938 1837 3030 Διὸς
1892 2942 2033 3018 τοῦ
2096 2941 2419 3043 σωτῆρος
2476 2936 2848 3045 ἀργύριον
2902 2946 3147 3019 τελεῖν
3207 2950 3377 3027 τοῖς

612 3067 1273 3161 κατασκευάζουσι
1313 3074 1451 3143 καὶ
1488 3067 1873 3169 κοσμοῦσι
1910 3066 2052 3144 τὸν
2086 3066 2378 3171 βωμὸν.

2109 3196 2525 3292 (Plutarch.
2564 3194 2947 3273 Demosth.
2988 3194 3155 3288 27.)

824 3449 914 3526 In
952 3447 1309 3524 sacrificio
1346 3442 1402 3523 J
1403 3447 1564 3524 ovis
1605 3340 2078 3543 Servatoiig·
2116 3448 2201 3525 iis
2256 3447 2380 3549 qui
2429 3448 2659 3524 altare
2700 3456 3061 3548 apparatu
3098 3445 3375 3522 instru-

611 3580 748 3649 unt
783 3584 858 3648 et
894 3572 1256 3648 adornant
1275 3630 1294 3667 ‚
1331 3574 1652 3673 pecunia
1688 3573 2179 3674 persolvatur.

1554 3977 2197 4131 Κεφάλαιον
2256 3990 2367 4089 Z
2383 3978 2430 4086 '.

1153 4174 1708 4323 Νόμοι
1853 4184 2834 4323 πολεμικοί.

1839 4396 2094 4409 mmm&
2101 4396 2156 4409 W

1700 4515 2019 4659 Caput
2067 4514 2281 4633 VII.

1509 4710 1746 4829 Jus
1839 4714 2463 4828 martiale.

1904 4932 2077 5008 531.

827 5058 1280 5160 Ναυκραρία
1320 5052 1596 5146 ἑκάστη
1633 5051 1784 5131 δύο
1823 5057 2087 5140 ἱππέας
2123 5058 2469 5154 παρέχει,
2526 5061 2666 5131 καὶ
2706 5056 2911 5133 ναῦν
2935 5062 3152 5159 μίαν.

2328 5184 2637 5277 (Pollux
2676 5184 2886 5284 VIII,
2930 5186 3154 5285 108.)
