3725 5850
629 434 783 513 382
1698 452 1821 505 ms
1858 452 1986 503 mu
1997 452 2297 507 vAthM.

1899 646 2126 723 1483.

840 778 949 852 Ea
986 772 1239 851 omnia
1272 770 1478 847 irrita
1514 780 1773 864 sunm,
1836 771 1898 845 si
1935 772 2098 871 quis
2135 770 2421 849 mulieri
2461 796 2735 873 parens
2771 768 3016 848 faeiat.

1891 932 2119 1011 1484.

840 1058 1081 1137 Παιδί
1112 1056 1218 1160 μὴ
1258 1047 1535 1150 ἐξεῖναι
1576 1052 2091 1154 συμβάλλειν,
2139 1055 2329 1156 μηδὲ
2389 1063 2704 1162 γυναικὶ
2765 1062 2948 1155 πέρα
2999 1054 3398 1155 μεδίμνου

623 1186 952 1285 κριθῶν.
1891 1187 2187 1277 (Isaeus
2229 1186 2320 1261 de
2365 1184 2668 1263 Aristar.
2707 1186 2862 1261 her.
2901 1180 2970 1284 ξ.
3017 1186 3176 1279 10.)

1904 1347 2130 1423 1484.

836 1478 1076 1552 Puero
1116 1500 1209 1550 ne
1248 1474 1449 1550 licito
1488 1500 1657 1549 eum
1697 1497 2071 1573 quoquam
2109 1474 2550 1551 contrahere
2590 1498 2829 1572 neque
2869 1472 3158 1557 mulieri
3193 1474 3388 1547 ultra

625 1602 1077 1679 medimnum
1116 1599 1494 1679 frumenti.

1894 1722 1928 1795 1
1944 1722 2120 1798 485.

842 1842 957 1924 Τά
998 1852 1082 1925 ἐν
1110 1846 1357 1947 μανίᾳ
1399 1838 1655 1944 ἄκυρα
1694 1840 1917 1922 εἶναι.

1759 1972 2089 2077 (Syrian.
2128 1972 2206 2047 in
2243 1972 2696 2071 Hermogen.
2746 1980 2909 2048 stat.
2954 1971 3172 2065 194.)

1901 2134 2128 2210 1485.

836 2263 1045 2357 Quae
1085 2262 1163 2337 in
1201 2261 1451 2338 furore
1490 2270 1657 2337 acta
1692 2268 1912 2354 sunt,
1971 2257 2180 2335 irrita
2215 2258 2602 2337 habentor.

839 2542 1225 2645 Προσήκει
1280 2539 1463 2631 τούς
1518 2538 1969 2629 ἀντιδίκους
2025 2534 2218 2639 ὑπὲρ
2264 2546 2416 2641 μὲν
2467 2541 2625 2618 τῶν
2681 2539 2948 2631 ι’δίων,
3027 2536 3230 2629 ὅπως
3285 2535 3376 2615 ἂν

628 2667 912 2758 αὐτούς
950 2675 1318 2759 πείθωσι,
1378 2668 1848 2747 διοικεῖσθαι
1891 2665 2074 2766 πρὸς
2131 2665 2546 2759 ἀλλήλους,
2604 2662 2797 2767 ’ὑπὲρ
2853 2667 2930 2745 δὲ
2993 2666 3150 2745 τῶν
3204 2663 3378 2763 πρὸς

625 2794 714 2871 τὸ
758 2794 1164 2894 δημόσιον,
1220 2789 1421 2881 ὅπως
1460 2790 1560 2870 ὄῖν
1598 2797 1670 2871 οἳ
1710 2791 1935 2892 νόμοι
1975 2790 2410 2870 κελεύωσιν.

1898 2922 2318 3016 (Demosth.
2361 2949 2419 2998 e.
2460 2920 2856 3000 Theocrin.
2904 2922 3173 3015 1328.)

1900 3085 2126 3160 1486.

838 3214 1077 3289 Decet
1133 3211 1594 3288 adversarios
1631 3211 1709 3285 in
1759 3210 2071 3311 privatis
2127 3203 2423 3310 quidem
2475 3205 2980 3286 contractibus
3019 3237 3153 3287 suo
3193 3209 3370 3286 arbi·

626 3350 822 3415 tratu
862 3339 1059 3414 inter
1096 3364 1174 3415 se
1212 3340 1667 3437 transigere,
1706 3338 1785 3413 in
1824 3335 2090 3412 aerarii
2125 3359 2306 3413 vero
2347 3337 2608 3432 rebu8‚
2650 3349 2732 3412 ut
2768 3339 2972 3446 leges
2999 3338 3368 3438 jusserint.

1899 3499 2128 3575 1487.

839 3625 939 3698 Αἱ
977 3621 1371 3713 συνθῆκαι
1410 3627 1759 3699 τίθενται
1800 3619 2004 3720 παρά
2043 3652 2215 3697 τινι.

1931 3732 2356 3826 (Demosth.
2397 3729 2564 3808 adv,
2607 3729 2907 3833 Apatur.
2947 3731 3170 3824 897.)

1901 3894 2124 3968 1487.

840 4020 1233 4098 Pactiones
1271 4017 1469 4120 apud
1508 4017 1827 4119 aliquem
1867 4017 2362 4121 deponuntur.

1907 4181 2126 4256 1488.

845 4279 1139 4370 Πάντες
1193 4277 1595 4384 ἅνθρωποι
1618 4341 1640 4374 ,
1702 4279 1893 4360 ὅταν
1948 4282 2136 4384 πρὸς
2186 4282 2557 4377 ἀλλήλους
2613 4284 2979 4361 ποιῶνται
3039 4310 3354 4390 συγγρα-

630 4404 819 4502 φὰς,
876 4405 1159 4483 τούτου
1197 4416 1424 4485 ἕνεκα
1463 4407 1970 4508 σημηνάμενοι
2007 4414 2357 4486 τίθενται
2409 4419 2582 4507 παρ’
2643 4407 2758 4498 οἷς
2811 4405 2914 4486 ἂν
2969 4412 3360 4487 πιστεύσω-

630 4557 792 4621 σιν,
867 4535 996 4621 W,
1070 4527 1207 4608 ἐάν
1260 4565 1330 4609 τι
1392 4530 1934 4639 ἀντιλέγωσιν,
2007 4529 2058 4633 ᾗ
2114 4532 2376 4622 αὐτοῖς
2447 4535 3017 4612 ἐπανελθοῦσιν
3091 4543 3213 4613 ἐπὶ
3282 4533 3356 4610 τὰ

628 4655 1031 4760 γράμματα
1069 4659 1441 4736 ἐντεῦθεν
1476 4658 1620 4736 τὸν
1658 4663 1982 4765 ἔλεγχον
2041 4660 2504 4752 ποιήσασθαι
2566 4667 2728 4762 περὶ
2785 4663 2933 4737 τοῦ
2987 4659 3357 4760 ἀμφισβη-

628 4789 1031 4882 τουμένου.
1927 4790 2350 4881 (Demosth.
2389 4789 2559 4865 adv.
2602 4783 2910 4892 Apatur.
2951 4791 3171 4884 904.)

1889 4952 1926 5024 1
1941 4952 2113 5026 488.

842 5073 1121 5153 Omnes
1156 5074 1491 5151 homines
1530 5099 1754 5176 quum
1790 5076 2086 5154 tabulas
2125 5077 2318 5152 inter
2355 5101 2438 5153 se
2473 5077 2773 5174 faciunt,
2813 5089 3216 5181 propterea
3249 5077 3356 5154 ob-

630 5202 955 5306 {signatas
993 5201 1192 5303 apud
1230 5225 1355 5276 eos
1394 5199 1817 5303 deponunt,
1858 5203 2126 5304 quibus
2166 5203 2390 5284 fidem
2434 5203 2748 5300 habent,
2791 5215 2912 5305 ut,
2951 5205 3013 5281 si
3049 5231 3200 5306 qua
3235 5205 3352 5282 dis-
