3725 5850
1363 453 1461 507 nn
1500 454 2099 513 commem-mm.
2541 438 2548 445 ’
2956 434 3102 515 381

290 646 676 744 γράφειν
710 649 849 721 καὶ
885 640 976 719 τὸ
1016 640 1447 740 κεφάλαιον
1482 644 1624 719 τοῦ
1666 640 2037 749 ἀργυρίου
2059 706 2081 739 ,
2140 650 2393 725 ἔπειτα
2431 644 2963 754 παραγράφειν
2995 648 3104 749 τῷ

292 764 536 845 δεῖνι
576 767 1012 849 ἀποδοῦναι
1050 768 1205 859 δεῖ,
1260 773 1398 845 καὶ
1434 766 1577 845 ἐὰν
1603 773 1765 867 μὲν,
1787 769 2270 875 γιγνώσκωσι
2309 769 2452 866 τὴν
2509 766 2704 874 ὄψιν
2757 771 2898 851 τοῦ
2957 770 3102 851 ἀν·-

298 892 707 993 θρώπου,
768 886 831 997 ᾦ
880 892 981 971 ἂν
1018 893 1145 992 δέῃ
1186 892 1665 984 ἀποδοῦναι,
1722 897 2106 975 τοσοῦτον
2161 897 2416 998 μόνον
2454 911 2744 989 ποιεῖν,
2801 896 3100 1046 γραψαι

297 1007 379 1117 ᾧ
434 1018 563 1097 δεῖ
614 1017 1097 1111 ἀποδοῦναι,
1155 1017 1294 1096 ἐὰν
1332 1018 1409 1094 δὲ
1458 1018 1567 1118 μή
1625 1020 2151 1125 γιγνώσκωσι,
2213 1032 2348 1101 και
2405 1024 2694 1102 τούτου
2749 1019 3103 1126 τοῦνομα

294 1144 1067 1295 προσπαραγράφειν
1104 1138 1187 1233 ὃς
1224 1141 1328 1221 ἂν
1354 1151 1595 1247 μέλλῃ
1636 1146 2033 1240 συστήσειν
2077 1157 2216 1226 καὶ
2276 1149 2551 1243 δείξειν
2604 1148 2747 1229 τὸν
2785 1144 3104 1251 α’νθρω-

297 1300 541 1362 πον,
601 1262 697 1348 ὃν
735 1268 837 1348 ἂν
876 1270 1001 1370 δὲῃ
1041 1276 1520 1371 κομίσασθαι
1563 1270 1650 1348 τὸ
1692 1268 2082 1378 ἀργύριον.

1742 1386 2168 1479 (Demosth.
2209 1414 2268 1465 e.
2310 1388 2575 1490 Callip.
2618 1389 2888 1483 1237.)

1616 1546 1845 1624 1479.

554 1670 817 1749 Solent
852 1684 1103 1750 autem
1140 1699 1401 1751 omnes
1450 1674 1843 1769 mensarii,
1898 1676 1959 1751 si
1999 1675 2160 1775 quis
2198 1675 2422 1753 homo
2459 1676 2794 1777 privatus
2834 1683 3096 1774 argen-

308 1810 499 1873 tum
538 1797 923 1897 deponens
963 1798 1179 1875 alicui
1219 1797 1422 1875 reddi
1449 1800 1711 1899 jubet,
1772 1800 2094 1876 seribere
2135 1802 2462 1903 primum
2495 1828 2770 1879 nomen
2809 1800 3100 1901 deposi-

306 1926 521 1999 toris
560 1934 632 1999 et
666 1925 960 2023 argenti
1015 1950 1420 2020 summam,
1450 1924 1747 2003 deinde
1785 1924 2246 2021 adscribere,
2307 1927 2424 2003 cui
2464 1924 2922 2003 reddendum
2961 1926 3096 2019 sit,

310 2060 409 2124 et
466 2049 529 2125 si
584 2048 851 2124 faciem
905 2060 1181 2125 norunt
1232 2048 1590 2145 hominis,
1660 2050 1777 2126 cui
1840 2062 2237 2151 argentum
2291 2051 2756 2129 reddendum
2809 2062 2968 2147 est,
3023 2050 3101 2126 id

310 2186 628 2251 tantum
666 2174 985 2271 faciunt,
1042 2186 1125 2251 ut
1160 2176 1497 2277 scribant
1533 2177 1651 2251 eui
1690 2176 1785 2252 sit
1832 2176 2328 2272 reddendum,
2387 2177 2502 2252 sin
2541 2178 2892 2277 ignorant
2913 2236 2930 2267 ‚
2985 2177 3096 2253 in-

312 2325 565 2403 super
600 2300 759 2401 ejus
796 2327 1088 2403 quoque
1126 2326 1399 2379 nomen
1446 2301 1845 2403 adjiciunt,
1906 2301 2029 2403 qui
2070 2300 2518 2379 adducturus
2559 2313 2632 2379 et
2667 2314 3096 2379 ostensurus

316 2436 451 2501 est
486 2426 903 2521 hominem,
962 2428 1079 2501 oui
1118 2438 1510 2529 argentum
1550 2438 1663 2505 est
1698 2428 2266 2505 numerandum.

552 2690 1188 2797 Παρασυγγραφὴ
1210 2750 1233 2784 ,
1292 2690 1379 2768 τὸ
1419 2586 1836 2783 &ga-³528&
1852 2691 2163 2784 ποιῆσαι
2197 2692 2354 2768 τῶν
2409 2700 2494 2769 ἐν
2549 2698 2644 2791 τῇ
2691 2694 3092 2798 συγγραφῇ

324 2820 917 2917 συμβαθὲντων.
1606 2931 1811 3006 1480
2035 2822 2366 2917 (Pollux,
2407 2822 2616 2917 VIII,
2667 2824 2878 2960 140.)

550 3037 1062 3140 Stipulationis
1119 3039 1653 3138 transgressio,
1713 3051 1825 3114 est
1892 3037 2170 3137 aliquid
2225 3062 2448 3136 agere
2495 3039 2680 3133 illis,
2739 3063 2928 3137 quae
2965 3037 3089 3114 sti-

324 3163 713 3266 pulatione
752 3164 1257 3259 eontinentur,
1314 3164 1786 3240 eontrarium.

1602 3326 1831 3401 1481.

552 3447 705 3538 Τὰς
738 3439 1137 3542 ξυνθήκας
1173 3453 1307 3524 καί
1348 3438 1767 3552 ὁμολογίας
1793 3443 1905 3547 μή
1967 3447 2476 3552 παραβαίνειν
2524 3441 2665 3524 τὸν
2721 3441 2896 3544 οὐχ’
2953 3439 3087 3524 ὕπ’

329 3571 675 3681 ἀνάγκης
712 3568 1299 3679 ὁμολογήσαντα
1323 3632 1346 3664 ,
1405 3570 1585 3650 οὐδὲ·
1626 3570 2144 3664 ἆπατηθέντα,
2203 3568 2384 3648 οὐδὲ
2422 3579 2508 3649 ἐν
2547 3568 2790 3677 ὀλίγῳ
2816 3568 3084 3672 χρόνῳ

328 3696 930 3805 ἀναγκασθέντα
966 3697 1567 3800 βουλεύσασθαι.
1995 3701 2274 3795 (Plato.
2314 3701 2542 3798 Crito,
2585 3702 2707 3798 52,
2749 3702 2874 3795 E.)

1599 3829 1829 3905 1481.

544 3954 937 4062 Conventa
974 3967 1048 4033 et
1085 3966 1304 4059 pacta
1360 3981 1452 4030 ne
1510 3953 2132 4053 transgrediatur,
2193 3954 2315 4054 qui
2354 3979 2597 4054 neque
2636 3963 2936 4042 coactus
2973 3965 3084 4029 est

327 4107 417 4158 ea
452 4081 681 4174 inire,
736 4107 975 4184 neque
1015 4081 1411 4182 deeeptuS,
1469 4107 1711 4184 neque
1766 4079 1980 4157 brevi
2043 4092 2379 4181 tempore
2419 4079 2832 4155 deliberare
2871 4103 3078 4154 eom-

325 4208 607 4308 pulsus,

541 4418 685 4514 Μή
720 4423 1149 4498 συνθέσθαι
1190 4449 1391 4520 παρα
1432 4415 1571 4495 τὸν
1600 4315 1882 4518 1νιξιῦον.

1686 4531 2102 4625 (Aristotel.
2142 4529 2446 4607 Rhetor
2487 4531 2544 4624 Ι,
2591 4529 2708 4625 15,
2752 4531 2864 4622 9.)

540 4801 653 4880 Ne
692 4801 1047 4878 adversus
1087 4801 1331 4898 legem
1368 4691 1821 4901 paeta¹1i¹llsa2
1812 4803 2014 4876 fiant.

434 5091 447 5100 ·
516 5061 829 5166 ’Ἁκυρα
865 5066 1107 5144 ταῦτα
1146 5065 1429 5158 πάντα,
1488 5061 1679 5142 ὅταν
1713 5095 1824 5152 τις
1877 5068 2198 5169 ’γυναικὶ
2255 5060 2710 5163 πειθόμενος
2755 5061 3067 5165 πρᾴττῃ.

953 5243 959 5248 ·
999 5195 1417 5290 (Demosth.
1452 5196 1533 5270 in
1562 5192 1998 5295 Olympiod.
2041 5192 2266 5312 1183,
2305 5193 2466 5270 Lex
2501 5191 2860 5282 Solonis]
2963 5279 2972 5286 ,
3097 5261 3107 5270 .
