3725 5850
715 465 866 543 176
1801 485 1931 536 ms
1960 483 2385 539 rusucun.

1986 1045 2191 1056 --------------

1912 1140 1967 1206 P
1988 1162 2031 1206 a
2052 1163 2087 1206 r
2104 1161 2135 1206 s
2199 1143 2263 1206 9.

1709 1265 1954 1332 Dies
2028 1263 2461 1354 judicii.

1994 1430 2173 1507 715.

893 1569 1046 1652 ’Ἑν
1099 1606 1179 1652 τε
1235 1585 1394 1663 τοῖς
1449 1573 1713 1676 νόμοις
1773 1575 2293 1678 γεγραμμένης
2366 1568 2817 1672 τριακοστῆς
2870 1561 3143 1670 ἡμέρας
3198 1571 3483 1666 ἑτέραν

702 1694 886 1800 ἦμῖν
923 1697 1188 1792 αὐτοῖς
1227 1699 1844 1807 συγχωρήσαντες
1881 1701 2287 1798 τιθέμεθα,
2322 1693 2523 1798 παρά
2542 1727 2623 1772 τε
2642 1707 2805 1783 ταῖς
2824 1693 3093 1797 ἀρχαῖς
3114 1687 3483 1782 ἀπάσαις,

701 1831 840 1902 καὶ
879 1826 1104 1914 δίκας
1140 1832 1279 1904 καὶ
1315 1830 1608 1928 κρίσεις
1639 1822 2223 1928 ἀναβάλλονται
2262 1833 2420 1913 τοῖς
2467 1819 2894 1912 ἀντιδίκοις
2932 1824 3003 1899 οἱ
3046 1813 3477 1926 ἄρχοντες,

703 1949 1360 2057 συγχωρησάντων
1396 1956 1720 2030 ἐκείνων
1754 1947 2130 2044 ἀλλήλοις.

1846 2077 2273 2174 (Demosth.
2312 2077 2478 2156 adv.
2516 2077 2931 2183 Phaenipp.
2979 2074 3249 2170 1042.)

1996 2241 2174 2320 715.

913 2387 1012 2462 Et
1062 2385 1356 2485 legibus
1413 2384 1790 2486 trigesima
1836 2384 2106 2486 judicii
2161 2385 2281 2464 die
2345 2384 2741 2488 praefinita
2794 2382 3021 2460 aliam
3072 2383 3269 2458 inter
3326 2407 3473 2460 nos

702 2511 1145 2613 paciscimur
1164 2570 1182 2606 ,
1223 2522 1300 2586 et
1335 2509 1536 2612 apud
1571 2511 2054 2613 magistratus
2090 2535 2349 2588 omnes
2386 2508 2829 2586 adversariis
2866 2509 3197 2586 actiones
3235 2519 3315 2584 et
3334 2508 3465 2609 ju-

701 2637 896 2714 dicia
931 2647 1343 2740 prorogant
1377 2635 1797 2738 praesides,
1856 2635 1920 2712 si
1954 2636 2098 2738 ipsi
2134 2637 2328 2712 inter
2360 2661 2441 2713 se
2479 2631 2989 2713 convenerint.

1990 2799 2170 2875 716.

914 2947 1158 3019 Kal-sl
1193 2932 1236 3017 ὅ
1279 2934 1548 3041 ἄρχων
1583 2942 1688 3029 εἰς
1721 2936 1812 3015 τό
1875 2936 2372 3040 δικαστήριον
2423 2932 2774 3025 ἅπαντας
2827 2926 3013 3027 τούς
3065 2934 3469 3043 ἀμφισβη-

698 3066 1052 3159 τοῦντας,
1839 3070 2260 3165 (Demosth.
2299 3070 2379 3147 in
2418 3068 2933 3171 Olympiodor.
2977 3069 3247 3165 1174.)
3314 3090 3323 3098 ·

1986 3229 2163 3307 716.

915 3372 1220 3453 Archon
1258 3395 1516 3452 omnes
1555 3372 2023 3453 adversarios
2058 3374 2139 3453 in
2174 3372 2425 3451 forum
2462 3373 2661 3452 citat.

1992 3534 2171 3609 717.
2302 3592 2309 3601 .

903 3671 1082 3751 Ἐπὶ
1119 3676 1276 3752 τῶν
1315 3674 1702 3777 δημοσίων
1737 3672 2067 3781 ἀγώνων
2102 3670 2197 3751 οὐ
2232 3672 2383 3775 χρὴ
2435 3672 2625 3764 τούς
2680 3672 3051 3764 δικαστάς
3086 3674 3459 3779 πρότερον

697 3800 792 3877 τὰ
849 3808 1043 3877 καθ’
1081 3808 1368 3879 ἕκαστα
1419 3800 1552 3893 τῆς
1601 3803 2063 3905 κατηγορίας
2115 3792 2533 3901 ὑπομένειν
2587 3796 2960 3893 ἀκούειν,
3021 3806 3201 3903 πρὶν
3257 3798 3458 3877 αὐτὸ

693 3924 788 4003 τὸ
851 3924 1289 4024 κεφάλαιον
1337 3926 1483 4002 τοῦ
1541 3923 1841 4031 ἀγῶνος
1897 3932 2037 4003 καὶ
2096 3924 2237 4019 τὴν
2287 3922 2771 4033 ἀντιγραφὴν
2838 3924 3327 4021 ἐξετάσωσιν,
3386 3930 3461 4003 εἰ

697 4058 906 4131 ἐστίν
941 4060 1035 4129 ἐκ
1069 4053 1228 4131 τῶν
1265 4048 1534 4153 νόμων
1567 4046 1618 4145 ἢ
1642 4051 1776 4153 μή.
1868 4055 2337 4159 (Hyperides
2372 4082 2509 4158 pro
2545 4058 3013 4159 Euxenippo.
3036 4050 3103 4158 ξ.
3130 4057 3247 4149 4.)

1992 4216 2171 4297 717.

913 4362 1003 4438 In
1038 4362 1358 4465 publicis
1396 4362 1636 4439 causis
1673 4387 1826 4438 non
1863 4371 2088 4439 antea
2108 4360 2404 4467 judices
2442 4363 2754 4463 singulis
2775 4362 3265 4441 accusationis
3286 4388 3455 4465 par-

698 4483 897 4562 tibus
935 4511 1192 4563 aurem
1225 4488 1592 4589 praebere
1628 4485 1944 4583 debent,
1999 4512 2225 4610 quam
2277 4488 2521 4589 ipsum
2554 4513 2828 4565 causae
2867 4501 3094 4592 caput
3131 4500 3207 4568 et
3244 4513 3453 4565 accu-

698 4609 962 4688 satoris
1016 4608 1350 4691 libellum
1407 4611 2037 4709 examinaverint,
2112 4604 2360 4690 utrum
2431 4639 2524 4690 ex
2579 4614 2746 4713 lege
2802 4602 2997 4692 actio
3052 4616 3457 4693 instruatur

699 4761 842 4813 nec
893 4762 1011 4813 ne.

913 4988 1081 5061 Δύο
1114 4980 1422 5085 βήματά
1462 4992 1615 5063 ἐστι
1639 5044 1661 5079 ,
1725 4986 1870 5064 τοῦ
1926 4983 2367 5092 κατηγόρου
2408 5014 2545 5064 και
2584 4986 2727 5065 τοῦ
2766 4984 3450 5096 ἀπολογουμένου,

695 5115 835 5186 καὶ
871 5110 1014 5187 τοῦ
1055 5106 1226 5197 ἑνὸς
1262 5116 1614 5217 λέγοντος
1650 5122 2059 5206 καθέζεται
2103 5106 2145 5191 ὃ
2187 5120 2437 5213 ἕτερος
2456 5173 2479 5206 ,
2536 5122 2670 5203 ἕως
2708 5105 2809 5191 οὗ
2844 5116 3039 5215 εἴπῃ.

1442 5240 1723 5335 (Schol.
1765 5244 1843 5321 in
1881 5244 2264 5322 Demosth.
2306 5244 2400 5321 de
2438 5244 2600 5323 fals.
2639 5244 2863 5347 legat.
2904 5244 3082 5345 378,
3124 5246 3241 5339 3.)
