<?xml version="1.0" encoding="UTF-8"?>
<!DOCTYPE html PUBLIC "-//W3C//DTD XHTML 1.0 Transitional//EN"
    "http://www.w3.org/TR/xhtml1/DTD/xhtml1-transitional.dtd">
<html xmlns="http://www.w3.org/1999/xhtml" xml:lang="en" lang="en">
 <head>
  <title>
</title>
<meta http-equiv="Content-Type" content="text/html;charset=utf-8" />
  <meta name='ocr-system' content='tesseract 3.04.00' />
  <meta name='ocr-capabilities' content='ocr_page ocr_carea ocr_par ocr_line ocrx_word'/>
</head>
<body>
  <div class='ocr_page' id='page_1' title='image "./synaggtnattiknn01tlgoog_0159.png"; bbox 0 0 3725 5850; ppageno 0'>
   <div class='ocr_carea' id='block_1_1' title="bbox 90 3746 96 4460">
    <p class='ocr_par' dir='ltr' id='par_1_1' title="bbox 90 3746 96 4460">
     <span class='ocr_line' id='line_1_1' title="bbox 90 3746 96 4460; baseline 0 0"><span class='ocrx_word' id='word_1_1' title='bbox 90 3746 96 4460; x_wconf 95' lang='lat' dir='ltr'><strong><em> </em></strong></span> 
     </span>
    </p>
   </div>
   <div class='ocr_carea' id='block_1_2' title="bbox 1359 432 3055 526">
    <p class='ocr_par' dir='ltr' id='par_1_2' title="bbox 1359 432 3055 526">
     <span class='ocr_line' id='line_1_2' title="bbox 1359 432 3055 526; baseline 0.004 -6"><span class='ocrx_word' id='word_1_2' title='bbox 1359 473 1483 523; x_wconf 80' lang='lat' dir='ltr'><strong><em>ms</em></strong></span> <span class='ocrx_word' id='word_1_3' title='bbox 1526 468 1955 524; x_wconf 59' lang='lat' dir='ltr'><strong><em>mannum.</em></strong></span> <span class='ocrx_word' id='word_1_4' title='bbox 2801 451 2808 470; x_wconf 76' lang='lat'><strong>¹</strong></span> <span class='ocrx_word' id='word_1_5' title='bbox 2899 432 3055 526; x_wconf 65' lang='lat'><strong><em>{33</em></strong></span> 
     </span>
    </p>
   </div>
   <div class='ocr_carea' id='block_1_3' title="bbox 291 663 3053 1140">
    <p class='ocr_par' dir='ltr' id='par_1_3' title="bbox 291 663 3053 1140">
     <span class='ocr_line' id='line_1_3' title="bbox 1577 663 1750 736; baseline 0.012 -2"><span class='ocrx_word' id='word_1_6' title='bbox 1577 663 1750 736; x_wconf 67' lang='lat'><strong>5252.</strong></span> 
     </span>
     <span class='ocr_line' id='line_1_4' title="bbox 475 777 3053 884; baseline 0.004 -26"><span class='ocrx_word' id='word_1_7' title='bbox 475 777 618 858; x_wconf 82' lang='grc' dir='ltr'><strong><em>Ἐν</em></strong></span> <span class='ocrx_word' id='word_1_8' title='bbox 651 793 814 870; x_wconf 85' lang='grc' dir='ltr'><strong><em>τοῖς</em></strong></span> <span class='ocrx_word' id='word_1_9' title='bbox 855 789 1362 882; x_wconf 79' lang='grc' dir='ltr'><strong><em>Κεραμεικοῖς</em></strong></span> <span class='ocrx_word' id='word_1_10' title='bbox 1399 781 1584 870; x_wconf 81' lang='grc' dir='ltr'><strong><em>τούς</em></strong></span> <span class='ocrx_word' id='word_1_11' title='bbox 1619 790 1706 858; x_wconf 75' lang='grc' dir='ltr'><strong><em>ἐν</em></strong></span> <span class='ocrx_word' id='word_1_12' title='bbox 1744 788 2051 884; x_wconf 75' lang='grc' dir='ltr'><strong><em>πολέμῳ</em></strong></span> <span class='ocrx_word' id='word_1_13' title='bbox 2090 785 2679 879; x_wconf 71' lang='grc' dir='ltr'><strong><em>τελευτήσαντας</em></strong></span> <span class='ocrx_word' id='word_1_14' title='bbox 2722 788 3053 869; x_wconf 75' lang='grc' dir='ltr'><strong><em>θάπτειν</em></strong></span> 
     </span>
     <span class='ocr_line' id='line_1_5' title="bbox 291 903 1793 1012; baseline 0.001 -31"><span class='ocrx_word' id='word_1_15' title='bbox 291 903 598 1010; x_wconf 73' lang='grc' dir='ltr'><strong><em>δημοσίᾳ</em></strong></span> <span class='ocrx_word' id='word_1_16' title='bbox 634 914 775 984; x_wconf 82' lang='grc' dir='ltr'><strong><em>καὶ</em></strong></span> <span class='ocrx_word' id='word_1_17' title='bbox 815 905 998 998; x_wconf 69' lang='grc' dir='ltr'><strong><em>τούς</em></strong></span> <span class='ocrx_word' id='word_1_18' title='bbox 1035 914 1486 1006; x_wconf 75' lang='grc' dir='ltr'><strong><em>ἐπιταφίους</em></strong></span> <span class='ocrx_word' id='word_1_19' title='bbox 1523 915 1793 1012; x_wconf 73' lang='grc' dir='ltr'><strong><em>λέγειν.</em></strong></span> 
     </span>
     <span class='ocr_line' id='line_1_6' title="bbox 1660 1038 2834 1140; baseline 0.003 -24"><span class='ocrx_word' id='word_1_20' title='bbox 1660 1038 2239 1140; x_wconf 78' lang='lat' dir='ltr'>(Harpocratiot</span> <span class='ocrx_word' id='word_1_21' title='bbox 2300 1039 2834 1140; x_wconf 78' lang='grc' dir='ltr'><strong><em>Κεραμεικὸς.)</em></strong></span> 
     </span>
    </p>
   </div>
   <div class='ocr_carea' id='block_1_4' title="bbox 1574 1200 1753 1277">
    <p class='ocr_par' dir='ltr' id='par_1_4' title="bbox 1574 1200 1753 1277">
     <span class='ocr_line' id='line_1_7' title="bbox 1574 1200 1753 1277; baseline 0.017 -3"><span class='ocrx_word' id='word_1_22' title='bbox 1574 1200 1753 1277; x_wconf 85' lang='grc'><strong>552.</strong></span> 
     </span>
    </p>
   </div>
   <div class='ocr_carea' id='block_1_5' title="bbox 286 1325 3045 1557">
    <p class='ocr_par' dir='ltr' id='par_1_5' title="bbox 286 1325 3045 1557">
     <span class='ocr_line' id='line_1_8' title="bbox 387 1325 3045 1433; baseline 0.002 -29"><span class='ocrx_word' id='word_1_23' title='bbox 387 1325 394 1334; x_wconf 70' lang='grc'><strong><em>’</em></strong></span> <span class='ocrx_word' id='word_1_24' title='bbox 483 1329 571 1404; x_wconf 87' lang='lat' dir='ltr'><strong><em>In</em></strong></span> <span class='ocrx_word' id='word_1_25' title='bbox 610 1325 1001 1404; x_wconf 81' lang='lat' dir='ltr'>Ceramico</span> <span class='ocrx_word' id='word_1_26' title='bbox 1056 1329 1358 1430; x_wconf 88' lang='lat' dir='ltr'>publice</span> <span class='ocrx_word' id='word_1_27' title='bbox 1417 1330 1918 1430; x_wconf 82' lang='lat' dir='ltr'><strong>sepeliantur,</strong></span> <span class='ocrx_word' id='word_1_28' title='bbox 1978 1329 2105 1433; x_wconf 90' lang='lat' dir='ltr'><strong><em>qui</em></strong></span> <span class='ocrx_word' id='word_1_29' title='bbox 2142 1331 2219 1408; x_wconf 86' lang='lat' dir='ltr'>in</span> <span class='ocrx_word' id='word_1_30' title='bbox 2262 1329 2464 1409; x_wconf 91' lang='lat' dir='ltr'>bello</span> <span class='ocrx_word' id='word_1_31' title='bbox 2504 1329 2931 1411; x_wconf 81' lang='lat' dir='ltr'>ceciderant</span> <span class='ocrx_word' id='word_1_32' title='bbox 2969 1341 3045 1409; x_wconf 81' lang='lat' dir='ltr'><strong><em>et</em></strong></span> 
     </span>
     <span class='ocr_line' id='line_1_9' title="bbox 286 1451 1738 1557; baseline 0.002 -27"><span class='ocrx_word' id='word_1_33' title='bbox 286 1452 624 1530; x_wconf 81' lang='lat' dir='ltr'>funebres</span> <span class='ocrx_word' id='word_1_34' title='bbox 662 1451 1131 1532; x_wconf 81' lang='lat' dir='ltr'>laudationes</span> <span class='ocrx_word' id='word_1_35' title='bbox 1167 1467 1738 1557; x_wconf 81' lang='lat' dir='ltr'>consequantur.</span> 
     </span>
    </p>
   </div>
   <div class='ocr_carea' id='block_1_6' title="bbox 271 1617 3048 3600">
    <p class='ocr_par' dir='ltr' id='par_1_6' title="bbox 1571 1617 1747 1694">
     <span class='ocr_line' id='line_1_10' title="bbox 1571 1617 1747 1694; baseline 0.023 -4"><span class='ocrx_word' id='word_1_36' title='bbox 1571 1617 1747 1694; x_wconf 79' lang='lat'><strong>553.</strong></span> 
     </span>
    </p>

    <p class='ocr_par' dir='ltr' id='par_1_7' title="bbox 271 1734 3048 3600">
     <span class='ocr_line' id='line_1_11' title="bbox 481 1734 3048 1885; baseline 0 -69"><span class='ocrx_word' id='word_1_37' title='bbox 481 1741 827 1838; x_wconf 58' lang='grc' dir='ltr'><strong><em>Δηιοσίᾳ</em></strong></span> <span class='ocrx_word' id='word_1_38' title='bbox 880 1734 1130 1834; x_wconf 76' lang='grc' dir='ltr'><strong><em>ταφὰς</em></strong></span> <span class='ocrx_word' id='word_1_39' title='bbox 1185 1743 1584 1814; x_wconf 72' lang='grc' dir='ltr'><strong><em>ποιεῖσθαι</em></strong></span> <span class='ocrx_word' id='word_1_40' title='bbox 1641 1737 1798 1814; x_wconf 73' lang='grc' dir='ltr'><strong><em>τῶν</em></strong></span> <span class='ocrx_word' id='word_1_41' title='bbox 1853 1745 1941 1814; x_wconf 76' lang='grc' dir='ltr'><strong><em>ἐν</em></strong></span> <span class='ocrx_word' id='word_1_42' title='bbox 1976 1737 2087 1840; x_wconf 75' lang='grc' dir='ltr'><strong><em>τῷ</em></strong></span> <span class='ocrx_word' id='word_1_43' title='bbox 2100 1744 2434 1885; x_wconf 43' lang='lat' dir='ltr'><strong><em>unostsspth</em></strong></span> <span class='ocrx_word' id='word_1_44' title='bbox 2474 1734 3048 1818; x_wconf 73' lang='grc' dir='ltr'><strong><em>ἀποθανόντων</em></strong></span> 
     </span>
     <span class='ocr_line' id='line_1_12' title="bbox 283 1858 3045 1967; baseline 0.001 -28"><span class='ocrx_word' id='word_1_45' title='bbox 283 1861 524 1964; x_wconf 82' lang='grc' dir='ltr'><strong><em>τρόπῳ</em></strong></span> <span class='ocrx_word' id='word_1_46' title='bbox 561 1861 854 1942; x_wconf 82' lang='grc' dir='ltr'><strong><em>τοιώδε.</em></strong></span> <span class='ocrx_word' id='word_1_47' title='bbox 920 1859 1031 1938; x_wconf 75' lang='grc' dir='ltr'><strong><em>Τά</em></strong></span> <span class='ocrx_word' id='word_1_48' title='bbox 1062 1865 1216 1962; x_wconf 75' lang='grc' dir='ltr'><strong><em>μὲν</em></strong></span> <span class='ocrx_word' id='word_1_49' title='bbox 1253 1858 1445 1938; x_wconf 81' lang='grc' dir='ltr'><strong><em>ὀστᾶ</em></strong></span> <span class='ocrx_word' id='word_1_50' title='bbox 1485 1867 1987 1963; x_wconf 75' lang='grc' dir='ltr'><strong><em>προτίθενται</em></strong></span> <span class='ocrx_word' id='word_1_51' title='bbox 2028 1895 2187 1940; x_wconf 88' lang='grc' dir='ltr'><strong><em>των</em></strong></span> <span class='ocrx_word' id='word_1_52' title='bbox 2224 1860 2820 1967; x_wconf 73' lang='grc' dir='ltr'><strong><em>ἀπογενομένων</em></strong></span> <span class='ocrx_word' id='word_1_53' title='bbox 2857 1865 3045 1966; x_wconf 83' lang='grc' dir='ltr'><strong><em>πρὸ-</em></strong></span> 
     </span>
     <span class='ocr_line' id='line_1_13' title="bbox 283 1980 3044 2092; baseline 0.001 -28"><span class='ocrx_word' id='word_1_54' title='bbox 283 2018 480 2089; x_wconf 88' lang='grc' dir='ltr'><strong><em>τριτα</em></strong></span> <span class='ocrx_word' id='word_1_55' title='bbox 520 1986 820 2082; x_wconf 77' lang='grc' dir='ltr'><strong><em>σκηνὴν</em></strong></span> <span class='ocrx_word' id='word_1_56' title='bbox 858 1987 1348 2082; x_wconf 78' lang='grc' dir='ltr'><strong><em>ποιήσαντες,</em></strong></span> <span class='ocrx_word' id='word_1_57' title='bbox 1407 1994 1550 2064; x_wconf 82' lang='grc' dir='ltr'><strong><em>καὶ</em></strong></span> <span class='ocrx_word' id='word_1_58' title='bbox 1604 1995 1938 2090; x_wconf 74' lang='grc' dir='ltr'><strong><em>ἐπιφέρει</em></strong></span> <span class='ocrx_word' id='word_1_59' title='bbox 1996 1989 2105 2092; x_wconf 77' lang='grc' dir='ltr'><strong><em>τῷ</em></strong></span> <span class='ocrx_word' id='word_1_60' title='bbox 2160 1980 2415 2066; x_wconf 85' lang='grc' dir='ltr'><strong><em>αυτοῦ</em></strong></span> <span class='ocrx_word' id='word_1_61' title='bbox 2474 1997 2799 2080; x_wconf 68' lang='grc' dir='ltr'><strong><em>ἕκαστος</em></strong></span> <span class='ocrx_word' id='word_1_62' title='bbox 2838 1985 2941 2083; x_wconf 75' lang='grc' dir='ltr'><strong><em>ἤν</em></strong></span> <span class='ocrx_word' id='word_1_63' title='bbox 2974 2025 3044 2068; x_wconf 89' lang='grc' dir='ltr'><strong><em>τι</em></strong></span> 
     </span>
     <span class='ocr_line' id='line_1_14' title="bbox 280 2106 3043 2222; baseline 0.001 -32"><span class='ocrx_word' id='word_1_64' title='bbox 280 2113 678 2216; x_wconf 81' lang='grc' dir='ltr'><strong><em>βούληται·</em></strong></span> <span class='ocrx_word' id='word_1_65' title='bbox 737 2110 1054 2191; x_wconf 77' lang='grc' dir='ltr'><strong><em>ἐπειδαν</em></strong></span> <span class='ocrx_word' id='word_1_66' title='bbox 1091 2112 1160 2190; x_wconf 81' lang='grc' dir='ltr'><strong><em>δ’</em></strong></span> <span class='ocrx_word' id='word_1_67' title='bbox 1201 2106 1242 2205; x_wconf 83' lang='grc' dir='ltr'><strong><em>ἧ</em></strong></span> <span class='ocrx_word' id='word_1_68' title='bbox 1284 2120 1586 2216; x_wconf 84' lang='grc' dir='ltr'><strong><em>εκφορα</em></strong></span> <span class='ocrx_word' id='word_1_69' title='bbox 1631 2107 1724 2212; x_wconf 80' lang='grc' dir='ltr'><strong><em>ᾖ,</em></strong></span> <span class='ocrx_word' id='word_1_70' title='bbox 1766 2112 2157 2214; x_wconf 76' lang='grc' dir='ltr'><strong><em>λάρνακας</em></strong></span> <span class='ocrx_word' id='word_1_71' title='bbox 2198 2120 2756 2215; x_wconf 83' lang='grc' dir='ltr'><strong><em>κυπαρισσίνας</em></strong></span> <span class='ocrx_word' id='word_1_72' title='bbox 2795 2144 3043 2222; x_wconf 75' lang='grc' dir='ltr'><strong><em>αγου-</em></strong></span> 
     </span>
     <span class='ocr_line' id='line_1_15' title="bbox 281 2229 3045 2339; baseline 0.001 -25"><span class='ocrx_word' id='word_1_73' title='bbox 281 2267 392 2315; x_wconf 89' lang='grc' dir='ltr'><strong><em>σιν</em></strong></span> <span class='ocrx_word' id='word_1_74' title='bbox 428 2234 763 2339; x_wconf 73' lang='grc' dir='ltr'><strong><em>ἅμαξαι,</em></strong></span> <span class='ocrx_word' id='word_1_75' title='bbox 820 2237 1069 2334; x_wconf 86' lang='grc' dir='ltr'><strong><em>φυλῆς</em></strong></span> <span class='ocrx_word' id='word_1_76' title='bbox 1131 2237 1451 2330; x_wconf 76' lang='grc' dir='ltr'><strong><em>ἑκάστης</em></strong></span> <span class='ocrx_word' id='word_1_77' title='bbox 1498 2243 1736 2338; x_wconf 85' lang='grc' dir='ltr'><strong><em>μίαν·</em></strong></span> <span class='ocrx_word' id='word_1_78' title='bbox 1799 2241 2042 2316; x_wconf 71' lang='grc' dir='ltr'><strong><em>ἔνεστι</em></strong></span> <span class='ocrx_word' id='word_1_79' title='bbox 2100 2239 2179 2316; x_wconf 82' lang='grc' dir='ltr'><strong><em>δὲ</em></strong></span> <span class='ocrx_word' id='word_1_80' title='bbox 2240 2239 2333 2315; x_wconf 80' lang='grc' dir='ltr'><strong><em>τά</em></strong></span> <span class='ocrx_word' id='word_1_81' title='bbox 2375 2235 2568 2316; x_wconf 79' lang='grc' dir='ltr'><strong><em>ὀστᾶ</em></strong></span> <span class='ocrx_word' id='word_1_82' title='bbox 2605 2229 2687 2332; x_wconf 78' lang='grc' dir='ltr'><strong><em>ἧς</em></strong></span> <span class='ocrx_word' id='word_1_83' title='bbox 2724 2245 3045 2329; x_wconf 72' lang='grc' dir='ltr'><strong><em>ἕκαστος</em></strong></span> 
     </span>
     <span class='ocr_line' id='line_1_16' title="bbox 281 2359 3041 2467; baseline 0.001 -27"><span class='ocrx_word' id='word_1_84' title='bbox 281 2359 363 2455; x_wconf 81' lang='grc' dir='ltr'><strong><em>ἦν</em></strong></span> <span class='ocrx_word' id='word_1_85' title='bbox 397 2363 666 2460; x_wconf 76' lang='grc' dir='ltr'><strong><em>φυλῆς.</em></strong></span> <span class='ocrx_word' id='word_1_86' title='bbox 743 2369 926 2441; x_wconf 88' lang='grc' dir='ltr'><strong><em>Μία</em></strong></span> <span class='ocrx_word' id='word_1_87' title='bbox 987 2363 1064 2440; x_wconf 80' lang='grc' dir='ltr'><strong><em>δὲ</em></strong></span> <span class='ocrx_word' id='word_1_88' title='bbox 1121 2369 1355 2456; x_wconf 87' lang='grc' dir='ltr'><strong><em>κλίνη</em></strong></span> <span class='ocrx_word' id='word_1_89' title='bbox 1411 2362 1600 2457; x_wconf 77' lang='grc' dir='ltr'><strong><em>κενὴ</em></strong></span> <span class='ocrx_word' id='word_1_90' title='bbox 1660 2371 1968 2466; x_wconf 80' lang='grc' dir='ltr'><strong><em>φέρεται</em></strong></span> <span class='ocrx_word' id='word_1_91' title='bbox 2016 2373 2435 2467; x_wconf 74' lang='grc' dir='ltr'><strong><em>ἐστρωμένη</em></strong></span> <span class='ocrx_word' id='word_1_92' title='bbox 2470 2364 2631 2441; x_wconf 74' lang='grc' dir='ltr'><strong><em>τῶν</em></strong></span> <span class='ocrx_word' id='word_1_93' title='bbox 2668 2362 3041 2461; x_wconf 74' lang='grc' dir='ltr'><strong><em>ἀφανῶν,</em></strong></span> 
     </span>
     <span class='ocr_line' id='line_1_17' title="bbox 279 2475 3045 2591; baseline 0.002 -27"><span class='ocrx_word' id='word_1_94' title='bbox 279 2492 354 2565; x_wconf 81' lang='grc' dir='ltr'><strong><em>οἳ</em></strong></span> <span class='ocrx_word' id='word_1_95' title='bbox 383 2485 484 2566; x_wconf 73' lang='grc' dir='ltr'><strong><em>ἂν</em></strong></span> <span class='ocrx_word' id='word_1_96' title='bbox 529 2485 642 2589; x_wconf 79' lang='grc' dir='ltr'><strong><em>μὴ</em></strong></span> <span class='ocrx_word' id='word_1_97' title='bbox 701 2479 1131 2589; x_wconf 73' lang='grc' dir='ltr'><strong><em>εὖρεθῶσιν</em></strong></span> <span class='ocrx_word' id='word_1_98' title='bbox 1184 2497 1258 2578; x_wconf 76' lang='grc' dir='ltr'><strong><em>ἐς</em></strong></span> <span class='ocrx_word' id='word_1_99' title='bbox 1309 2475 1732 2589; x_wconf 65' lang='grc' dir='ltr'><strong><em>ἀναίρεσιν.</em></strong></span> <span class='ocrx_word' id='word_1_100' title='bbox 1801 2492 2273 2591; x_wconf 81' lang='grc' dir='ltr'><strong><em>Ξυνεκφέρει</em></strong></span> <span class='ocrx_word' id='word_1_101' title='bbox 2328 2487 2406 2566; x_wconf 79' lang='grc' dir='ltr'><strong><em>δὲ</em></strong></span> <span class='ocrx_word' id='word_1_102' title='bbox 2467 2480 2512 2566; x_wconf 79' lang='grc' dir='ltr'>ὅ</span> <span class='ocrx_word' id='word_1_103' title='bbox 2568 2488 3045 2590; x_wconf 82' lang='grc' dir='ltr'><strong><em>βουλόμενος</em></strong></span> 
     </span>
     <span class='ocr_line' id='line_1_18' title="bbox 275 2609 3044 2720; baseline 0.002 -31"><span class='ocrx_word' id='word_1_104' title='bbox 275 2621 404 2690; x_wconf 85' lang='grc' dir='ltr'><strong><em>καὶ</em></strong></span> <span class='ocrx_word' id='word_1_105' title='bbox 441 2609 705 2689; x_wconf 75' lang='grc' dir='ltr'><strong><em>ἀστῶν</em></strong></span> <span class='ocrx_word' id='word_1_106' title='bbox 739 2619 875 2688; x_wconf 83' lang='grc' dir='ltr'><strong><em>καὶ</em></strong></span> <span class='ocrx_word' id='word_1_107' title='bbox 915 2620 1154 2716; x_wconf 73' lang='grc' dir='ltr'><strong><em>ξένων</em></strong></span> <span class='ocrx_word' id='word_1_108' title='bbox 1173 2672 1195 2704; x_wconf 87' lang='grc'>,</span> <span class='ocrx_word' id='word_1_109' title='bbox 1252 2619 1392 2689; x_wconf 80' lang='grc' dir='ltr'><strong><em>καὶ</em></strong></span> <span class='ocrx_word' id='word_1_110' title='bbox 1431 2625 1795 2720; x_wconf 75' lang='grc' dir='ltr'><strong><em>γυναῖκες</em></strong></span> <span class='ocrx_word' id='word_1_111' title='bbox 1852 2612 2203 2716; x_wconf 82' lang='grc' dir='ltr'><strong><em>πάρεισιν</em></strong></span> <span class='ocrx_word' id='word_1_112' title='bbox 2240 2618 2319 2691; x_wconf 80' lang='grc' dir='ltr'><strong><em>αἱ</em></strong></span> <span class='ocrx_word' id='word_1_113' title='bbox 2358 2613 2882 2716; x_wconf 78' lang='grc' dir='ltr'><strong><em>προσήκουσαι</em></strong></span> <span class='ocrx_word' id='word_1_114' title='bbox 2918 2624 3044 2694; x_wconf 76' lang='grc' dir='ltr'><strong><em>ἐπὶ</em></strong></span> 
     </span>
     <span class='ocr_line' id='line_1_19' title="bbox 275 2733 3046 2842; baseline 0.001 -27"><span class='ocrx_word' id='word_1_115' title='bbox 275 2736 405 2815; x_wconf 86' lang='grc' dir='ltr'><strong><em>τὸν</em></strong></span> <span class='ocrx_word' id='word_1_116' title='bbox 440 2738 702 2836; x_wconf 83' lang='grc' dir='ltr'><strong><em>τάφον</em></strong></span> <span class='ocrx_word' id='word_1_117' title='bbox 738 2736 1332 2840; x_wconf 81' lang='grc' dir='ltr'><strong><em>ὀλοφυρόμεναι.</em></strong></span> <span class='ocrx_word' id='word_1_118' title='bbox 1417 2745 1790 2817; x_wconf 77' lang='grc' dir='ltr'><strong><em>Τιθέασιν</em></strong></span> <span class='ocrx_word' id='word_1_119' title='bbox 1846 2733 1998 2820; x_wconf 74' lang='grc' dir='ltr'><strong><em>οὖν</em></strong></span> <span class='ocrx_word' id='word_1_120' title='bbox 2040 2749 2113 2830; x_wconf 75' lang='grc' dir='ltr'><strong><em>ἐς</em></strong></span> <span class='ocrx_word' id='word_1_121' title='bbox 2151 2737 2241 2817; x_wconf 83' lang='grc' dir='ltr'><strong><em>τὸ</em></strong></span> <span class='ocrx_word' id='word_1_122' title='bbox 2280 2737 2648 2840; x_wconf 79' lang='grc' dir='ltr'><strong><em>δημόσιον</em></strong></span> <span class='ocrx_word' id='word_1_123' title='bbox 2687 2740 2887 2842; x_wconf 84' lang='grc' dir='ltr'><strong><em>σῆμα</em></strong></span> <span class='ocrx_word' id='word_1_124' title='bbox 2907 2800 2929 2832; x_wconf 87' lang='grc'>,</span> <span class='ocrx_word' id='word_1_125' title='bbox 2996 2740 3046 2819; x_wconf 79' lang='grc' dir='ltr'>ὅ</span> 
     </span>
     <span class='ocr_line' id='line_1_20' title="bbox 275 2862 3042 2970; baseline 0.001 -29"><span class='ocrx_word' id='word_1_126' title='bbox 275 2871 470 2941; x_wconf 73' lang='grc' dir='ltr'><strong><em>ἐστιν</em></strong></span> <span class='ocrx_word' id='word_1_127' title='bbox 504 2869 629 2941; x_wconf 74' lang='grc' dir='ltr'><strong><em>ἐπὶ</em></strong></span> <span class='ocrx_word' id='word_1_128' title='bbox 669 2866 811 2943; x_wconf 83' lang='grc' dir='ltr'><strong><em>τοῦ</em></strong></span> <span class='ocrx_word' id='word_1_129' title='bbox 849 2869 1277 2943; x_wconf 81' lang='grc' dir='ltr'><strong><em>καλλίστου</em></strong></span> <span class='ocrx_word' id='word_1_130' title='bbox 1315 2870 1775 2968; x_wconf 82' lang='grc' dir='ltr'><strong><em>προαστείου</em></strong></span> <span class='ocrx_word' id='word_1_131' title='bbox 1814 2866 1945 2959; x_wconf 84' lang='grc' dir='ltr'><strong><em>τῆς</em></strong></span> <span class='ocrx_word' id='word_1_132' title='bbox 1980 2865 2305 2961; x_wconf 86' lang='grc' dir='ltr'><strong><em>πόλεως,</em></strong></span> <span class='ocrx_word' id='word_1_133' title='bbox 2356 2872 2496 2943; x_wconf 83' lang='grc' dir='ltr'><strong><em>καί</em></strong></span> <span class='ocrx_word' id='word_1_134' title='bbox 2538 2862 2659 2945; x_wconf 78' lang='grc' dir='ltr'><strong><em>ἀεὶ</em></strong></span> <span class='ocrx_word' id='word_1_135' title='bbox 2699 2876 2788 2947; x_wconf 76' lang='grc' dir='ltr'><strong><em>ἐν</em></strong></span> <span class='ocrx_word' id='word_1_136' title='bbox 2822 2863 3042 2970; x_wconf 79' lang='grc' dir='ltr'><strong><em>αὐτῷ</em></strong></span> 
     </span>
     <span class='ocr_line' id='line_1_21' title="bbox 279 2988 3042 3097; baseline 0.003 -34"><span class='ocrx_word' id='word_1_137' title='bbox 279 2988 662 3067; x_wconf 68' lang='grc' dir='ltr'><strong><em>θάπτουσι</em></strong></span> <span class='ocrx_word' id='word_1_138' title='bbox 721 2988 905 3081; x_wconf 78' lang='grc' dir='ltr'><strong><em>τούς</em></strong></span> <span class='ocrx_word' id='word_1_139' title='bbox 960 3001 1053 3070; x_wconf 74' lang='grc' dir='ltr'><strong><em>ἐκ</em></strong></span> <span class='ocrx_word' id='word_1_140' title='bbox 1103 2992 1262 3069; x_wconf 86' lang='grc' dir='ltr'><strong><em>τῶν</em></strong></span> <span class='ocrx_word' id='word_1_141' title='bbox 1317 2998 1710 3096; x_wconf 76' lang='grc' dir='ltr'><strong><em>πολέμων,</em></strong></span> <span class='ocrx_word' id='word_1_142' title='bbox 1772 2992 1973 3087; x_wconf 81' lang='grc' dir='ltr'><strong><em>πλήν</em></strong></span> <span class='ocrx_word' id='word_1_143' title='bbox 2028 3022 2113 3097; x_wconf 76' lang='grc' dir='ltr'><strong><em>γε</em></strong></span> <span class='ocrx_word' id='word_1_144' title='bbox 2167 2992 2351 3081; x_wconf 80' lang='grc' dir='ltr'><strong><em>τούς</em></strong></span> <span class='ocrx_word' id='word_1_145' title='bbox 2407 3002 2495 3071; x_wconf 75' lang='grc' dir='ltr'><strong><em>ἐν</em></strong></span> <span class='ocrx_word' id='word_1_146' title='bbox 2549 2995 3042 3094; x_wconf 75' lang='grc' dir='ltr'><strong><em>Μαραθῶνι·</em></strong></span> 
     </span>
     <span class='ocr_line' id='line_1_22' title="bbox 274 3115 3043 3217; baseline 0.002 -24"><span class='ocrx_word' id='word_1_147' title='bbox 274 3122 592 3193; x_wconf 77' lang='grc' dir='ltr'><strong><em>ἐκείνων</em></strong></span> <span class='ocrx_word' id='word_1_148' title='bbox 630 3116 707 3193; x_wconf 84' lang='grc' dir='ltr'><strong><em>δὲ</em></strong></span> <span class='ocrx_word' id='word_1_149' title='bbox 750 3116 1118 3217; x_wconf 76' lang='grc' dir='ltr'><strong><em>διαπρεπῆ</em></strong></span> <span class='ocrx_word' id='word_1_150' title='bbox 1159 3116 1304 3210; x_wconf 77' lang='grc' dir='ltr'><strong><em>τήν</em></strong></span> <span class='ocrx_word' id='word_1_151' title='bbox 1343 3115 1623 3217; x_wconf 75' lang='grc' dir='ltr'><strong><em>ἀρετὴν</em></strong></span> <span class='ocrx_word' id='word_1_152' title='bbox 1677 3123 2083 3217; x_wconf 78' lang='grc' dir='ltr'><strong><em>κρίναντες</em></strong></span> <span class='ocrx_word' id='word_1_153' title='bbox 2140 3115 2388 3196; x_wconf 82' lang='grc' dir='ltr'><strong><em>αὐτοῦ</em></strong></span> <span class='ocrx_word' id='word_1_154' title='bbox 2430 3124 2569 3194; x_wconf 80' lang='grc' dir='ltr'><strong><em>καὶ</em></strong></span> <span class='ocrx_word' id='word_1_155' title='bbox 2607 3116 2749 3196; x_wconf 83' lang='grc' dir='ltr'><strong><em>τὸν</em></strong></span> <span class='ocrx_word' id='word_1_156' title='bbox 2786 3117 3043 3216; x_wconf 81' lang='grc' dir='ltr'><strong><em>τάφον</em></strong></span> 
     </span>
     <span class='ocr_line' id='line_1_23' title="bbox 271 3234 3039 3348; baseline 0.002 -30"><span class='ocrx_word' id='word_1_157' title='bbox 271 3250 654 3335; x_wconf 75' lang='grc' dir='ltr'><strong><em>ἐποίησαν.</em></strong></span> <span class='ocrx_word' id='word_1_158' title='bbox 723 3238 1092 3321; x_wconf 79' lang='grc' dir='ltr'><strong><em>Ἐπειδὰν</em></strong></span> <span class='ocrx_word' id='word_1_159' title='bbox 1147 3240 1224 3319; x_wconf 80' lang='grc' dir='ltr'><strong><em>δὲ</em></strong></span> <span class='ocrx_word' id='word_1_160' title='bbox 1287 3241 1639 3343; x_wconf 80' lang='grc' dir='ltr'><strong><em>πρύφωσι</em></strong></span> <span class='ocrx_word' id='word_1_161' title='bbox 1691 3242 1831 3348; x_wconf 78' lang='grc' dir='ltr'><strong><em>γῇ,</em></strong></span> <span class='ocrx_word' id='word_1_162' title='bbox 1893 3241 2086 3345; x_wconf 79' lang='grc' dir='ltr'><strong><em>ἀνὴρ</em></strong></span> <span class='ocrx_word' id='word_1_163' title='bbox 2122 3234 2489 3345; x_wconf 82' lang='grc' dir='ltr'><strong><em>ᾗρημένος</em></strong></span> <span class='ocrx_word' id='word_1_164' title='bbox 2526 3237 2685 3321; x_wconf 74' lang='grc' dir='ltr'><strong><em>ὕπὸ</em></strong></span> <span class='ocrx_word' id='word_1_165' title='bbox 2726 3245 2854 3337; x_wconf 79' lang='grc' dir='ltr'><strong><em>τῆς</em></strong></span> <span class='ocrx_word' id='word_1_166' title='bbox 2894 3244 3039 3323; x_wconf 83' lang='grc' dir='ltr'><strong><em>πό·-</em></strong></span> 
     </span>
     <span class='ocr_line' id='line_1_24' title="bbox 274 3359 3041 3473; baseline 0.003 -32"><span class='ocrx_word' id='word_1_167' title='bbox 274 3372 446 3455; x_wconf 81' lang='grc' dir='ltr'><strong><em>λεως</em></strong></span> <span class='ocrx_word' id='word_1_168' title='bbox 467 3425 490 3458; x_wconf 89' lang='grc'><strong><em>,</em></strong></span> <span class='ocrx_word' id='word_1_169' title='bbox 551 3359 636 3457; x_wconf 74' lang='grc' dir='ltr'><strong><em>ὃς</em></strong></span> <span class='ocrx_word' id='word_1_170' title='bbox 675 3361 786 3445; x_wconf 72' lang='grc' dir='ltr'><strong><em>(ἲν</em></strong></span> <span class='ocrx_word' id='word_1_171' title='bbox 822 3366 1087 3472; x_wconf 73' lang='grc' dir='ltr'><strong><em>γνώμῃ</em></strong></span> <span class='ocrx_word' id='word_1_172' title='bbox 1150 3400 1228 3445; x_wconf 90' lang='grc' dir='ltr'><strong><em>τε</em></strong></span> <span class='ocrx_word' id='word_1_173' title='bbox 1285 3366 1482 3467; x_wconf 79' lang='grc' dir='ltr'><strong><em>δοκῇ</em></strong></span> <span class='ocrx_word' id='word_1_174' title='bbox 1527 3367 1636 3467; x_wconf 82' lang='grc' dir='ltr'><strong><em>μή</em></strong></span> <span class='ocrx_word' id='word_1_175' title='bbox 1689 3364 2054 3461; x_wconf 76' lang='grc' dir='ltr'><strong><em>ἀξύνετος</em></strong></span> <span class='ocrx_word' id='word_1_176' title='bbox 2090 3368 2287 3446; x_wconf 82' lang='grc' dir='ltr'><strong><em>εἶναι</em></strong></span> <span class='ocrx_word' id='word_1_177' title='bbox 2325 3375 2463 3446; x_wconf 85' lang='grc' dir='ltr'><strong><em>καὶ</em></strong></span> <span class='ocrx_word' id='word_1_178' title='bbox 2502 3366 2809 3462; x_wconf 74' lang='grc' dir='ltr'><strong><em>ἀξιώσει</em></strong></span> <span class='ocrx_word' id='word_1_179' title='bbox 2849 3401 3041 3473; x_wconf 87' lang='grc' dir='ltr'><strong><em>προ-</em></strong></span> 
     </span>
     <span class='ocr_line' id='line_1_25' title="bbox 271 3491 2154 3600; baseline 0.002 -33"><span class='ocrx_word' id='word_1_180' title='bbox 271 3492 410 3593; x_wconf 80' lang='grc' dir='ltr'><strong><em>ἡκῃ</em></strong></span> <span class='ocrx_word' id='word_1_181' title='bbox 430 3553 455 3586; x_wconf 85' lang='grc'>,</span> <span class='ocrx_word' id='word_1_182' title='bbox 516 3499 715 3600; x_wconf 77' lang='grc' dir='ltr'><strong><em>λέγει</em></strong></span> <span class='ocrx_word' id='word_1_183' title='bbox 752 3500 870 3571; x_wconf 76' lang='grc' dir='ltr'><strong><em>ἐπ’</em></strong></span> <span class='ocrx_word' id='word_1_184' title='bbox 910 3491 1174 3581; x_wconf 84' lang='grc' dir='ltr'><strong><em>αὐτοῖς</em></strong></span> <span class='ocrx_word' id='word_1_185' title='bbox 1213 3496 1536 3571; x_wconf 74' lang='grc' dir='ltr'><strong><em>ἔπαινον</em></strong></span> <span class='ocrx_word' id='word_1_186' title='bbox 1570 3492 1713 3571; x_wconf 83' lang='grc' dir='ltr'><strong><em>τὸν</em></strong></span> <span class='ocrx_word' id='word_1_187' title='bbox 1750 3500 2154 3595; x_wconf 78' lang='grc' dir='ltr'><strong><em>πρέποντα.</em></strong></span> 
     </span>
    </p>
   </div>
   <div class='ocr_carea' id='block_1_7' title="bbox 1562 3605 2824 3787">
    <p class='ocr_par' dir='ltr' id='par_1_8' title="bbox 1562 3605 2824 3787">
     <span class='ocr_line' id='line_1_26' title="bbox 1562 3605 2824 3787; baseline 0.005 -108"><span class='ocrx_word' id='word_1_188' title='bbox 1562 3712 1712 3787; x_wconf 70' lang='lat'><strong><em>553</em></strong></span> <span class='ocrx_word' id='word_1_189' title='bbox 2014 3605 2480 3709; x_wconf 75' lang='lat' dir='ltr'>(Thucydid.</span> <span class='ocrx_word' id='word_1_190' title='bbox 2519 3608 2618 3705; x_wconf 89' lang='lat'><strong><em>11,</em></strong></span> <span class='ocrx_word' id='word_1_191' title='bbox 2657 3609 2824 3702; x_wconf 83' lang='lat'><strong>34.)</strong></span> 
     </span>
    </p>
   </div>
   <div class='ocr_carea' id='block_1_8' title="bbox 267 3836 3040 5324">
    <p class='ocr_par' dir='ltr' id='par_1_9' title="bbox 267 3836 3040 5324">
     <span class='ocr_line' id='line_1_27' title="bbox 477 3836 3039 3941; baseline 0.003 -27"><span class='ocrx_word' id='word_1_192' title='bbox 477 3836 792 3916; x_wconf 86' lang='lat' dir='ltr'>Publice</span> <span class='ocrx_word' id='word_1_193' title='bbox 829 3838 1272 3933; x_wconf 84' lang='lat' dir='ltr'>humentur‚</span> <span class='ocrx_word' id='word_1_194' title='bbox 1329 3840 1454 3941; x_wconf 92' lang='lat' dir='ltr'><strong><em>qui</em></strong></span> <span class='ocrx_word' id='word_1_195' title='bbox 1507 3839 1587 3915; x_wconf 87' lang='lat' dir='ltr'>in</span> <span class='ocrx_word' id='word_1_196' title='bbox 1647 3838 1854 3918; x_wconf 93' lang='lat' dir='ltr'>bello</span> <span class='ocrx_word' id='word_1_197' title='bbox 1909 3849 2231 3917; x_wconf 81' lang='lat' dir='ltr'>mortem</span> <span class='ocrx_word' id='word_1_198' title='bbox 2288 3838 2671 3936; x_wconf 81' lang='lat' dir='ltr'>obierant,</span> <span class='ocrx_word' id='word_1_199' title='bbox 2728 3842 2806 3919; x_wconf 91' lang='lat' dir='ltr'>in</span> <span class='ocrx_word' id='word_1_200' title='bbox 2842 3842 3039 3921; x_wconf 91' lang='lat' dir='ltr'>hunc</span> 
     </span>
     <span class='ocr_line' id='line_1_28' title="bbox 271 3963 3039 4065; baseline 0.002 -26"><span class='ocrx_word' id='word_1_201' title='bbox 271 3966 414 4040; x_wconf 87' lang='lat' dir='ltr'>fere</span> <span class='ocrx_word' id='word_1_202' title='bbox 453 3963 802 4040; x_wconf 86' lang='lat' dir='ltr'>modum:</span> <span class='ocrx_word' id='word_1_203' title='bbox 861 3965 1100 4040; x_wconf 80' lang='lat' dir='ltr'>triduo</span> <span class='ocrx_word' id='word_1_204' title='bbox 1141 3972 1544 4065; x_wconf 81' lang='lat' dir='ltr'>antequam</span> <span class='ocrx_word' id='word_1_205' title='bbox 1594 3966 1820 4042; x_wconf 83' lang='lat' dir='ltr'>funus</span> <span class='ocrx_word' id='word_1_206' title='bbox 1876 3967 2267 4059; x_wconf 80' lang='lat' dir='ltr'>efferatur,</span> <span class='ocrx_word' id='word_1_207' title='bbox 2326 3963 2891 4044; x_wconf 83' lang='lat' dir='ltr'>tabernaculum</span> <span class='ocrx_word' id='word_1_208' title='bbox 2928 3969 3039 4046; x_wconf 87' lang='lat' dir='ltr'><strong><em>fa-</em></strong></span> 
     </span>
     <span class='ocr_line' id='line_1_29' title="bbox 270 4090 3039 4195; baseline 0.003 -32"><span class='ocrx_word' id='word_1_209' title='bbox 270 4090 470 4166; x_wconf 77' lang='lat' dir='ltr'>ciunt</span> <span class='ocrx_word' id='word_1_210' title='bbox 508 4100 584 4165; x_wconf 83' lang='lat' dir='ltr'><strong><em>et</em></strong></span> <span class='ocrx_word' id='word_1_211' title='bbox 619 4090 761 4165; x_wconf 81' lang='lat' dir='ltr'>sub</span> <span class='ocrx_word' id='word_1_212' title='bbox 799 4116 890 4165; x_wconf 92' lang='lat' dir='ltr'><strong><em>eo</em></strong></span> <span class='ocrx_word' id='word_1_213' title='bbox 947 4090 1470 4168; x_wconf 87' lang='lat' dir='ltr'>defunctorum</span> <span class='ocrx_word' id='word_1_214' title='bbox 1522 4118 1692 4168; x_wconf 81' lang='lat' dir='ltr'>ossa</span> <span class='ocrx_word' id='word_1_215' title='bbox 1747 4102 2218 4195; x_wconf 83' lang='lat' dir='ltr'>proponunt,</span> <span class='ocrx_word' id='word_1_216' title='bbox 2276 4100 2352 4167; x_wconf 81' lang='lat' dir='ltr'><strong><em>et</em></strong></span> <span class='ocrx_word' id='word_1_217' title='bbox 2388 4092 2539 4167; x_wconf 83' lang='lat' dir='ltr'>suis</span> <span class='ocrx_word' id='word_1_218' title='bbox 2578 4092 2891 4194; x_wconf 87' lang='lat' dir='ltr'>quisque</span> <span class='ocrx_word' id='word_1_219' title='bbox 2928 4094 3039 4170; x_wconf 92' lang='lat' dir='ltr'>in·-</span> 
     </span>
     <span class='ocr_line' id='line_1_30' title="bbox 269 4198 3038 4318; baseline 0.002 -29"><span class='ocrx_word' id='word_1_220' title='bbox 269 4216 485 4292; x_wconf 81' lang='lat' dir='ltr'>ferias</span> <span class='ocrx_word' id='word_1_221' title='bbox 523 4218 784 4311; x_wconf 81' lang='lat' dir='ltr'>affert,</span> <span class='ocrx_word' id='word_1_222' title='bbox 825 4217 887 4292; x_wconf 87' lang='lat' dir='ltr'>si</span> <span class='ocrx_word' id='word_1_223' title='bbox 923 4243 1108 4318; x_wconf 83' lang='lat' dir='ltr'>quas</span> <span class='ocrx_word' id='word_1_224' title='bbox 1147 4217 1349 4293; x_wconf 84' lang='lat' dir='ltr'>velit.</span> <span class='ocrx_word' id='word_1_225' title='bbox 1407 4218 1662 4311; x_wconf 83' lang='lat' dir='ltr'>Quum</span> <span class='ocrx_word' id='word_1_226' title='bbox 1698 4230 1951 4295; x_wconf 82' lang='lat' dir='ltr'>autem</span> <span class='ocrx_word' id='word_1_227' title='bbox 1990 4218 2271 4295; x_wconf 81' lang='lat' dir='ltr'>funeris</span> <span class='ocrx_word' id='word_1_228' title='bbox 2310 4198 2675 4295; x_wconf 77' lang='lat' dir='ltr'>efferendi</span> <span class='ocrx_word' id='word_1_229' title='bbox 2714 4216 2874 4294; x_wconf 85' lang='lat' dir='ltr'>dies</span> <span class='ocrx_word' id='word_1_230' title='bbox 2912 4244 3038 4295; x_wconf 91' lang='lat' dir='ltr'><strong><em>ve-</em></strong></span> 
     </span>
     <span class='ocr_line' id='line_1_31' title="bbox 267 4340 3036 4445; baseline 0.001 -29"><span class='ocrx_word' id='word_1_231' title='bbox 267 4342 368 4416; x_wconf 83' lang='lat' dir='ltr'>nit</span> <span class='ocrx_word' id='word_1_232' title='bbox 387 4401 406 4436; x_wconf 88' lang='lat'>,</span> <span class='ocrx_word' id='word_1_233' title='bbox 468 4342 808 4443; x_wconf 72' lang='lat' dir='ltr'>plaustra</span> <span class='ocrx_word' id='word_1_234' title='bbox 843 4340 1353 4436; x_wconf 79' lang='lat' dir='ltr'>adducuntur,</span> <span class='ocrx_word' id='word_1_235' title='bbox 1411 4368 1603 4443; x_wconf 81' lang='lat' dir='ltr'>quae</span> <span class='ocrx_word' id='word_1_236' title='bbox 1661 4370 1871 4421; x_wconf 78' lang='lat' dir='ltr'>arcas</span> <span class='ocrx_word' id='word_1_237' title='bbox 1928 4372 1967 4420; x_wconf 87' lang='lat' dir='ltr'>e</span> <span class='ocrx_word' id='word_1_238' title='bbox 2028 4368 2379 4445; x_wconf 79' lang='lat' dir='ltr'>cupresso</span> <span class='ocrx_word' id='word_1_239' title='bbox 2436 4343 2673 4420; x_wconf 67' lang='lat' dir='ltr'>factas</span> <span class='ocrx_word' id='word_1_240' title='bbox 2711 4342 3036 4443; x_wconf 81' lang='lat' dir='ltr'>singula-</span> 
     </span>
     <span class='ocr_line' id='line_1_32' title="bbox 270 4464 3037 4569; baseline 0.003 -29"><span class='ocrx_word' id='word_1_241' title='bbox 270 4492 425 4543; x_wconf 87' lang='lat' dir='ltr'>rum</span> <span class='ocrx_word' id='word_1_242' title='bbox 473 4464 804 4543; x_wconf 84' lang='lat' dir='ltr'>tribuum</span> <span class='ocrx_word' id='word_1_243' title='bbox 859 4467 1196 4567; x_wconf 78' lang='lat' dir='ltr'>singulas</span> <span class='ocrx_word' id='word_1_244' title='bbox 1251 4478 1597 4569; x_wconf 79' lang='lat' dir='ltr'>portant;</span> <span class='ocrx_word' id='word_1_245' title='bbox 1649 4469 1729 4544; x_wconf 88' lang='lat' dir='ltr'>in</span> <span class='ocrx_word' id='word_1_246' title='bbox 1767 4468 1882 4545; x_wconf 84' lang='lat' dir='ltr'>his</span> <span class='ocrx_word' id='word_1_247' title='bbox 1922 4480 2169 4545; x_wconf 76' lang='lat' dir='ltr'>autem</span> <span class='ocrx_word' id='word_1_248' title='bbox 2202 4470 2464 4545; x_wconf 75' lang='lat' dir='ltr'>insunt</span> <span class='ocrx_word' id='word_1_249' title='bbox 2499 4492 2671 4544; x_wconf 78' lang='lat' dir='ltr'>ossa.</span> <span class='ocrx_word' id='word_1_250' title='bbox 2707 4468 3037 4568; x_wconf 81' lang='lat' dir='ltr'>singula-</span> 
     </span>
     <span class='ocr_line' id='line_1_33' title="bbox 267 4582 3033 4694; baseline 0.002 -28"><span class='ocrx_word' id='word_1_251' title='bbox 267 4616 424 4666; x_wconf 81' lang='lat' dir='ltr'>rum</span> <span class='ocrx_word' id='word_1_252' title='bbox 461 4588 791 4669; x_wconf 86' lang='lat' dir='ltr'>tribuum</span> <span class='ocrx_word' id='word_1_253' title='bbox 811 4646 832 4685; x_wconf 91' lang='lat'><strong>,</strong></span> <span class='ocrx_word' id='word_1_254' title='bbox 889 4618 930 4668; x_wconf 84' lang='lat' dir='ltr'>e</span> <span class='ocrx_word' id='word_1_255' title='bbox 969 4617 1120 4692; x_wconf 81' lang='lat' dir='ltr'>qua</span> <span class='ocrx_word' id='word_1_256' title='bbox 1173 4592 1486 4694; x_wconf 77' lang='lat' dir='ltr'>quisque</span> <span class='ocrx_word' id='word_1_257' title='bbox 1537 4604 1714 4670; x_wconf 84' lang='lat' dir='ltr'>erat.</span> <span class='ocrx_word' id='word_1_258' title='bbox 1793 4594 2011 4671; x_wconf 77' lang='lat' dir='ltr'>Unus</span> <span class='ocrx_word' id='word_1_259' title='bbox 2048 4606 2300 4672; x_wconf 80' lang='lat' dir='ltr'>autem</span> <span class='ocrx_word' id='word_1_260' title='bbox 2334 4593 2579 4670; x_wconf 77' lang='lat' dir='ltr'>inanis</span> <span class='ocrx_word' id='word_1_261' title='bbox 2616 4592 2851 4670; x_wconf 79' lang='lat' dir='ltr'>lectus</span> <span class='ocrx_word' id='word_1_262' title='bbox 2886 4582 3033 4671; x_wconf 79' lang='lat' dir='ltr'>fer·</span> 
     </span>
     <span class='ocr_line' id='line_1_34' title="bbox 267 4717 3040 4821; baseline 0.002 -31"><span class='ocrx_word' id='word_1_263' title='bbox 267 4726 379 4791; x_wconf 86' lang='lat' dir='ltr'>tur</span> <span class='ocrx_word' id='word_1_264' title='bbox 433 4728 715 4793; x_wconf 78' lang='lat' dir='ltr'>stratus</span> <span class='ocrx_word' id='word_1_265' title='bbox 763 4717 1234 4815; x_wconf 79' lang='lat' dir='ltr'>ignotomm,</span> <span class='ocrx_word' id='word_1_266' title='bbox 1300 4742 1614 4818; x_wconf 88' lang='lat' dir='ltr'>quorum</span> <span class='ocrx_word' id='word_1_267' title='bbox 1667 4744 1981 4821; x_wconf 87' lang='lat' dir='ltr'>corpora</span> <span class='ocrx_word' id='word_1_268' title='bbox 2036 4719 2346 4821; x_wconf 85' lang='lat' dir='ltr'>reperiri</span> <span class='ocrx_word' id='word_1_269' title='bbox 2402 4719 2829 4820; x_wconf 72' lang='lat' dir='ltr'>suscipique</span> <span class='ocrx_word' id='word_1_270' title='bbox 2882 4744 3040 4795; x_wconf 88' lang='lat' dir='ltr'>non·</span> 
     </span>
     <span class='ocr_line' id='line_1_35' title="bbox 267 4842 3039 4946; baseline 0.001 -31"><span class='ocrx_word' id='word_1_271' title='bbox 267 4850 686 4940; x_wconf 72' lang='lat' dir='ltr'>potuerunt,</span> <span class='ocrx_word' id='word_1_272' title='bbox 746 4842 1233 4943; x_wconf 74' lang='lat' dir='ltr'>Prosequitur</span> <span class='ocrx_word' id='word_1_273' title='bbox 1269 4852 1518 4919; x_wconf 80' lang='lat' dir='ltr'>autem</span> <span class='ocrx_word' id='word_1_274' title='bbox 1553 4842 1778 4919; x_wconf 86' lang='lat' dir='ltr'>funus</span> <span class='ocrx_word' id='word_1_275' title='bbox 1816 4844 2131 4946; x_wconf 84' lang='lat' dir='ltr'>quilibet</span> <span class='ocrx_word' id='word_1_276' title='bbox 2168 4855 2321 4922; x_wconf 85' lang='lat' dir='ltr'><strong><em>tam</em></strong></span> <span class='ocrx_word' id='word_1_277' title='bbox 2358 4843 2453 4921; x_wconf 86' lang='lat' dir='ltr'><strong><em>de</em></strong></span> <span class='ocrx_word' id='word_1_278' title='bbox 2490 4843 2777 4921; x_wconf 81' lang='lat' dir='ltr'>civibus</span> <span class='ocrx_word' id='word_1_279' title='bbox 2815 4870 3039 4945; x_wconf 84' lang='lat' dir='ltr'>quam</span> 
     </span>
     <span class='ocr_line' id='line_1_36' title="bbox 268 4964 3037 5080; baseline 0.001 -41"><span class='ocrx_word' id='word_1_280' title='bbox 268 4964 350 5040; x_wconf 90' lang='lat' dir='ltr'><strong><em>de</em></strong></span> <span class='ocrx_word' id='word_1_281' title='bbox 388 4967 854 5067; x_wconf 82' lang='lat' dir='ltr'>peregrinis;</span> <span class='ocrx_word' id='word_1_282' title='bbox 909 4980 986 5080; x_wconf 79' lang='lat' dir='ltr'><strong><em>et</em></strong></span> <span class='ocrx_word' id='word_1_283' title='bbox 1021 4968 1412 5066; x_wconf 65' lang='lat' dir='ltr'>mulieres,</span> <span class='ocrx_word' id='word_1_284' title='bbox 1469 4996 1664 5071; x_wconf 86' lang='lat' dir='ltr'>quae</span> <span class='ocrx_word' id='word_1_285' title='bbox 1723 4994 1893 5047; x_wconf 90' lang='lat' dir='ltr'>cum</span> <span class='ocrx_word' id='word_1_286' title='bbox 1936 4968 2081 5047; x_wconf 83' lang='lat' dir='ltr'>illis</span> <span class='ocrx_word' id='word_1_287' title='bbox 2118 4970 2699 5075; x_wconf 79' lang='lat' dir='ltr'>propinguitatis</span> <span class='ocrx_word' id='word_1_288' title='bbox 2736 4967 3037 5077; x_wconf 79' lang='lat' dir='ltr'>vinculo</span> 
     </span>
     <span class='ocr_line' id='line_1_37' title="bbox 269 5094 3037 5198; baseline 0.001 -32"><span class='ocrx_word' id='word_1_289' title='bbox 269 5103 434 5167; x_wconf 83' lang='lat' dir='ltr'>sunt</span> <span class='ocrx_word' id='word_1_290' title='bbox 469 5094 955 5193; x_wconf 79' lang='lat' dir='ltr'>conjunctae,</span> <span class='ocrx_word' id='word_1_291' title='bbox 1009 5094 1107 5172; x_wconf 77' lang='lat' dir='ltr'><strong><em>ad</em></strong></span> <span class='ocrx_word' id='word_1_292' title='bbox 1163 5097 1591 5196; x_wconf 85' lang='lat' dir='ltr'>sepulcrum</span> <span class='ocrx_word' id='word_1_293' title='bbox 1645 5096 1917 5173; x_wconf 78' lang='lat' dir='ltr'>adsunt</span> <span class='ocrx_word' id='word_1_294' title='bbox 1966 5098 2351 5198; x_wconf 80' lang='lat' dir='ltr'>ejulantes.</span> <span class='ocrx_word' id='word_1_295' title='bbox 2418 5096 2635 5175; x_wconf 78' lang='lat' dir='ltr'>Haec</span> <span class='ocrx_word' id='word_1_296' title='bbox 2672 5106 2921 5171; x_wconf 83' lang='lat' dir='ltr'>autem</span> <span class='ocrx_word' id='word_1_297' title='bbox 2956 5094 3037 5169; x_wconf 91' lang='lat' dir='ltr'>in</span> 
     </span>
     <span class='ocr_line' id='line_1_38' title="bbox 269 5216 3033 5324; baseline 0.001 -32"><span class='ocrx_word' id='word_1_298' title='bbox 269 5216 566 5315; x_wconf 85' lang='lat' dir='ltr'>publico</span> <span class='ocrx_word' id='word_1_299' title='bbox 601 5224 1092 5299; x_wconf 73' lang='lat' dir='ltr'>monumento</span> <span class='ocrx_word' id='word_1_300' title='bbox 1132 5220 1501 5320; x_wconf 87' lang='lat' dir='ltr'>condunt,</span> <span class='ocrx_word' id='word_1_301' title='bbox 1527 5282 1538 5291; x_wconf 93' lang='lat'><strong>.</strong></span> <span class='ocrx_word' id='word_1_302' title='bbox 1560 5222 1762 5324; x_wconf 90' lang='lat' dir='ltr'>quod</span> <span class='ocrx_word' id='word_1_303' title='bbox 1811 5232 1927 5299; x_wconf 75' lang='lat' dir='ltr'><strong><em>est</em></strong></span> <span class='ocrx_word' id='word_1_304' title='bbox 1961 5223 2040 5299; x_wconf 82' lang='lat' dir='ltr'>in</span> <span class='ocrx_word' id='word_1_305' title='bbox 2081 5221 2582 5324; x_wconf 85' lang='lat' dir='ltr'>pulcherrimo</span> <span class='ocrx_word' id='word_1_306' title='bbox 2616 5218 2825 5297; x_wconf 84' lang='lat' dir='ltr'>urbis</span> <span class='ocrx_word' id='word_1_307' title='bbox 2860 5218 3033 5296; x_wconf 75' lang='lat' dir='ltr'>sub.—</span> 
     </span>
    </p>
   </div>
  </div>
 </body>
</html>
