3725 5850
1043 499 1278 554 FnsTA
1315 496 1911 550 onmmns
1948 501 2215 554 Mansa.
2490 483 2493 486 ’
2848 477 3005 556 109

1531 691 1712 770 446.

453 839 821 945 Pompam
857 838 1422 920 Athenaeorum
1459 837 1867 940 disponunt
1902 839 2262 940 praefecti
2297 866 2683 944 pagorum.

1526 1021 1706 1098 447.

452 1161 591 1254 Μὴ
667 1154 921 1262 ὄνομα
994 1160 1518 1264 πεντετηρίδος
1580 1163 1953 1236 τίθεσθαι
2021 1156 2262 1258 δούλῃ
2324 1155 2375 1253 ἢ
2429 1155 2899 1265 ἀπελευθέρα
2957 1157 3005 1256 ἢ

281 1283 484 1387 πόρνῃ
523 1282 569 1379 ἢ
604 1283 1022 1388 αὐλητρίδι.
1423 1291 2003 1392 (Harpocratiot
2043 1290 2325 1385 Νεμέας
2358 1285 2791 1389 Χαράδρα.)

1537 1473 1714 1548 447.

451 1615 566 1696 Ne
601 1639 822 1694 serva
847 1672 867 1711 ,
923 1613 1316 1714 libertina,
1373 1616 1722 1696 meretrix
1759 1615 1887 1692 vel
1921 1615 2229 1692 tibicina
2263 1639 2539 1694 nomen
2573 1613 2747 1692 festi
2784 1615 2996 1715 quin-

278 1742 628 1842 quennalis
665 1741 879 1820 ferat.

1533 1851 1712 1927 448.

437 1985 918 2066 Ἐπικλείδια
956 1987 1171 2092 ἑορτὴ
1212 1989 1616 2094 Δήμητρος.
2265 1992 2788 2094 (Hesychius.)

429 2125 752 2238 ”Aram
791 2131 872 2211 δὲ
897 2130 1096 2233 μετὰ
1135 2133 1294 2212 τῶν
1330 2129 1886 2234 Δημητριακῶν
1922 2130 2250 2232 καρπῶν
2294 2125 2683 2238 συλλογῆν
2716 2129 2807 2230 τῇ
2849 2129 3003 2224 Δή-

265 2287 450 2358 μητρι
489 2254 1044 2364 εὐχαριστὴρια.
1264 2263 1552 2360 (Schol.
1591 2265 1671 2340 in
1707 2263 2009 2340 Pindar.
2050 2261 2351 2363 Olymp.
2393 2262 2528 2359 IX,
2571 2263 2793 2354 150.)

1529 2446 1707 2521 448.

447 2590 812 2693 Epiclidia
847 2603 962 2668 est
995 2592 1270 2669 festum
1307 2589 1623 2698 Cereris.

446 2732 886 2812 celebratur
957 2743 1204 2811 autem
1275 2734 1604 2812 collectis
1692 2732 2037 2831 frugibus
2112 2728 2542 2807 cerealibus-
2595 2727 3004 2826 gratiarum
3082 2743 3085 2748 ·

267 2858 692 2957 agendarum
745 2886 992 2939 causa.

1404 3156 1681 3260 Τμῆμα
1733 3157 1842 3259 β’·

735 3298 1140 3420 ‘Bootae‘
1194 3317 2102 3425 Μεταγειτνιῶνος
2148 3314 2483 3417 μηνός.

1493 3501 1685 3514 ννἉ’νννν
1694 3501 1735 3513 ιον
1740 3501 1774 3512 υἱ

1429 3610 1679 3690 Sectio
1736 3610 1806 3687 2.

869 3772 1168 3848 Festa
1221 3770 1955 3869 Metagitnione
2009 3794 2360 3844 mense.

1527 3986 1705 4062 449.

442 4132 545 4203 Μ
555 4157 590 4203 ε
607 4158 653 4203 τ
670 4157 719 4204 α
740 4154 790 4235 y
811 4158 845 4203 ε
866 4157 892 4201 ι
913 4158 958 4201 τ
982 4156 1028 4205 ν
1047 4157 1070 4202 ι
1097 4124 1154 4201 ὠ
1177 4154 1226 4203 ν
1283 4122 1626 4228 δεύτερος
1673 4122 1838 4225 μὴν
1859 4148 1876 4164 ·
1954 4130 2040 4200 ἐν
2097 4120 2175 4199 δὲ
2240 4117 2496 4220 τούτῳ
2556 4116 2995 4197 Ἀπόλλωνι

267 4257 768 4357 Μεταγειτνὶῳ
811 4250 1058 4330 θύειν.
2179 4250 2780 4351 (HarpocratiO.)

1519 4382 1698 4455 449.

442 4524 882 4625 Metagitnio
940 4534 1053 4602 est
1118 4523 1490 4601 secundus
1562 4522 1879 4619 mensis,
1950 4544 2099 4623 quo
2150 4518 2503 4622 Apolloni
2556 4517 2992 4618 Metagitnio
3080 4557 3085 4565 ·

267 4674 440 4729 sacra
491 4651 836 4729 facienda
890 4660 1085 4727 sunt.
2930 4677 2933 4681 ·
