<?xml version="1.0" encoding="UTF-8"?>
<!DOCTYPE html PUBLIC "-//W3C//DTD XHTML 1.0 Transitional//EN"
    "http://www.w3.org/TR/xhtml1/DTD/xhtml1-transitional.dtd">
<html xmlns="http://www.w3.org/1999/xhtml" xml:lang="en" lang="en">
 <head>
  <title>
</title>
<meta http-equiv="Content-Type" content="text/html;charset=utf-8" />
  <meta name='ocr-system' content='tesseract 3.04.00' />
  <meta name='ocr-capabilities' content='ocr_page ocr_carea ocr_par ocr_line ocrx_word'/>
</head>
<body>
  <div class='ocr_page' id='page_1' title='image "./synaggtnattiknn01tlgoog_0185.png"; bbox 0 0 3725 5850; ppageno 0'>
   <div class='ocr_carea' id='block_1_1' title="bbox 1242 459 2955 534">
    <p class='ocr_par' dir='ltr' id='par_1_1' title="bbox 1242 459 2955 534">
     <span class='ocr_line' id='line_1_1' title="bbox 1242 459 2955 534; baseline 0.001 -4"><span class='ocrx_word' id='word_1_1' title='bbox 1242 481 1440 532; x_wconf 69' lang='lat' dir='ltr'><strong>uns</strong></span> <span class='ocrx_word' id='word_1_2' title='bbox 1477 481 1883 532; x_wconf 66' lang='lat' dir='ltr'><strong>nri-mma.</strong></span> <span class='ocrx_word' id='word_1_3' title='bbox 2800 459 2955 534; x_wconf 73' lang='lat'><strong>159</strong></span> 
     </span>
    </p>
   </div>
   <div class='ocr_carea' id='block_1_2' title="bbox 217 672 2946 1142">
    <p class='ocr_par' dir='ltr' id='par_1_2' title="bbox 217 672 2946 1142">
     <span class='ocr_line' id='line_1_2' title="bbox 1467 672 1648 748; baseline 0.022 -3"><span class='ocrx_word' id='word_1_4' title='bbox 1467 672 1648 748; x_wconf 69' lang='lat'><strong>648.</strong></span> 
     </span>
     <span class='ocr_line' id='line_1_3' title="bbox 393 788 2946 899; baseline 0 -27"><span class='ocrx_word' id='word_1_5' title='bbox 393 795 586 886; x_wconf 75' lang='grc' dir='ltr'><strong>Δίκη</strong></span> <span class='ocrx_word' id='word_1_6' title='bbox 623 790 844 894; x_wconf 72' lang='grc' dir='ltr'><strong><em>αὐτῷ</em></strong></span> <span class='ocrx_word' id='word_1_7' title='bbox 871 792 980 892; x_wconf 78' lang='grc' dir='ltr'><em>μή</em></span> <span class='ocrx_word' id='word_1_8' title='bbox 1034 795 1222 868; x_wconf 66' lang='grc' dir='ltr'><strong><em>ἔστω</em></strong></span> <span class='ocrx_word' id='word_1_9' title='bbox 1283 799 1448 892; x_wconf 77' lang='grc' dir='ltr'><strong><em>περὶ</em></strong></span> <span class='ocrx_word' id='word_1_10' title='bbox 1500 793 1646 868; x_wconf 76' lang='grc' dir='ltr'><strong>τοῦ</strong></span> <span class='ocrx_word' id='word_1_11' title='bbox 1705 789 2123 899; x_wconf 77' lang='grc' dir='ltr'><em>ἀργυρίου,</em></span> <span class='ocrx_word' id='word_1_12' title='bbox 2180 788 2231 871; x_wconf 73' lang='grc' dir='ltr'>ὃ</span> <span class='ocrx_word' id='word_1_13' title='bbox 2266 789 2372 872; x_wconf 65' lang='grc' dir='ltr'><strong>ἄν</strong></span> <span class='ocrx_word' id='word_1_14' title='bbox 2406 826 2521 882; x_wconf 84' lang='grc' dir='ltr'><strong>τις</strong></span> <span class='ocrx_word' id='word_1_15' title='bbox 2556 793 2763 895; x_wconf 73' lang='grc' dir='ltr'><strong>ἐκδῷ</strong></span> <span class='ocrx_word' id='word_1_16' title='bbox 2800 788 2946 872; x_wconf 65' lang='grc' dir='ltr'><strong>ὅλ-</strong></span> 
     </span>
     <span class='ocr_line' id='line_1_4' title="bbox 217 915 2833 1022; baseline 0.001 -28"><span class='ocrx_word' id='word_1_17' title='bbox 217 925 360 994; x_wconf 83' lang='grc' dir='ltr'><strong><em>λοσέ</em></strong></span> <span class='ocrx_word' id='word_1_18' title='bbox 389 949 483 1016; x_wconf 75' lang='grc' dir='ltr'><strong>πῃ</strong></span> <span class='ocrx_word' id='word_1_19' title='bbox 521 915 568 1010; x_wconf 71' lang='grc' dir='ltr'>ἢ</span> <span class='ocrx_word' id='word_1_20' title='bbox 610 916 1048 1012; x_wconf 78' lang='grc' dir='ltr'><strong>Ἀθήναζε,</strong></span> <span class='ocrx_word' id='word_1_21' title='bbox 1098 917 1284 1017; x_wconf 83' lang='grc' dir='ltr'><strong><em>μηδὲ</em></strong></span> <span class='ocrx_word' id='word_1_22' title='bbox 1325 915 1523 1019; x_wconf 78' lang='grc' dir='ltr'><strong>ἀρχή</strong></span> <span class='ocrx_word' id='word_1_23' title='bbox 1565 923 1924 1022; x_wconf 75' lang='grc' dir='ltr'><em>εἰσαγέτω</em></span> <span class='ocrx_word' id='word_1_24' title='bbox 1962 927 2127 1020; x_wconf 74' lang='grc' dir='ltr'><strong><em>περὶ</em></strong></span> <span class='ocrx_word' id='word_1_25' title='bbox 2164 919 2450 996; x_wconf 87' lang='grc' dir='ltr'><strong><em>τούτου</em></strong></span> <span class='ocrx_word' id='word_1_26' title='bbox 2479 920 2833 1021; x_wconf 75' lang='grc' dir='ltr'><em>μηδεμία.</em></span> 
     </span>
     <span class='ocr_line' id='line_1_5' title="bbox 1516 1049 2729 1142; baseline 0.002 -17"><span class='ocrx_word' id='word_1_27' title='bbox 1516 1049 1945 1142; x_wconf 84' lang='lat' dir='ltr'><strong>(Demosth.</strong></span> <span class='ocrx_word' id='word_1_28' title='bbox 1986 1051 2155 1126; x_wconf 86' lang='lat' dir='ltr'><strong>adv.</strong></span> <span class='ocrx_word' id='word_1_29' title='bbox 2197 1051 2467 1128; x_wconf 87' lang='lat' dir='ltr'><strong>Lacrit.</strong></span> <span class='ocrx_word' id='word_1_30' title='bbox 2508 1050 2729 1142; x_wconf 86' lang='lat'>941.)</span> 
     </span>
    </p>
   </div>
   <div class='ocr_carea' id='block_1_3' title="bbox 1473 1211 1649 1286">
    <p class='ocr_par' dir='ltr' id='par_1_3' title="bbox 1473 1211 1649 1286">
     <span class='ocr_line' id='line_1_6' title="bbox 1473 1211 1649 1286; baseline 0.011 -2"><span class='ocrx_word' id='word_1_31' title='bbox 1473 1211 1649 1286; x_wconf 88' lang='grc'><strong>648.</strong></span> 
     </span>
    </p>
   </div>
   <div class='ocr_carea' id='block_1_4' title="bbox 210 1335 2934 1562">
    <p class='ocr_par' dir='ltr' id='par_1_4' title="bbox 210 1335 2934 1562">
     <span class='ocr_line' id='line_1_7' title="bbox 397 1335 2934 1442; baseline 0.001 -30"><span class='ocrx_word' id='word_1_32' title='bbox 397 1335 714 1414; x_wconf 80' lang='lat' dir='ltr'><strong>Actio-ei</strong></span> <span class='ocrx_word' id='word_1_33' title='bbox 754 1363 848 1413; x_wconf 90' lang='lat' dir='ltr'><strong>ne</strong></span> <span class='ocrx_word' id='word_1_34' title='bbox 887 1337 1102 1412; x_wconf 88' lang='lat' dir='ltr'><strong>detur</strong></span> <span class='ocrx_word' id='word_1_35' title='bbox 1139 1335 1231 1412; x_wconf 94' lang='lat' dir='ltr'><strong>de</strong></span> <span class='ocrx_word' id='word_1_36' title='bbox 1272 1349 1624 1436; x_wconf 85' lang='lat' dir='ltr'><strong>argento,</strong></span> <span class='ocrx_word' id='word_1_37' title='bbox 1685 1335 1882 1438; x_wconf 88' lang='lat' dir='ltr'><strong>quod</strong></span> <span class='ocrx_word' id='word_1_38' title='bbox 1921 1335 2084 1438; x_wconf 85' lang='lat' dir='ltr'><strong>quis</strong></span> <span class='ocrx_word' id='word_1_39' title='bbox 2124 1337 2267 1413; x_wconf 86' lang='lat' dir='ltr'><strong>alio</strong></span> <span class='ocrx_word' id='word_1_40' title='bbox 2307 1338 2657 1442; x_wconf 86' lang='lat' dir='ltr'><strong>quopiam</strong></span> <span class='ocrx_word' id='word_1_41' title='bbox 2694 1338 2934 1414; x_wconf 87' lang='lat' dir='ltr'><strong>eloca-</strong></span> 
     </span>
     <span class='ocr_line' id='line_1_8' title="bbox 210 1459 2932 1562; baseline 0 -24"><span class='ocrx_word' id='word_1_42' title='bbox 210 1465 286 1538; x_wconf 88' lang='lat' dir='ltr'><strong>rit</strong></span> <span class='ocrx_word' id='word_1_43' title='bbox 321 1489 527 1562; x_wconf 89' lang='lat' dir='ltr'><strong>quam</strong></span> <span class='ocrx_word' id='word_1_44' title='bbox 569 1461 944 1557; x_wconf 61' lang='lat' dir='ltr'><strong>Athenae„</strong></span> <span class='ocrx_word' id='word_1_45' title='bbox 1005 1489 1143 1537; x_wconf 90' lang='lat' dir='ltr'><strong>nec</strong></span> <span class='ocrx_word' id='word_1_46' title='bbox 1201 1463 1680 1560; x_wconf 82' lang='lat' dir='ltr'><strong>magistratus</strong></span> <span class='ocrx_word' id='word_1_47' title='bbox 1734 1459 1929 1536; x_wconf 87' lang='lat' dir='ltr'><strong>ullus</strong></span> <span class='ocrx_word' id='word_1_48' title='bbox 1988 1487 2152 1537; x_wconf 88' lang='lat' dir='ltr'><strong>eam</strong></span> <span class='ocrx_word' id='word_1_49' title='bbox 2188 1461 2263 1537; x_wconf 89' lang='lat' dir='ltr'><strong>in</strong></span> <span class='ocrx_word' id='word_1_50' title='bbox 2302 1461 2665 1562; x_wconf 86' lang='lat' dir='ltr'><strong>judicium</strong></span> <span class='ocrx_word' id='word_1_51' title='bbox 2702 1461 2932 1539; x_wconf 83' lang='lat' dir='ltr'><strong>intro-</strong></span> 
     </span>
    </p>
   </div>
   <div class='ocr_carea' id='block_1_5' title="bbox 86 1588 444 1680">
    <p class='ocr_par' dir='ltr' id='par_1_5' title="bbox 86 1588 444 1680">
     <span class='ocr_line' id='line_1_9' title="bbox 86 1588 444 1680; baseline -0.003 -16"><span class='ocrx_word' id='word_1_52' title='bbox 86 1673 88 1680; x_wconf 46' lang='lat'><em>,</em></span> <span class='ocrx_word' id='word_1_53' title='bbox 213 1588 444 1664; x_wconf 88' lang='lat' dir='ltr'><strong>ducito.</strong></span> 
     </span>
    </p>
   </div>
   <div class='ocr_carea' id='block_1_6' title="bbox 1378 1777 1740 1872">
    <p class='ocr_par' dir='ltr' id='par_1_6' title="bbox 1378 1777 1740 1872">
     <span class='ocr_line' id='line_1_10' title="bbox 1378 1777 1740 1872; baseline 0.006 -27"><span class='ocrx_word' id='word_1_54' title='bbox 1378 1777 1608 1872; x_wconf 79' lang='grc' dir='ltr'><strong><em>Μέρος</em></strong></span> <span class='ocrx_word' id='word_1_55' title='bbox 1665 1777 1740 1847; x_wconf 83' lang='grc' dir='ltr'><strong>ε’.</strong></span> 
     </span>
    </p>
   </div>
   <div class='ocr_carea' id='block_1_7' title="bbox 1009 1901 2104 1994">
    <p class='ocr_par' dir='ltr' id='par_1_7' title="bbox 1009 1901 2104 1994">
     <span class='ocr_line' id='line_1_11' title="bbox 1009 1901 2104 1994; baseline -0.004 -21"><span class='ocrx_word' id='word_1_56' title='bbox 1009 1908 1330 1989; x_wconf 84' lang='grc' dir='ltr'><em>Δίκης</em></span> <span class='ocrx_word' id='word_1_57' title='bbox 1422 1901 2104 1994; x_wconf 76' lang='grc' dir='ltr'><strong><em>ιῖναλώματα.</em></strong></span> 
     </span>
    </p>
   </div>
   <div class='ocr_carea' id='block_1_8' title="bbox 1165 2121 1927 2354">
    <p class='ocr_par' dir='ltr' id='par_1_8' title="bbox 1165 2121 1927 2354">
     <span class='ocr_line' id='line_1_12' title="bbox 1387 2121 1730 2208; baseline -0.003 -1"><span class='ocrx_word' id='word_1_58' title='bbox 1387 2139 1600 2207; x_wconf 82' lang='lat' dir='ltr'><strong>Pars</strong></span> <span class='ocrx_word' id='word_1_59' title='bbox 1666 2121 1730 2208; x_wconf 66' lang='lat'><strong>‘5.</strong></span> 
     </span>
     <span class='ocr_line' id='line_1_13' title="bbox 1165 2265 1927 2354; baseline 0 -24"><span class='ocrx_word' id='word_1_60' title='bbox 1165 2266 1396 2332; x_wconf 77' lang='lat' dir='ltr'><strong>Litis</strong></span> <span class='ocrx_word' id='word_1_61' title='bbox 1459 2265 1927 2354; x_wconf 87' lang='lat' dir='ltr'><strong>impendia.</strong></span> 
     </span>
    </p>
   </div>
   <div class='ocr_carea' id='block_1_9' title="bbox 86 2434 2942 3301">
    <p class='ocr_par' dir='ltr' id='par_1_9' title="bbox 86 2434 2942 3301">
     <span class='ocr_line' id='line_1_14' title="bbox 1463 2434 1641 2508; baseline 0.011 -2"><span class='ocrx_word' id='word_1_62' title='bbox 1463 2434 1641 2508; x_wconf 76' lang='lat'><strong>649.</strong></span> 
     </span>
     <span class='ocr_line' id='line_1_15' title="bbox 390 2567 2942 2672; baseline 0.001 -28"><span class='ocrx_word' id='word_1_63' title='bbox 390 2567 499 2644; x_wconf 77' lang='grc' dir='ltr'><strong>Τὰ</strong></span> <span class='ocrx_word' id='word_1_64' title='bbox 538 2569 958 2669; x_wconf 80' lang='grc' dir='ltr'><strong><em>πρυτανεῖά</em></strong></span> <span class='ocrx_word' id='word_1_65' title='bbox 995 2579 1205 2648; x_wconf 74' lang='grc' dir='ltr'><strong><em>ἐστιν</em></strong></span> <span class='ocrx_word' id='word_1_66' title='bbox 1241 2567 1288 2646; x_wconf 83' lang='grc' dir='ltr'><strong><em>ὅ</em></strong></span> <span class='ocrx_word' id='word_1_67' title='bbox 1325 2601 1400 2646; x_wconf 86' lang='grc' dir='ltr'><strong>τι</strong></span> <span class='ocrx_word' id='word_1_68' title='bbox 1437 2569 1555 2648; x_wconf 79' lang='grc' dir='ltr'><strong>δεῖ</strong></span> <span class='ocrx_word' id='word_1_69' title='bbox 1604 2574 2087 2671; x_wconf 74' lang='grc' dir='ltr'><strong><em>καταβαλεῖν</em></strong></span> <span class='ocrx_word' id='word_1_70' title='bbox 2140 2567 2287 2672; x_wconf 82' lang='grc' dir='ltr'><strong>πρὸ</strong></span> <span class='ocrx_word' id='word_1_71' title='bbox 2343 2569 2471 2662; x_wconf 79' lang='grc' dir='ltr'><strong>τῆς</strong></span> <span class='ocrx_word' id='word_1_72' title='bbox 2526 2568 2745 2662; x_wconf 76' lang='grc' dir='ltr'><strong><em>δίκης</em></strong></span> <span class='ocrx_word' id='word_1_73' title='bbox 2800 2568 2942 2646; x_wconf 81' lang='grc' dir='ltr'><strong>τὸν</strong></span> 
     </span>
     <span class='ocr_line' id='line_1_16' title="bbox 208 2693 2941 2799; baseline 0.001 -30.915"><span class='ocrx_word' id='word_1_74' title='bbox 208 2693 558 2772; x_wconf 79' lang='grc' dir='ltr'><strong><em>διώκοντα</em></strong></span> <span class='ocrx_word' id='word_1_75' title='bbox 593 2701 734 2770; x_wconf 81' lang='grc' dir='ltr'><strong>καὶ</strong></span> <span class='ocrx_word' id='word_1_76' title='bbox 772 2693 916 2771; x_wconf 80' lang='grc' dir='ltr'><strong>τὸν</strong></span> <span class='ocrx_word' id='word_1_77' title='bbox 953 2695 1480 2795; x_wconf 68' lang='grc' dir='ltr'><em>διωκόμενον·</em></span> <span class='ocrx_word' id='word_1_78' title='bbox 1538 2703 1611 2774; x_wconf 69' lang='grc' dir='ltr'><strong>εἰ</strong></span> <span class='ocrx_word' id='word_1_79' title='bbox 1655 2697 1732 2774; x_wconf 78' lang='grc' dir='ltr'><strong>δὲ</strong></span> <span class='ocrx_word' id='word_1_80' title='bbox 1765 2695 1873 2796; x_wconf 75' lang='grc' dir='ltr'><strong>μὴ</strong></span> <span class='ocrx_word' id='word_1_81' title='bbox 1898 2756 1923 2788; x_wconf 87' lang='grc'>,</span> <span class='ocrx_word' id='word_1_82' title='bbox 1980 2695 2491 2799; x_wconf 77' lang='grc' dir='ltr'><strong><em>διαγράφουσι</em></strong></span> <span class='ocrx_word' id='word_1_83' title='bbox 2526 2693 2672 2787; x_wconf 79' lang='grc' dir='ltr'><strong>τὴν</strong></span> <span class='ocrx_word' id='word_1_84' title='bbox 2708 2695 2941 2788; x_wconf 76' lang='grc' dir='ltr'><strong><em>δίκην</em></strong></span> 
     </span>
     <span class='ocr_line' id='line_1_17' title="bbox 86 2807 2939 2926; baseline 0.001 -32"><span class='ocrx_word' id='word_1_85' title='bbox 86 2807 88 2872; x_wconf 44' lang='grc' dir='ltr'>ἶ</span> <span class='ocrx_word' id='word_1_86' title='bbox 204 2823 260 2894; x_wconf 78' lang='grc' dir='ltr'><strong>οἱ</strong></span> <span class='ocrx_word' id='word_1_87' title='bbox 291 2825 759 2926; x_wconf 74' lang='grc' dir='ltr'><strong><em>εἰσαγωγεῖς·</em></strong></span> <span class='ocrx_word' id='word_1_88' title='bbox 816 2814 858 2899; x_wconf 79' lang='grc' dir='ltr'><em>ὃ</em></span> <span class='ocrx_word' id='word_1_89' title='bbox 921 2820 997 2898; x_wconf 83' lang='grc' dir='ltr'><strong>δὲ</strong></span> <span class='ocrx_word' id='word_1_90' title='bbox 1056 2816 1405 2914; x_wconf 75' lang='grc' dir='ltr'><strong><em>ἡττηθεὶς</em></strong></span> <span class='ocrx_word' id='word_1_91' title='bbox 1463 2820 1891 2898; x_wconf 83' lang='grc' dir='ltr'><strong><em>ἀποδίδωσι</em></strong></span> <span class='ocrx_word' id='word_1_92' title='bbox 1945 2820 2034 2898; x_wconf 89' lang='grc' dir='ltr'>τὸ</span> <span class='ocrx_word' id='word_1_93' title='bbox 2091 2829 2263 2920; x_wconf 80' lang='grc' dir='ltr'><strong><em>παρ’</em></strong></span> <span class='ocrx_word' id='word_1_94' title='bbox 2301 2817 2763 2920; x_wconf 75' lang='grc' dir='ltr'><strong><em>ἀμφοτέρων</em></strong></span> <span class='ocrx_word' id='word_1_95' title='bbox 2800 2818 2939 2896; x_wconf 83' lang='grc' dir='ltr'><strong>δο-</strong></span> 
     </span>
     <span class='ocr_line' id='line_1_18' title="bbox 86 2942 2941 3049; baseline 0.001 -28"><span class='ocrx_word' id='word_1_96' title='bbox 86 2968 88 2977; x_wconf 88' lang='grc'><em>·</em></span> <span class='ocrx_word' id='word_1_97' title='bbox 207 2950 359 3021; x_wconf 62' lang='lat'><strong>‹9521-</strong></span> <span class='ocrx_word' id='word_1_98' title='bbox 417 2946 901 3049; x_wconf 81' lang='grc' dir='ltr'><strong><em>λαμβάνουσι</em></strong></span> <span class='ocrx_word' id='word_1_99' title='bbox 961 2947 1038 3025; x_wconf 83' lang='grc' dir='ltr'><strong>δὲ</strong></span> <span class='ocrx_word' id='word_1_100' title='bbox 1096 2947 1292 3025; x_wconf 82' lang='grc' dir='ltr'><strong><em>αὐτὸ</em></strong></span> <span class='ocrx_word' id='word_1_101' title='bbox 1351 2952 1423 3025; x_wconf 76' lang='grc' dir='ltr'><strong>οἱ</strong></span> <span class='ocrx_word' id='word_1_102' title='bbox 1483 2949 1882 3025; x_wconf 81' lang='grc' dir='ltr'><strong><em>δικασταί·</em></strong></span> <span class='ocrx_word' id='word_1_103' title='bbox 1940 2953 2078 3023; x_wconf 80' lang='grc' dir='ltr'><strong>καὶ</strong></span> <span class='ocrx_word' id='word_1_104' title='bbox 2139 2950 2212 3023; x_wconf 84' lang='grc' dir='ltr'><strong>οἱ</strong></span> <span class='ocrx_word' id='word_1_105' title='bbox 2260 2950 2409 3045; x_wconf 83' lang='grc' dir='ltr'><strong>μὲν</strong></span> <span class='ocrx_word' id='word_1_106' title='bbox 2456 2944 2612 3022; x_wconf 78' lang='grc' dir='ltr'><strong>ἀπὸ</strong></span> <span class='ocrx_word' id='word_1_107' title='bbox 2655 2942 2941 3023; x_wconf 78' lang='grc' dir='ltr'><strong><em>ἑκατὸν</em></strong></span> 
     </span>
     <span class='ocr_line' id='line_1_19' title="bbox 205 3068 2937 3176; baseline 0 -31"><span class='ocrx_word' id='word_1_108' title='bbox 205 3070 537 3172; x_wconf 76' lang='grc' dir='ltr'><strong><em>δραχμῶν</em></strong></span> <span class='ocrx_word' id='word_1_109' title='bbox 592 3068 775 3175; x_wconf 70' lang='grc' dir='ltr'><strong><em>ἄχρι</em></strong></span> <span class='ocrx_word' id='word_1_110' title='bbox 828 3080 1114 3171; x_wconf 78' lang='grc' dir='ltr'><strong><em>χιλίων</em></strong></span> <span class='ocrx_word' id='word_1_111' title='bbox 1174 3074 1672 3176; x_wconf 73' lang='grc' dir='ltr'><strong><em>δικαζόμενοι</em></strong></span> <span class='ocrx_word' id='word_1_112' title='bbox 1725 3086 1920 3173; x_wconf 74' lang='grc' dir='ltr'><strong><em>τρεῖς</em></strong></span> <span class='ocrx_word' id='word_1_113' title='bbox 1970 3072 2315 3175; x_wconf 75' lang='grc' dir='ltr'><strong><em>δραχμὰς</em></strong></span> <span class='ocrx_word' id='word_1_114' title='bbox 2352 3076 2937 3162; x_wconf 77' lang='grc' dir='ltr'><strong><em>κατατίθενται,</em></strong></span> 
     </span>
     <span class='ocr_line' id='line_1_20' title="bbox 203 3195 2015 3301; baseline 0.002 -31"><span class='ocrx_word' id='word_1_115' title='bbox 203 3202 258 3271; x_wconf 76' lang='grc' dir='ltr'><strong>οἱ</strong></span> <span class='ocrx_word' id='word_1_116' title='bbox 291 3196 362 3275; x_wconf 78' lang='grc' dir='ltr'><strong>δὲ</strong></span> <span class='ocrx_word' id='word_1_117' title='bbox 399 3195 558 3275; x_wconf 75' lang='grc' dir='ltr'><strong>ἀπὸ</strong></span> <span class='ocrx_word' id='word_1_118' title='bbox 587 3204 877 3294; x_wconf 76' lang='grc' dir='ltr'><strong><em>χιλίων</em></strong></span> <span class='ocrx_word' id='word_1_119' title='bbox 905 3205 1133 3300; x_wconf 81' lang='grc' dir='ltr'><strong><em>μέχρι</em></strong></span> <span class='ocrx_word' id='word_1_120' title='bbox 1161 3207 1508 3301; x_wconf 85' lang='grc' dir='ltr'><strong><em>μυρίων,</em></strong></span> <span class='ocrx_word' id='word_1_121' title='bbox 1567 3198 2015 3301; x_wconf 75' lang='grc' dir='ltr'><strong><em>τριάκοντα.</em></strong></span> 
     </span>
    </p>
   </div>
   <div class='ocr_carea' id='block_1_10' title="bbox 1468 3309 2721 3495">
    <p class='ocr_par' dir='ltr' id='par_1_10' title="bbox 1468 3309 2721 3495">
     <span class='ocr_line' id='line_1_21' title="bbox 1468 3309 2721 3495; baseline 0.001 -110"><span class='ocrx_word' id='word_1_122' title='bbox 1468 3422 1621 3495; x_wconf 70' lang='grc'><strong>649</strong></span> <span class='ocrx_word' id='word_1_123' title='bbox 1953 3310 2271 3406; x_wconf 83' lang='lat' dir='ltr'>(Pollux</span> <span class='ocrx_word' id='word_1_124' title='bbox 2309 3309 2517 3403; x_wconf 87' lang='lat' dir='ltr'><strong>VIII,</strong></span> <span class='ocrx_word' id='word_1_125' title='bbox 2560 3309 2721 3405; x_wconf 84' lang='lat'><strong>38.)</strong></span> 
     </span>
    </p>
   </div>
   <div class='ocr_carea' id='block_1_11' title="bbox 200 3542 2938 4271">
    <p class='ocr_par' dir='ltr' id='par_1_11' title="bbox 200 3542 2938 4271">
     <span class='ocr_line' id='line_1_22' title="bbox 381 3542 2938 3644; baseline -0.002 -24"><span class='ocrx_word' id='word_1_126' title='bbox 381 3542 948 3621; x_wconf 76' lang='lat' dir='ltr'><strong>Sacramentum</strong></span> <span class='ocrx_word' id='word_1_127' title='bbox 987 3554 1101 3621; x_wconf 85' lang='lat' dir='ltr'><strong>est</strong></span> <span class='ocrx_word' id='word_1_128' title='bbox 1144 3546 1274 3623; x_wconf 90' lang='lat' dir='ltr'><strong>illa</strong></span> <span class='ocrx_word' id='word_1_129' title='bbox 1325 3546 1634 3623; x_wconf 89' lang='lat' dir='ltr'><strong>definita</strong></span> <span class='ocrx_word' id='word_1_130' title='bbox 1687 3570 2017 3635; x_wconf 85' lang='lat' dir='ltr'><strong>summa,</strong></span> <span class='ocrx_word' id='word_1_131' title='bbox 2077 3567 2301 3644; x_wconf 87' lang='lat' dir='ltr'><strong>quam</strong></span> <span class='ocrx_word' id='word_1_132' title='bbox 2354 3554 2527 3617; x_wconf 87' lang='lat' dir='ltr'><strong>ante</strong></span> <span class='ocrx_word' id='word_1_133' title='bbox 2566 3542 2938 3618; x_wconf 78' lang='lat' dir='ltr'><strong>actionem</strong></span> 
     </span>
     <span class='ocr_line' id='line_1_23' title="bbox 201 3666 2937 3772; baseline 0 -31"><span class='ocrx_word' id='word_1_134' title='bbox 201 3678 374 3743; x_wconf 83' lang='lat' dir='ltr'><strong>actor</strong></span> <span class='ocrx_word' id='word_1_135' title='bbox 405 3682 483 3744; x_wconf 89' lang='lat' dir='ltr'><strong>et</strong></span> <span class='ocrx_word' id='word_1_136' title='bbox 517 3696 688 3745; x_wconf 84' lang='lat' dir='ltr'>reus</span> <span class='ocrx_word' id='word_1_137' title='bbox 727 3669 1105 3772; x_wconf 84' lang='lat' dir='ltr'>deponere</span> <span class='ocrx_word' id='word_1_138' title='bbox 1145 3670 1461 3766; x_wconf 80' lang='lat' dir='ltr'><strong>debent3</strong></span> <span class='ocrx_word' id='word_1_139' title='bbox 1519 3668 1718 3769; x_wconf 91' lang='lat' dir='ltr'><strong>quod</strong></span> <span class='ocrx_word' id='word_1_140' title='bbox 1777 3668 1840 3745; x_wconf 81' lang='lat' dir='ltr'><strong>si</strong></span> <span class='ocrx_word' id='word_1_141' title='bbox 1888 3694 2041 3744; x_wconf 91' lang='lat' dir='ltr'><strong>non</strong></span> <span class='ocrx_word' id='word_1_142' title='bbox 2078 3669 2327 3762; x_wconf 83' lang='lat' dir='ltr'><strong>fieret,</strong></span> <span class='ocrx_word' id='word_1_143' title='bbox 2386 3666 2937 3744; x_wconf 80' lang='lat' dir='ltr'><strong>introductores</strong></span> 
     </span>
     <span class='ocr_line' id='line_1_24' title="bbox 201 3792 2933 3893; baseline -0.002 -22"><span class='ocrx_word' id='word_1_144' title='bbox 201 3819 556 3873; x_wconf 76' lang='lat' dir='ltr'><strong>causarum</strong></span> <span class='ocrx_word' id='word_1_145' title='bbox 588 3795 786 3871; x_wconf 86' lang='lat' dir='ltr'><strong>hanc</strong></span> <span class='ocrx_word' id='word_1_146' title='bbox 823 3795 1196 3871; x_wconf 82' lang='lat' dir='ltr'><strong>actionem</strong></span> <span class='ocrx_word' id='word_1_147' title='bbox 1235 3794 1524 3870; x_wconf 71' lang='lat' dir='ltr'><strong>delente</strong></span> <span class='ocrx_word' id='word_1_148' title='bbox 1581 3793 1827 3871; x_wconf 83' lang='lat' dir='ltr'><strong>victus</strong></span> <span class='ocrx_word' id='word_1_149' title='bbox 1887 3818 2071 3871; x_wconf 88' lang='lat' dir='ltr'><strong>vero</strong></span> <span class='ocrx_word' id='word_1_150' title='bbox 2118 3803 2594 3891; x_wconf 77' lang='lat' dir='ltr'><strong>utrorumque</strong></span> <span class='ocrx_word' id='word_1_151' title='bbox 2636 3792 2933 3893; x_wconf 83' lang='lat' dir='ltr'><strong>deposi-</strong></span> 
     </span>
     <span class='ocr_line' id='line_1_25' title="bbox 200 3918 2931 4021; baseline 0.001 -32"><span class='ocrx_word' id='word_1_152' title='bbox 200 3929 330 3994; x_wconf 88' lang='lat' dir='ltr'><strong>tum</strong></span> <span class='ocrx_word' id='word_1_153' title='bbox 363 3920 580 3997; x_wconf 82' lang='lat' dir='ltr'><strong>solvit</strong></span> <span class='ocrx_word' id='word_1_154' title='bbox 614 3920 836 4021; x_wconf 88' lang='lat' dir='ltr'><strong>idque</strong></span> <span class='ocrx_word' id='word_1_155' title='bbox 862 3920 1157 4020; x_wconf 79' lang='lat' dir='ltr'><strong>judices</strong></span> <span class='ocrx_word' id='word_1_156' title='bbox 1195 3919 1594 4020; x_wconf 83' lang='lat' dir='ltr'><strong>accipiunt.</strong></span> <span class='ocrx_word' id='word_1_157' title='bbox 1645 3918 1710 3996; x_wconf 88' lang='lat' dir='ltr'>A</span> <span class='ocrx_word' id='word_1_158' title='bbox 1749 3930 2051 3994; x_wconf 86' lang='lat' dir='ltr'><strong>centum</strong></span> <span class='ocrx_word' id='word_1_159' title='bbox 2088 3918 2605 3995; x_wconf 81' lang='lat' dir='ltr'><strong>drachmarum</strong></span> <span class='ocrx_word' id='word_1_160' title='bbox 2642 3942 2931 3993; x_wconf 84' lang='lat' dir='ltr'><strong>summa</strong></span> 
     </span>
     <span class='ocr_line' id='line_1_26' title="bbox 200 4040 2925 4144; baseline 0.001 -27"><span class='ocrx_word' id='word_1_161' title='bbox 200 4070 398 4143; x_wconf 86' lang='lat' dir='ltr'>usque</span> <span class='ocrx_word' id='word_1_162' title='bbox 438 4045 534 4122; x_wconf 84' lang='lat' dir='ltr'><strong>ad</strong></span> <span class='ocrx_word' id='word_1_163' title='bbox 571 4044 772 4121; x_wconf 88' lang='lat' dir='ltr'><strong>mille</strong></span> <span class='ocrx_word' id='word_1_164' title='bbox 813 4042 1232 4143; x_wconf 83' lang='lat' dir='ltr'><strong>litigantes,</strong></span> <span class='ocrx_word' id='word_1_165' title='bbox 1288 4055 1440 4119; x_wconf 82' lang='lat' dir='ltr'><strong>tres</strong></span> <span class='ocrx_word' id='word_1_166' title='bbox 1499 4042 1891 4132; x_wconf 79' lang='lat' dir='ltr'><strong>drachmas</strong></span> <span class='ocrx_word' id='word_1_167' title='bbox 1948 4043 2373 4144; x_wconf 81' lang='lat' dir='ltr'><strong>deponunt3</strong></span> <span class='ocrx_word' id='word_1_168' title='bbox 2430 4040 2558 4142; x_wconf 88' lang='lat' dir='ltr'><strong>qui</strong></span> <span class='ocrx_word' id='word_1_169' title='bbox 2594 4052 2847 4118; x_wconf 79' lang='lat' dir='ltr'><strong>autem</strong></span> <span class='ocrx_word' id='word_1_170' title='bbox 2881 4067 2925 4119; x_wconf 82' lang='lat' dir='ltr'><strong>a</strong></span> 
     </span>
     <span class='ocr_line' id='line_1_27' title="bbox 200 4168 2095 4271; baseline 0.001 -30"><span class='ocrx_word' id='word_1_171' title='bbox 200 4170 366 4245; x_wconf 90' lang='lat' dir='ltr'><strong>mille</strong></span> <span class='ocrx_word' id='word_1_172' title='bbox 405 4196 636 4271; x_wconf 88' lang='lat' dir='ltr'>usque</span> <span class='ocrx_word' id='word_1_173' title='bbox 676 4168 771 4245; x_wconf 83' lang='lat' dir='ltr'><strong>ad</strong></span> <span class='ocrx_word' id='word_1_174' title='bbox 810 4168 1072 4245; x_wconf 91' lang='lat' dir='ltr'><strong>decem</strong></span> <span class='ocrx_word' id='word_1_175' title='bbox 1107 4169 1338 4244; x_wconf 85' lang='lat' dir='ltr'><strong>millia</strong></span> <span class='ocrx_word' id='word_1_176' title='bbox 1372 4168 1708 4265; x_wconf 85' lang='lat' dir='ltr'><strong>litigant,</strong></span> <span class='ocrx_word' id='word_1_177' title='bbox 1766 4168 2095 4267; x_wconf 81' lang='lat' dir='ltr'><strong>triginta.</strong></span> 
     </span>
    </p>
   </div>
   <div class='ocr_carea' id='block_1_12' title="bbox 203 4331 2930 4783">
    <p class='ocr_par' dir='ltr' id='par_1_12' title="bbox 203 4331 2930 4783">
     <span class='ocr_line' id='line_1_28' title="bbox 1463 4331 1638 4405; baseline 0.011 -2"><span class='ocrx_word' id='word_1_178' title='bbox 1463 4331 1638 4405; x_wconf 83' lang='lat'><strong>650.</strong></span> 
     </span>
     <span class='ocr_line' id='line_1_29' title="bbox 366 4459 2930 4571; baseline -0.001 -25"><span class='ocrx_word' id='word_1_179' title='bbox 366 4465 482 4547; x_wconf 79' lang='lat' dir='ltr'><strong>‘H</strong></span> <span class='ocrx_word' id='word_1_180' title='bbox 509 4468 588 4549; x_wconf 80' lang='grc' dir='ltr'><strong>δὲ</strong></span> <span class='ocrx_word' id='word_1_181' title='bbox 627 4468 1097 4570; x_wconf 78' lang='grc' dir='ltr'><strong><em>παράστασις</em></strong></span> <span class='ocrx_word' id='word_1_182' title='bbox 1129 4467 1429 4571; x_wconf 78' lang='grc' dir='ltr'><strong><em>δραχμὴ</em></strong></span> <span class='ocrx_word' id='word_1_183' title='bbox 1469 4477 1676 4545; x_wconf 76' lang='grc' dir='ltr'><strong><em>ἐστιν</em></strong></span> <span class='ocrx_word' id='word_1_184' title='bbox 1697 4526 1720 4559; x_wconf 85' lang='lat'><em>,</em></span> <span class='ocrx_word' id='word_1_185' title='bbox 1781 4464 1879 4558; x_wconf 74' lang='grc' dir='ltr'><strong>ἥν</strong></span> <span class='ocrx_word' id='word_1_186' title='bbox 1914 4459 1959 4543; x_wconf 78' lang='grc' dir='ltr'>ὁ</span> <span class='ocrx_word' id='word_1_187' title='bbox 2004 4464 2313 4543; x_wconf 79' lang='grc' dir='ltr'><strong><em>διώκων</em></strong></span> <span class='ocrx_word' id='word_1_188' title='bbox 2350 4462 2553 4566; x_wconf 80' lang='grc' dir='ltr'><strong><em>παρὰ</em></strong></span> <span class='ocrx_word' id='word_1_189' title='bbox 2592 4465 2930 4565; x_wconf 74' lang='grc' dir='ltr'><strong><em>διαιτητῇ</em></strong></span> 
     </span>
     <span class='ocr_line' id='line_1_30' title="bbox 203 4596 2716 4783; baseline 0.002 -116"><span class='ocrx_word' id='word_1_190' title='bbox 203 4602 691 4701; x_wconf 65' lang='grc' dir='ltr'><strong><em>προςεισφέρει.</em></strong></span> <span class='ocrx_word' id='word_1_191' title='bbox 1462 4709 1618 4783; x_wconf 83' lang='lat'><strong>650</strong></span> <span class='ocrx_word' id='word_1_192' title='bbox 1950 4596 2259 4693; x_wconf 85' lang='lat' dir='ltr'><strong>(Pollux</strong></span> <span class='ocrx_word' id='word_1_193' title='bbox 2296 4597 2505 4685; x_wconf 81' lang='lat' dir='ltr'><strong>VIII,</strong></span> <span class='ocrx_word' id='word_1_194' title='bbox 2542 4596 2716 4691; x_wconf 83' lang='lat'>39.)</span> 
     </span>
    </p>
   </div>
   <div class='ocr_carea' id='block_1_13' title="bbox 379 4829 2924 4932">
    <p class='ocr_par' dir='ltr' id='par_1_13' title="bbox 379 4829 2924 4932">
     <span class='ocr_line' id='line_1_31' title="bbox 379 4829 2924 4932; baseline -0.002 -23"><span class='ocrx_word' id='word_1_195' title='bbox 379 4832 755 4910; x_wconf 80' lang='lat' dir='ltr'><strong>Exhibitio</strong></span> <span class='ocrx_word' id='word_1_196' title='bbox 790 4834 938 4909; x_wconf 86' lang='lat' dir='ltr'><strong>litis</strong></span> <span class='ocrx_word' id='word_1_197' title='bbox 977 4859 1155 4911; x_wconf 90' lang='lat' dir='ltr'><strong>vero</strong></span> <span class='ocrx_word' id='word_1_198' title='bbox 1193 4844 1306 4911; x_wconf 87' lang='lat' dir='ltr'><strong>est</strong></span> <span class='ocrx_word' id='word_1_199' title='bbox 1343 4832 1734 4929; x_wconf 81' lang='lat' dir='ltr'><strong>drachma,</strong></span> <span class='ocrx_word' id='word_1_200' title='bbox 1792 4856 2015 4931; x_wconf 87' lang='lat' dir='ltr'><strong>quam</strong></span> <span class='ocrx_word' id='word_1_201' title='bbox 2074 4843 2280 4908; x_wconf 86' lang='lat' dir='ltr'><strong>actor</strong></span> <span class='ocrx_word' id='word_1_202' title='bbox 2327 4832 2527 4932; x_wconf 84' lang='lat' dir='ltr'><strong>apud</strong></span> <span class='ocrx_word' id='word_1_203' title='bbox 2566 4829 2924 4908; x_wconf 83' lang='lat' dir='ltr'><strong>arbitrum</strong></span> 
     </span>
    </p>
   </div>
   <div class='ocr_carea' id='block_1_14' title="bbox 203 4950 1636 5145">
    <p class='ocr_par' dir='ltr' id='par_1_14' title="bbox 203 4950 1636 5145">
     <span class='ocr_line' id='line_1_32' title="bbox 203 4950 488 5055; baseline 0.032 -28"><span class='ocrx_word' id='word_1_204' title='bbox 203 4950 488 5055; x_wconf 86' lang='lat' dir='ltr'><strong>deponit.</strong></span> 
     </span>
     <span class='ocr_line' id='line_1_33' title="bbox 1457 5068 1636 5145; baseline 0.011 -2"><span class='ocrx_word' id='word_1_205' title='bbox 1457 5068 1504 5143; x_wconf 84' lang='lat'>6</span> <span class='ocrx_word' id='word_1_206' title='bbox 1513 5070 1557 5143; x_wconf 86' lang='lat'>5</span> <span class='ocrx_word' id='word_1_207' title='bbox 1571 5069 1636 5145; x_wconf 86' lang='grc'><strong>1.</strong></span> 
     </span>
    </p>
   </div>
   <div class='ocr_carea' id='block_1_15' title="bbox 378 5202 2978 5314">
    <p class='ocr_par' dir='ltr' id='par_1_15' title="bbox 378 5202 2978 5314">
     <span class='ocr_line' id='line_1_34' title="bbox 378 5202 2978 5314; baseline 0 -31"><span class='ocrx_word' id='word_1_208' title='bbox 378 5204 943 5311; x_wconf 85' lang='grc' dir='ltr'><strong><em>Λαμβάνουσιν</em></strong></span> <span class='ocrx_word' id='word_1_209' title='bbox 981 5212 1052 5285; x_wconf 81' lang='grc' dir='ltr'><strong>οὶ</strong></span> <span class='ocrx_word' id='word_1_210' title='bbox 1093 5208 1464 5301; x_wconf 85' lang='grc' dir='ltr'><strong><em>διαιτηταὶ</em></strong></span> <span class='ocrx_word' id='word_1_211' title='bbox 1524 5206 1875 5309; x_wconf 74' lang='grc' dir='ltr'><strong><em>δραχμὴν</em></strong></span> <span class='ocrx_word' id='word_1_212' title='bbox 1915 5206 2116 5312; x_wconf 75' lang='grc' dir='ltr'><strong><em>παρὰ</em></strong></span> <span class='ocrx_word' id='word_1_213' title='bbox 2156 5206 2300 5286; x_wconf 77' lang='grc' dir='ltr'><strong>τοῦ</strong></span> <span class='ocrx_word' id='word_1_214' title='bbox 2340 5210 2750 5314; x_wconf 68' lang='grc' dir='ltr'><strong><em>κρίνοντος</em></strong></span> <span class='ocrx_word' id='word_1_215' title='bbox 2788 5202 2929 5298; x_wconf 67' lang='grc' dir='ltr'><strong>τὴν</strong></span> <span class='ocrx_word' id='word_1_216' title='bbox 2969 5246 2978 5254; x_wconf 94' lang='grc'><em>·</em></span> 
     </span>
    </p>
   </div>
  </div>
 </body>
</html>
