3725 5850
1102 414 1720 469 comussummus
1761 415 1865 466 An
1908 410 2067 467 uso.
2110 410 2267 470 11⁶1.
2896 393 3051 469 573

274 604 463 679 riam
501 602 721 681 alicui
759 606 1136 699 fecerunt,
1193 634 1346 691 non
1401 606 1646 683 minus
1702 606 1776 683 hi
1830 608 1955 706 qui
1992 608 2173 685 laesi
2213 635 2366 684 non
2404 620 2619 703 sunt,
2676 608 3046 684 ulciscun-

273 740 394 803 tur
415 786 433 823 ,
493 756 716 828 quam
751 731 802 805 ii
841 731 1110 833 quibus
1149 731 1262 805 vis
1303 740 1416 805 est
1453 729 1724 805 illata.“

488 871 774 948 Plato
833 873 1048 971 Leg.
1109 874 1288 966 874,
1346 872 1450 948 O:
1507 870 1584 949 Si
1625 873 1789 972 quis
1836 874 2213 972 ingenuae
2272 875 2558 957 mulieri
2616 876 2769 951 vim
2827 877 3047 953 affert

271 996 396 1071 vel
450 1021 684 1096 puero
731 998 837 1073 rei
878 1022 1236 1073 venereae
1277 1020 1501 1072 causa
1525 1054 1542 1089 ,
1597 998 1907 1097 impune
1946 1024 2119 1073 eum
2156 1011 2395 1075 morte
2434 1000 2816 1077 afficiunto
2856 1014 2930 1077 et
2968 1002 3041 1075 vi

267 1118 588 1197 violatus
644 1130 718 1197 et
771 1132 986 1222 pater
1034 1122 1156 1199 vel
1195 1123 1426 1199 frater
1466 1122 1588 1197 vel
1623 1121 1796 1215 filii;
1855 1134 1929 1197 et
1966 1123 2029 1197 si
2066 1124 2181 1197 vir
2216 1146 2523 1199 uxorem
2558 1126 2849 1201 invenit
2884 1126 3071 1201 vim‘

265 1245 710 1341 patientem,
771 1247 832 1323 si
871 1247 1224 1325 occiderit
1257 1247 1700 1325 inferentem
1723 1306 1740 1338 ,
1800 1274 2031 1348 purus
2071 1260 2229 1325 esto
2266 1247 2454 1347 lege.

1427 1492 1580 1575 Ad
1623 1494 1891 1575 noo.

485 1656 701 1731 Plato
739 1655 926 1731 haec
965 1657 1405 1757 praescribit
1441 1658 1516 1731 in
1555 1656 1889 1757 Legibus
1948 1656 2169 1752 (881,
2207 1658 2528 1752 B--E):
2584 1660 2710 1759 qui
2750 1670 3038 1759 patrem

262 1780 390 1857 vel
445 1790 755 1856 matrem
811 1784 930 1857 vel
989 1782 1248 1857 horum
1310 1794 1558 1883 patres
1615 1791 1983 1858 matresve
2042 1781 2437 1859 verberare
2497 1810 2719 1860 ausus
2776 1784 3038 1877 fuerit,

262 1904 803 1981 condemnatus
838 1906 917 1980 in
956 1920 1402 2007 perpetuum
1457 1907 1832 2005 relegator
1890 1934 1981 1983 ex
2030 1905 2213 1981 urbe
2272 1909 2348 1983 in
2396 1906 2759 2008 reliquam
2796 1910 3037 2008 regio-

261 2056 444 2105 nem
517 2042 591 2104 et
646 2032 989 2110 omnibus
1063 2034 1293 2109 sacris
1367 2044 1695 2109 arcetor:
1763 2035 2000 2109 arceri
2078 2046 2539 2111 recusantem
2614 2036 3038 2133 castiganto

261 2180 618 2252 agrorum
673 2157 1010 2257 magistri
1091 2158 1520 2233 verberibus
1575 2168 1650 2231 et
1705 2156 2274 2257 quibuscunque
2334 2159 2703 2236 voluerint
2758 2158 3037 2247 modis3

263 2306 612 2357 reversus
647 2308 829 2357 vero
867 2294 1101 2357 morte
1153 2284 1470 2383 punitor.
1549 2283 1627 2359 Si
1686 2284 1850 2384 quis
1906 2295 2159 2359 autem
2215 2285 2584 2377 omnium,
2644 2282 2767 2382 qui
2822 2284 3037 2359 liberi

260 2417 478 2501 sunt,
538 2432 709 2483 cum
765 2408 892 2483 tali
943 2434 1090 2483 una
1125 2407 1279 2481 edit
1319 2408 1436 2483 vel
1474 2408 1664 2484 bibit
1701 2407 1818 2483 vel
1856 2408 2275 2509 hujusmodi
2315 2408 2595 2508 aliquid
2636 2430 3032 2483 commune

259 2531 562 2621 habuit,
619 2534 740 2608 vel
778 2534 1003 2609 etiam
1043 2535 1235 2609 forte
1273 2544 1558 2608 tantum
1599 2555 2000 2609 occurrens
2056 2532 2327 2608 alicubi
2382 2560 2515 2609 sua
2551 2544 2819 2635 sponte
2859 2558 3035 2607 eon-

258 2658 526 2755 tingit,
581 2682 821 2757 neque
877 2660 1235 2759 templum
1289 2658 1517 2733 intret
1553 2660 1824 2749 ullum,
1885 2683 2129 2756 neque
2171 2658 2453 2751 forum,
2492 2662 2736 2757 neque
2774 2658 3034 2731 urbem

259 2782 696 2882 priusquam
733 2808 813 2857 se
851 2782 1302 2882 purgaverit.

1440 2955 1590 3040 Ad
1626 2958 1872 3038 uel.

479 3120 901 3200 Secundum
937 3123 1271 3200 Platonis
1311 3121 1555 3220 Leges
1597 3123 1818 3214 (932,
1863 3121 2173 3215 A—D),
2212 3123 2275 3196 si
2313 3119 2474 3221 quis
2512 3129 2862 3218 parentes
2904 3148 3031 3196 ne-

257 3249 672 3348 gligentius
707 3247 970 3337 habet,
1009 3271 1231 3346 quam
1270 3271 1406 3344 par
1441 3259 1592 3340 est,
1631 3248 1734 3338 iz,
1774 3246 1903 3344 qui
1946 3245 2093 3321 tale
2130 3243 2307 3344 quid
2346 3244 2665 3344 patitur,
2714 3246 2837 3320 vel
2878 3247 3032 3346 ipse

261 3372 385 3449 vel
421 3373 745 3472 aliquem
782 3373 1082 3448 mittens
1139 3372 1425 3448 deserto
1485 3370 1578 3447 ad
1634 3372 1888 3470 legum
1944 3369 2329 3462 custodes,
2387 3369 2462 3447 hi
2501 3395 2681 3446 vero
2720 3385 3031 3449 curanto

258 3500 409 3592 ita,
467 3511 548 3575 ut
583 3498 927 3598 injuriam
975 3497 1328 3574 facientes
1354 3553 1370 3586 ,
1428 3499 1489 3571 si
1547 3496 1791 3572 adhuc
1833 3497 2157 3596 juvenes
2214 3506 2425 3580 sunt,
2484 3495 2919 3571 verberibus
2958 3505 3035 3596 et

263 3623 582 3698 vinculis
621 3624 1024 3720 castigent3
1079 3622 1140 3696 si
1197 3635 1444 3697 autem
1501 3621 1808 3719 triginta
1868 3647 2101 3696 annos
2152 3619 2431 3718 egressi
2472 3617 2853 3719 negligere
2892 3646 3024 3720 pa-

261 3758 512 3824 rentes
550 3774 702 3822 non
737 3746 1138 3841 desistunt,
1197 3745 1290 3822 ad
1336 3724 1700 3848 judicium
1757 3772 1885 3821 eos
1941 3743 2411 3834 adducunt03
2465 3743 2529 3818 si
2578 3743 2741 3842 quis
2778 3755 3029 3820 autem

261 3872 798 3949 condemnatus
836 3884 984 3963 est,
1044 3872 1426 3948 aestimato
1461 3870 1865 3971 judicium,
1926 3870 2103 3970 quid
2139 3868 2461 3969 pendere
2498 3893 2669 3944 eum
2706 3869 2827 3944 vel
2864 3870 3020 3968 pati

263 4008 628 4098 oporteat.
701 3995 780 4072 Si
837 3998 1002 4098 quis
1059 4008 1342 4091 autem,
1403 3997 1526 4094 qui
1576 3997 1765 4073 male
1804 3994 2160 4090 habetur,
2216 3993 2571 4082 indicium
2608 3995 2852 4072 facere
2901 4019 3027 4068 ne-

261 4124 459 4223 quit,
517 4123 578 4198 is
600 4181 619 4218 ,
679 4123 804 4222 qui
841 4121 1224 4198 resciverit
1262 4148 1354 4198 ex
1413 4121 1797 4218 ingenuis),
1857 4119 2139 4196 deferto
2179 4118 2274 4196 ad
2325 4118 2839 4218 magistratus,
2898 4131 3031 4196 aut

259 4248 504 4324 malus
565 4256 720 4324 esto
777 4257 852 4322 et
889 4245 1138 4322 damni
1177 4273 1222 4322 a
1262 4243 1634 4344 quolibet,
1691 4245 1817 4345 qui
1877 4244 2113 4336 volet,
2169 4244 2607 4345 postulator.
2705 4242 2785 4319 Si
2843 4269 3027 4320 vero

259 4397 519 4448 servus
555 4371 1030 4466 indicaverit,
1069 4372 1258 4449 liber
1296 4382 1478 4464 esto,
1515 4382 1588 4444 et
1622 4371 1685 4447 si
1723 4395 1979 4446 servus
2017 4367 2314 4470 quidem
2352 4393 2627 4462 eorum,
2667 4369 2793 4468 qui
2832 4369 3026 4448 male

260 4495 543 4572 habent
579 4497 698 4572 vel
737 4496 1104 4572 habentur
1125 4555 1143 4592 ,
1201 4523 1247 4572 a
1283 4497 1722 4596 magistratu
1773 4494 2347 4588 manumittitor2
2402 4495 2519 4570 sin
2554 4492 2743 4570 alius
2781 4495 3025 4594 cujus-

261 4621 462 4722 piam
521 4618 790 4697 civium
813 4679 831 4716 ‚
892 4620 1192 4721 publice
1250 4623 1562 4720 pretium
1619 4647 1756 4722 pro
1811 4645 1900 4696 eo
1958 4619 2231 4696 solvito
2289 4617 2739 4719 possessori;
2794 4619 3025 4718 magi-

257 4755 532 4821 stratus
569 4757 818 4822 autem
870 4771 1172 4846 operam
1233 4745 1502 4841 dant0‚
1559 4772 1651 4822 ne
1689 4745 1852 4844 quis
1890 4744 2114 4820 talem
2155 4743 2519 4820 ulciscens
2555 4743 2829 4845 injuria
2865 4743 3027 4818 affi-

258 4869 408 4946 ciat
445 4871 546 4946 ob
584 4871 960 4947 indicium.
