3725 5850
922 462 1138 516 PACIS
1175 459 1392 514 sunA.
1431 477 1502 492 ·-
1537 461 1962 512 coMMnMo
2002 457 2440 511 sAcnoRUM.
2894 429 3045 505 317

1569 653 1788 729 1247.

501 781 921 900 quqayffia
961 791 1008 886 ἢ
1045 793 1443 894 σύμβολον
1483 791 1599 868 δεῖ
1634 794 1845 890 ἔχειν
1878 789 2023 872 τὸν
2070 796 2336 882 ξένον,
2397 795 2518 866 ἐπὶ
2575 791 2683 890 τῷ
2742 815 3050 893 συγχω-

318 921 622 1022 ρηθῆναι
663 926 1094 1023 παρελθεῖν.
1402 921 1686 1016 (Schol.
1729 921 1825 1000 ad
1862 919 2343 1023 Aristophan.
2387 919 2524 999 Av.
2571 919 2839 1010 1214.)

1570 1087 1794 1164 1247.

505 1231 953 1332 Peregrinus
1010 1234 1282 1310 habeat
1337 1233 1663 1332 sig-illum
1718 1232 1841 1307 vel
1899 1241 2252 1326 tesseraS,
2313 1241 2393 1306 ut
2438 1230 2659 1306 liceat
2694 1229 2837 1332 ipsi
2876 1231 3050 1306 civi-

316 1369 521 1434 tatem
561 1357 782 1434 adire.

1558 1465 1783 1540 1248.

485 1607 616 1693 Εἰς
652 1612 982 1680 ἕκαστον
1017 1603 1168 1680 τῶν
1207 1603 1429 1704 ἱερῶν
1463 1601 1619 1679 τῶν
1658 1602 2094 1703 δημοτελῶν
2129 1587 2265 1680 καὶ
2305 1600 2447 1695 τὴν
2480 1609 2705 1696 ξένην
2745 1607 2879 1678 καὶ
2910 1598 3055 1693 τὴν

321 1726 581 1821 δούλην
616 1736 880 1806 ἐλθεῖν
915 1735 1272 1822 ἐξουσίαν
1311 1730 1588 1806 ἔδοσαν
1625 1733 1699 1806 οἳ
1737 1728 1965 1829 νόμοι
2003 1734 2139 1805 καὶ
2184 1736 2655 1828 θεασομένην
2702 1733 2840 1803 καὶ
2888 1730 3056 1804 ἱκε-

320 1855 677 1933 τεύουσαν
720 1861 1046 1944 εἶςιὲναι.
1683 1861 2107 1952 (Demosth.
2145 1861 2223 1936 in
2264 1861 2527 1937 Neaer.
2574 1857 2842 1949 1374.)

1578 2019 1800 2095 1248.

516 2163 628 2242 Ad
669 2162 1055 2264 quodlibet
1111 2189 1482 2239 sacrorum
1542 2163 2015 2266 publicorum
2053 2177 2126 2242 et
2163 2165 2579 2267 peregrinis
2628 2161 3058 2237 mulieribus

322 2300 385 2365 et
419 2289 697 2364 ancillis
754 2289 1068 2364 liberum
1127 2288 1406 2365 aditum
1464 2290 1969 2390 praebuerunt
2026 2291 2232 2388 leges
2282 2301 2437 2366 tum
2476 2286 2862 2390 spectandi
2903 2298 3059 2361 tum

321 2413 770 2515 supplicandi
808 2414 1067 2512 gratia.

1577 2523 1803 2598 1249.

527 2659 699 2736 Τῶν
735 2656 1134 2740 ἀκουσίων
1170 2654 1726 2762 ἁμαρτημάτων
1762 2659 2229 2765 καταφυγὴν
2264 2659 2461 2738 εἶναι
2497 2658 2677 2750 τούς
2728 2657 3060 2762 βωμούς.

2012 2790 2469 2894 (Thucydid.
2508 2791 2638 2887 IV,
2680 2793 2845 2882 98.)

1580 2898 1805 2974 1249.

517 3041 826 3117 Delictis
863 3068 1014 3118 non
1052 3044 1489 3120 voluntariis
1538 3067 1707 3120 arae
1747 3042 2054 3119 deorum
2092 3056 2311 3120 sunto
2351 3044 2742 3143 refugium.

1475 3359 1904 3467 Τμῆμαγ’.

969 3510 1610 3585 Κοινωνία
1701 3502 1929 3580 τῶν
2020 3506 2405 3603 ἱερῶν.

1532 3666 1845 3681 ΛΛΛΛΛΛΛΛΛΛΛΛ

1503 3779 1746 3857 Sentio
1805 3780 1875 3855 3.

1115 3920 1682 4000 communio
1737 3949 2267 4000 sacrorum.

1575 4119 1802 4199 1250.
3006 4194 3013 4203 .

525 4262 620 4337 Αἱ
658 4268 746 4335 ἐν
779 4258 868 4357 τῇ
897 4252 1210 4334 Ἐλλάδι
1249 4258 1697 4363 πανηγύρις·
1737 4256 2069 4362 ’Ἰσθμια
2106 4267 2247 4337 καὶ
2288 4268 2563 4362 Νέμεια
2599 4268 2737 4337 καὶ
2768 4260 3067 4362 Ὀλύμ-

337 4413 457 4459 πια
491 4391 617 4461 καὶ
663 4384 966 4465 Πύθια.
1705 4392 2133 4485 (Demosth.
2171 4391 2265 4468 de
2304 4418 2599 4469 corona.
2639 4393 2856 4484 256.)

1577 4554 1604 4626 1
1626 4554 1672 4628 2
1686 4555 1802 4631 50.

529 4694 888 4775 Graeciae
942 4708 1352 4777 conventus
1409 4708 1619 4777 sunt:
1677 4699 1991 4779 Isthmia
2046 4708 2121 4776 et
2155 4698 2437 4777 Nemea
2491 4710 2565 4777 et
2600 4698 2950 4803 Olympia
2998 4710 3073 4777 et

337 4816 604 4917 Pythia.
