3725 5850
1061 477 1160 531 ns
1195 477 1674 536 nummos
1711 475 1806 532 m·
1841 477 2235 534 Pnonmus.
2844 453 2999 532 345

1517 670 1746 748 1334.

465 795 574 876 Ne
627 797 849 874 lieeat
903 796 1090 876 filias
1143 822 1578 897 sororesque
1629 796 1991 887 vendere,
2050 798 2191 874 nisi
2229 823 2416 898 quae
2453 799 2529 873 in
2566 809 2827 900 stupro
2865 797 2987 877 de·

287 924 615 1027 prehensa
655 924 896 1003 fuerit.

1505 1031 1732 1107 1335.

470 1159 642 1241 Τοῖς
677 1151 1029 1258 ἐκγόνοις
1065 1149 1364 1258 ἀνάγκη
1400 1157 1704 1254 τρέφειν
1741 1148 1921 1270 τούς
1959 1159 2231 1257 γονέας
2291 1159 2450 1230 ἐστὶ
2475 1212 2494 1243 ,
2554 1149 2714 1230 κᾶν
2760 1152 2999 1254 μηδὲν

287 1283 742 1360 καταλίπωσι.
1567 1284 1885 1376 (Imeus,
1925 1281 2175 1361 Ciron.
2222 1284 2470 1360 hered.
2510 1279 2576 1384 ξ.
2620 1285 2783 1377 32.)

1515 1444 1746 1522 1335.
2256 1533 2279 1552 ⁸

463 1571 816 1650 Parentes
837 1571 1148 1649 aliberis
1191 1569 1436 1648 alendi
1473 1581 1666 1666 sunt,
1690 1569 1975 1648 etiamsi
1993 1595 2297 1670 prorsus
2336 1571 2522 1648 nihil
2562 1571 2997 1673 relinquant.

1516 1733 1744 1808 1336:

473 1855 621 1957 riq}
655 1862 958 1957 τρέφειν
994 1853 1134 1934 τὸν
1171 1863 1488 1956 πατέρα,
1536 1852 1644 1956 μὴ
1707 1853 2217 1955 διδαξάμενον
2270 1861 2592 1953 τέχνην,
2651 1853 2996 1962 ἐπάναγ-

284 2013 388 2069 κες
428 1979 532 2082 μὴ
585 1979 821 2059 εἶναι·
870 1981 1058 2081 μηδὲ
1113 1993 1272 2071 τοῖς
1328 1989 1406 2074 ἐξ
1464 1986 1762 2082 ἑταίρας
1817 1987 2245 2086 γινομένοις
2300 1979 2726 2088 ἐπάναγκες
2800 1979 2997 2060 εἶναι

280 2105 434 2196 τούς
469 2113 781 2207 πατέρας
815 2113 1136 2210 τρέφειν.
1308 2110 1722 2205 (Plutarch.
1762 2108 2015 2187 Solon.
2058 2111 2180 2186 22.
2222 2110 2385 2186 Lex
2423 2109 2785 2204 Solonis.)

1512 2269 1737 2347 1336.

459 2397 689 2476 Filius
745 2427 898 2476 non
953 2407 1243 2476 tenetur
1299 2403 1588 2498 patrem
1662 2397 1900 2490 alere,
1978 2395 2101 2497 qui
2168 2423 2335 2473 eum
2414 2396 2690 2474 nullam
2763 2409 2997 2475 artem

280 2523 656 2602 docendam
709 2526 1014 2603 curavit.
1109 2525 1264 2600 Nec
1318 2524 1408 2618 ii,
1477 2523 1600 2622 qui
1657 2549 1698 2598 e
1753 2523 2016 2599 scortis
2066 2534 2238 2599 sunt
2296 2524 2492 2618 nati,
2552 2526 2989 2600 necessitate

278 2650 494 2726 alendi
526 2652 757 2754 patris
794 2659 1207 2727 teneantur.

1502 2753 1728 2831 1337.

462 2879 592 2975 Μὴ
633 2877 1058 2985 ἐπάναγκες
1095 2875 1290 2954 εἶναι
1327 2875 1436 2978 τῷ
1477 2873 1687 2952 παιδὶ
1727 2869 2096 2977 ἡβήσαντι
2132 2884 2436 2978 τρέφειν
2490 2876 2634 2957 τὸν
2683 2885 2987 2981 πατέρα,

269 3004 427 3101 μηδὲ
465 3007 769 3099 οἴκησιν
805 3012 1194 3105 παρέχειν,
1253 2997 1336 3091 ὃς
1394 2998 1496 3079 ὃν
1552 3004 2011 3103 ἐκμισθωθῇ
2066 3009 2429 3103 ἑταιρειν·
2486 3002 2991 3083 ἀποθανόντα

276 3128 338 3205 δὲ
373 3130 609 3210 αὐτὸν
650 3137 996 3209 θαπτέτω
1033 3136 1171 3207 καὶ
1208 3123 1448 3206 τᾶλλα
1488 3134 1790 3207 ποιείτω
1827 3130 1923 3205 τοὶ
1965 3129 2454 3230 νομιζόμενα.
2896 3126 2903 3129 ’

1565 3257 1952 3352 (Aeschin.
1992 3285 2053 3338 e.
2094 3258 2465 3338 Timarch.
2506 3254 2575 3364 ξ.
2619 3260 2779 3356 13.)

1515 3420 1740 3497 1337.

457 3548 711 3652 Neque
789 3548 1188 3627 necessitas
1260 3548 1684 3649 imponatur
1754 3570 2048 3649 puer0‚
2126 3547 2253 3623 ubi
2310 3548 2779 3648 adoleverit,
2856 3580 2985 3655 pa-

269 3684 433 3750 trem
485 3674 732 3752 alendi
789 3685 917 3781 eut
973 3671 1335 3750 domicilio
1393 3672 1843 3774 excipiendi,
1909 3672 1970 3747 si
2015 3671 2237 3749 fuerit
2296 3674 2391 3750 ab
2432 3700 2519 3749 eo
2557 3674 2651 3751 ad
2691 3686 2985 3778 turpem

269 3811 628 3915 quaestmp
685 3800 1051 3896 elocatus3
1106 3798 1542 3877 defunctum
1597 3808 1848 3874 tamen
1884 3798 2201 3899 sepeliat
2236 3826 2327 3879 ae
2364 3812 2608 3877 cetera
2647 3813 2989 3902 parenta-

267 3924 350 3999 lia
381 3928 598 4004 obeat
631 3921 714 4003 'ut
747 3926 972 4006 moris
1011 3936 1142 4003 est.

1509 4030 1732 4109 1338.

453 4153 670 4231 Κατὰ
708 4150 986 4255 πατρὸς
1011 4151 1118 4252 μὴ
1159 4151 1355 4230 εἶναι
1395 4150 1664 4248 δίκην,
1726 4149 1772 4247 ἢ
1806 4150 1953 4247 τὴν
1985 4155 2111 4248 τῆς
2150 4160 2592 4259 παρανοίας.

1494 4391 1700 4467 1338
1834 4282 2192 4387 (Sopater
2228 4287 2513 4365 divisio.
2550 4286 2771 4378 382.)

445 4513 826 4597 Adversus
863 4528 1151 4619 patrem
1189 4544 1340 4595 non
1380 4517 1592 4596 detur
1627 4518 1858 4612 aetio,
1896 4516 2038 4595 nisi
2078 4518 2513 4597 dementiae.

1509 4679 1732 4756 1339.

433 4798 766 4894 Ἐξεῖναι
809 4804 1228 4902 παρανοίας
1269 4799 1516 4879 ἑλόντι
1557 4808 1695 4878 καὶ
1730 4799 1875 4878 τὸν
1914 4807 2192 4903 πατέρα
2232 4800 2475 4895 δῆσαι.

1523 4931 2010 5032 (Xenophon.
2048 4932 2355 5009 Memor.
2394 4934 2451 5027 Ι,
2494 4934 2565 5030 2,
2608 4936 2775 5024 49.)

1499 5094 1724 5169 1339.

439 5216 762 5297 Licitum
803 5232 960 5296 esto
1001 5220 1154 5295 filio
1189 5230 1486 5320 ‘patrem
1523 5222 1949 5297 convictum
1989 5221 2358 5299 amentiae
2400 5220 2792 5297 devincire.
