3725 5850
1003 456 1618 507 COMMENTAmus
1657 456 1764 504 An
1805 451 1931 513 635.
1971 452 2097 507 636.
2137 452 2261 507 637.
2301 450 2426 504 636.
2950 424 3105 499 497

328 678 370 721 τ
389 644 522 725 ὧν
584 676 686 724 νε
705 678 764 721 ω
782 677 825 746 ρ
848 650 875 720 ι’
897 675 956 718 ω
975 674 1022 721 ν
1077 652 1113 721 ε’·
1133 675 1186 717 π
1205 675 1308 742 ιμ
1329 674 1362 719 ε
1383 649 1425 719 λ
1451 675 1490 735 η
1508 676 1548 717 τ
1571 643 1630 718 ὦ
1653 675 1698 721 ν
1722 703 1744 735 ,
1804 651 2303 751 κατέγνωσαν
2359 644 2433 719 οἱ
2490 638 2867 718 δικασταὶ.
2925 641 3107 735 (So-

327 774 700 876 pelidem,
757 772 1397 851 introducentibus
1448 799 1619 849 eum
1674 774 2055 851 navalium
2092 774 2557 850 curatoribus
2580 828 2597 865 ‚
2654 768 3105 845 condemna-

329 911 510 977 runt
532 900 889 1003 judiees.)

1508 1004 1658 1087 Ad
1699 1005 1934 1091 035.

543 1171 790 1247 Etiam
847 1172 928 1247 in
981 1170 1154 1270 jure
1210 1170 1550 1246 Romano
1622 1176 1959 1251 omnium
2031 1171 2406 1249 actionum
2481 1160 3105 1249 instituendarum

327 1296 784 1399 principium
820 1295 917 1371 ab
959 1320 1048 1371 ea
1085 1306 1296 1397 parte
1352 1298 1881 1395 proficiscitur,
1939 1324 2131 1400 quae
2169 1296 2393 1371 edicit
2430 1295 2523 1371 de
2558 1294 2637 1367 in
2662 1293 2788 1392 jus
2828 1315 3109 1366 vocan-

329 1421 452 1498 do.
511 1422 790 1522 Utique
831 1419 1029 1497 enim
1065 1420 1143 1495 in
1177 1421 1436 1520 primis
1475 1421 1940 1500 adversarius
1977 1426 2055 1498 in
2081 1424 2209 1524 jus
2248 1419 2631 1497 vocandus
2671 1427 2823 1509 est,
2865 1414 2939 1490 id
2975 1425 3109 1506 est,

327 1547 428 1623 ad
488 1573 659 1622 eum
711 1546 1136 1641 vocandus,
1193 1546 1319 1645 qui
1365 1548 1492 1646 jus
1550 1546 1878 1624 dicturus
1936 1550 2047 1625 sit.
2126 1548 2227 1640 (J
2249 1545 2627 1621 ustinia
2651 1568 2721 1617 n.
2783 1540 3111 1617 Instit.

327 1671 493 1747 lib.
531 1670 664 1768 IV,
725 1671 870 1747 tit.
921 1673 1014 1745 16
1071 1670 1180 1747 de
1237 1698 1562 1773 poena
1616 1684 1987 1751 temere
2045 1669 2733 1773 litigantium.)

1515 1901 1666 1985 Ad
1707 1903 1941 1986 030.

550 2062 952 2143 Librorum
988 2064 1386 2141 lectionem
1425 2060 1521 2137 δι’
1563 2052 1675 2139 ὦν
1713 2066 1991 2143 mutavi
2032 2066 2109 2140 in
2155 2066 2344 2162 μεθ’
2386 2048 2539 2147 ὧν,
2600 2062 2777 2162 quia
2813 2060 3116 2161 litigans

328 2196 494 2295 ipse
533 2192 859 2270 debebat
896 2192 1402 2269 adversarium
1439 2194 1516 2269 in
1541 2194 1666 2293 jus
1705 2220 1996 2269 vocare.

551 2334 665 2413 Of.
721 2338 1109 2413 Demosth.
1169 2337 1335 2413 adv,
1394 2337 1824 2413 Phormion.
1899 2338 2098 2412 911:
2193 2328 2414 2437 κάγώ
2479 2326 2855 2427 κλητῆρας
2915 2330 3119 2421 ἔχων

331 2456 1018 2559 προσεκαλεσάμην
1054 2463 1390 2537 τουτονί.
1471 2463 1608 2557 (Et
1665 2490 1807 2562 ego
1866 2464 2279 2539 vocationis
2334 2462 2413 2535 in
2461 2462 2589 2560 jus
2636 2459 2953 2533 testibus
2992 2454 3115 2531 ad-

333 2588 577 2665 ductis
615 2590 834 2665 istum
877 2588 954 2663 in
988 2588 1116 2689 jus
1156 2591 1409 2681 voco.)

555 2730 861 2808 Suidas:
923 2734 1003 2800 K
1013 2732 1056 2803 λ
1079 2726 1359 2818 ητεύε
1382 2759 1407 2802 ι
1436 2752 1452 2768 ·
1511 2732 1616 2813 εἰς
1692 2723 2190 2824 δικαστήριον
2266 2731 2489 2801 καλεῖ
2560 2720 2722 2823 ἅμα
2786 2721 3117 2823 μάρτυσι

333 2852 468 2946 τῆς
507 2858 1062 2958 παραγγελίας,
1124 2846 1260 2940 οὓς
1299 2853 1542 2945 κλήτ
1567 2884 1608 2928 ο
1632 2882 1740 2952 ρα
1766 2886 1799 2940 ς
1839 2846 2272 2953 ὠνόμαζον.
2353 2857 2507 2926 Καὶ
2556 2846 3119 2950 Ἀριστοφάνης

341 2985 848 3078 Νεφέλαις
904 2983 1347 3075 (v.1218):

913 3099 1102 3181 “Ovs
1138 3107 1295 3182 τῶν
1333 3105 1682 3206 ἐμαυτοῦ
1715 3113 1786 3210 γ’
1827 3112 2056 3181 ἕνεκα
2086 3099 2503 3204 χρημάτων

913 3225 1177 3306 “Ehem
1215 3259 1296 3308 σε
1333 3231 1877 3326 κλητεύσοντα.

339 3361 725 3447 τουτέστι,
775 3361 1411 3458 μαρτυρήσοντα,
1472 3353 1592 3434 ὅτι
1648 3357 1870 3433 καλῶ
1932 3352 2181 3433 αὐτὸν
2238 3359 2345 3443 εἰς
2403 3353 2917 3453 δικαστήριον.
2988 3357 3119 3452 (Ιη

325 3489 458 3589 jus
496 3497 718 3564 vocat
755 3485 1107 3563 adhibitis
1146 3487 1514 3563 citationis
1553 3488 1905 3580 testibus,
1965 3514 2152 3590 quos
2203 3477 2577 3581 κλήτορας
2615 3484 3119 3588 appellabant·

341 3611 443 3689 Et
479 3612 1026 3715 Aristophanes
1061 3614 1140 3688 in
1179 3613 1526 3691 Nubibus
1565 3618 1674 3708 (V.
1721 3615 2009 3706 1218):
2070 3611 2432 3712 siquidem
2472 3612 2571 3688 ob
2608 3635 2851 3688 meam
2886 3609 3119 3710 ipsius

341 3738 742 3839 pecuniam
777 3752 852 3815 te
891 3738 1105 3814 traho
1143 3733 1689 3828 κλητεύσοντα,
1730 3741 1803 3816 id
1847 3751 1961 3816 est
1998 3739 2512 3816 testimonium
2550 3735 3117 3838 perhibiturum,

343 3864 544 3967 quod
583 3863 792 3941 illum
829 3866 904 3940 in
929 3865 1056 3967 jus
1096 3870 1425 3965 vocem.)

1522 4004 1674 4087 Ad
1713 4006 1947 4089 037.

559 4169 1042 4272 Aristophan.
1080 4169 1310 4272 Vesp.
1353 4170 1600 4245 1406:
1660 4165 2259 4267 προσκαλοῦμαί
2299 4173 2366 4240 σ’
2408 4161 2613 4253 ὅστις
2650 4164 2756 4256 εἶ,
2808 4166 3119 4268 κλητῆρ’

344 4292 636 4389 ἔχουσα
689 4292 1211 4392 Χαιρεφῶντα
1269 4297 1607 4370 τουτονί.
1684 4297 1816 4388 (In
1859 4296 1989 4395 jus
2048 4307 2121 4370 te
2181 4321 2415 4390 voco,
2474 4294 2803 4396 quisquis
2842 4322 2959 4392 es,
3017 4308 3120 4371 te·

343 4433 532 4500 stem
568 4421 854 4502 habens
895 4419 1545 4524 Chaerephontem
1579 4422 1871 4513 istum.)

1523 4651 1674 4736 Ad
1715 4652 1947 4734 030.

563 4817 652 4895 In
682 4816 808 4918 jus
858 4818 1162 4893 vocanti
1215 4845 1370 4894 non
1429 4818 1656 4896 fuisse
1711 4819 1995 4894 licitum
2050 4816 2343 4915 ingredi
2382 4815 2694 4893 domum.
2718 4818 2797 4893 in
2823 4818 2949 4917 jus
2986 4793 3119 4891 voss

349 4941 535 5033 eati,
593 4941 890 5018 videtur
943 4966 1306 5043 apparere
1364 4969 1404 5018 e
1443 4942 1673 5044 Lysia
1720 4945 1818 5035 (o.
1862 4943 2370 5018 Panoleonem
2410 4937 2477 5043 ξ.
2518 4945 2648 5034 2):
2706 4934 2964 5015 ἐλθών
3001 4943 3123 5012 ἐπὶ

348 5059 438 5138 τὸ
478 5072 858 5167 γναφεῖον
896 5067 1096 5162 (non
1133 5067 1240 5148 εἰς
1275 5061 1366 5138 τὸ
1405 5074 1789 5168 γναφεῖον
1780 5073 1832 5158 ]
1855 5121 1877 5154 ,
1936 5071 2023 5140 ἐν
2062 5053 2126 5164 ᾧ
2165 5062 2597 5168 εἰργάζετο,
2656 5071 3123 5162 προσεκαλε-

353 5185 602 5290 σάμην
639 5183 900 5268 αὐτόν.
965 5191 1250 5270 Verum
1285 5192 1486 5295 apud
1520 5191 2105 5270 Demosthenem
2140 5192 2351 5287 (adv.
2372 5191 2851 5269 Timotheum
2879 5189 3125 5285 1190)

2612 5317 2697 5379 32
