3725 5850
1268 474 1888 528 couMaN'rAnrus
1925 474 2034 527 An
2077 468 2164 525 16.
2827 446 2835 452 ’
2927 448 3086 525 417

306 663 449 739 sita
486 674 636 760 est,
698 678 783 743 ut
823 668 1085 768 jurent
1142 668 1343 743 cives
1398 693 1477 744 se
1534 665 1946 745 concordes
2002 667 2204 763 fore;
2259 674 2333 741 et
2386 662 2660 763 ubique
2699 672 3084 767 praestant

306 786 449 865 hoc
474 789 1069 891 jusjurandum.)

517 954 789 1033 Pollux
826 956 930 1033 ita
964 957 1218 1033 scribit
1254 958 1349 1035 de
1399 958 1543 1034 hae
1596 983 1679 1034 re
1732 956 1982 1051 (VIII,
2028 956 2262 1048 105):
2317 952 2772 1033 Circuitores
2809 952 3084 1057 ephebi

306 1076 685 1177 regionem
724 1081 1226 1160 custodientes
1282 1084 1734 1175 circuibant,
1792 1091 2050 1184 utpote
2107 1078 2456 1157 militaria
2501 1080 2664 1181 jam
2719 1090 3084 1161 curantes.

308 1203 403 1278 Et
436 1203 633 1281 inter
668 1207 1002 1308 ephebos
1050 1209 1638 1286 recensebantur
1692 1208 2106 1285 octodecim
2162 1230 2402 1283 annos
2457 1206 2615 1283 nati
2637 1262 2656 1300 ,
2715 1204 2866 1284 duo
2904 1230 3088 1281 vero

306 1328 399 1405 ad
434 1331 709 1409 circum
741 1334 1352 1411 numerabantur.
1428 1332 1813 1433 Vigesimo
1872 1345 2121 1410 autem
2177 1356 2375 1409 anno
2431 1331 2512 1406 in
2549 1330 3083 1408 lexiarehicum

306 1454 577 1533 librum
630 1457 1233 1537 inscribebantur
1288 1469 1363 1535 et
1416 1456 1555 1535 sub
1612 1459 1737 1535 dio
1779 1459 2179 1559 jurabant:
2241 1455 2520 1555 „Arma
2564 1482 2722 1533 non
2757 1455 3087 1533 dehone-

309 1581 523 1657 stabo
546 1638 565 1677 ,
620 1609 759 1659 nec
794 1583 1214 1661 adstantem
1234 1642 1253 1678 ,
1320 1583 1655 1683 quisquis
1690 1584 1755 1659 is
1792 1582 2048 1677 fuerit,
2107 1583 2396 1660 socium
2430 1582 2892 1681 relinquam:
2947 1607 3092 1682 pu·

308 1708 565 1805 gnabo
602 1734 898 1809 quoque
936 1734 1075 1811 pro
1110 1708 1303 1787 focis
1338 1718 1415 1785 et
1448 1710 1593 1786 aris
1630 1710 1833 1787 solus
1873 1720 1947 1787 et
2001 1736 2176 1789 cum
2227 1708 2500 1786 multis.
2575 1707 2908 1785 Patriam
2943 1732 3088 1784 nec

307 1831 675 1929 turbab0,
733 1857 873 1910 nec
929 1832 1261 1934 prodam.
1332 1832 1402 1907 N
1403 1834 1731 1932 avigabo
1788 1847 2054 1913 contra
2109 1857 2626 1935 quamcunque
2677 1832 3086 1909 destinatus

313 1956 579 2035 fuerim
638 1958 1047 2059 regionem.
1140 1956 1639 2037 Solennitates
1709 1971 2113 2062 perpetuas
2185 1960 2634 2040 observabo.
2731 1958 3084 2061 Receptis

311 2084 971 2163 consvetudinibus
1026 2084 1349 2186 parebo,
1408 2094 1483 2161 et
1537 2112 2018 2187 quascunque
2077 2086 2264 2167 alias
2314 2085 2640 2189 populus
2675 2084 3088 2186 prudenter

307 2211 667 2286 statuerit.
744 2211 843 2287 Et
878 2212 940 2286 si
979 2210 1145 2311 quis
1182 2209 1389 2310 leges
1430 2222 1767 2312 receptas
1802 2211 2186 2289 sustulerit
2205 2268 2224 2305 ,
2282 2211 2424 2289 nisi
2459 2211 3086 2313 comprobaverit,

305 2359 462 2411 non
500 2336 946 2435 permittam.
1020 2336 1327 2414 Tuebor
1363 2335 1688 2435 denique
1726 2347 1800 2411 et
1835 2337 2039 2413 solus
2079 2346 2150 2413 et
2185 2363 2358 2413 cum
2395 2337 2700 2437 reliquis
2736 2335 3086 2413 omnibus

308 2470 529 2564 atque
567 2461 811 2563 patria
846 2486 1061 2537 sacra
1098 2459 1359 2538 colam.
1437 2461 1703 2538 Testes
1741 2462 2008 2538 horum
2045 2463 2197 2537 sint
2233 2461 2336 2539 dii
2376 2461 2565 2539 etc.“

520 2622 1018 2723 Harpocratio
1054 2649 1113 2699 s.
1152 2651 1222 2702 v,
1263 2622 1745 2717 Περὶπολοςε
1803 2623 2242 2700 Aristoteles
2287 2623 2366 2699 in
2401 2623 2820 2725 Republica
2855 2622 3084 2707 Athe-

308 2745 677 2823 niensium
716 2746 806 2823 de
844 2748 1151 2848 ephebis
1194 2750 1431 2824 verba
1467 2749 1747 2824 faciens
1784 2750 1892 2823 sic
1931 2750 2070 2825 ait:
2134 2748 2414 2845 „altero
2471 2774 2674 2827 anno
2723 2752 3086 2830 concione

310 2875 385 2952 in
422 2872 711 2950 theatro
748 2884 1204 2966 convocata,
1262 2871 1575 2975 ephebi,
1632 2873 1898 2976 clypeo
1937 2884 2010 2950 et
2047 2872 2264 2951 hasta
2300 2898 2438 2975 pro
2478 2875 2840 2954 concione
2878 2902 3082 2958 acce÷

310 3014 474 3101 pta,
516 3013 793 3077 terram
832 2999 1153 3077 Atticam
1192 3000 1647 3102 perlustrant
1684 3010 1758 3072 et
1796 3000 1873 3072 in
1912 2999 2230 3074 castellis
2271 3001 2734 3076 versantur.“
2813 3000 3082 3080 Obser-

312 3125 678 3222 vandum,
720 3127 1194 3204 Aristotelem
1233 3137 1494 3228 putare
1534 3125 1868 3226 ephebos
1905 3151 2036 3226 per
2071 3151 2352 3204 annum
2390 3127 2468 3201 in
2506 3125 2838 3204 excubiis
2875 3155 3083 3208 man-

315 3254 537 3355 sisse,
600 3252 1041 3330 Aeschinem
1081 3279 1215 3354 per
1252 3253 1654 3328 biennium.

529 3415 799 3512 „Errat
854 3414 1114 3517 procul
1172 3413 1395 3490 dubio
1450 3413 1976 3512 grammaticus
2035 3439 2125 3491 ex
2182 3413 2346 3489 loco
2417 3413 2638 3491 allato
2715 3417 3080 3517 colligens

315 3541 788 3621 Aristotelem
834 3553 1135 3640 putasse
1162 3540 1476 3640 juvenes
1514 3567 1649 3639 per
1684 3565 1912 3616 unum
1959 3550 2244 3614 tantum
2284 3561 2563 3614 annum
2601 3541 3078 3621 circuitorum

311 3693 619 3743 munere
672 3667 967 3742 functos
1023 3689 1202 3741 esse.
1287 3665 1541 3743 Verba
1594 3659 1737 3737 τὸν
1796 3658 2157 3760 δεύτερον
2213 3658 2575 3737 ἐνιαυτὸν
2629 3666 3080 3746 intellexerit

312 3818 593 3869 annum
650 3791 1054 3867 secundum
1108 3787 1237 3879 τῆς
1288 3784 1511 3886 ἥβης,
1572 3817 1707 3892 per
1742 3817 2059 3891 eumque
2087 3791 2403 3891 juvenes
2443 3791 2818 3892 peripolos
2857 3795 3078 3871 fuisse

312 3918 703 4022 putaverit.
777 3917 1276 4013 Intelligenda
1313 3929 1556 3992 autem
1598 3917 1829 3992 verba
1885 3927 2058 3992 sunt
2115 3917 2202 3991 de
2263 3916 2662 4011 concione,
2721 3943 2911 4016 quae
2951 3917 3082 3994 ha-

311 4044 633 4120 bebatur
673 4052 988 4118 exeunte
1024 4039 1155 4130 τῆς
1192 4034 1377 4135 ἥβης
1412 4041 1761 4131 biennio,
1822 4041 2020 4139 quod
2063 4040 2484 4141 excipiebat
2521 4042 2836 4117 alterum
2875 4043 3082 4122 bien-

312 4172 518 4245 nium
557 4164 717 4240 τῶν
752 4161 1249 4262 περιπόλων.“
1309 4167 1602 4242 Mulle
1627 4183 1823 4242 rus:
1875 4167 2135 4265 fragm.
2181 4165 2591 4241 historicor.
2631 4192 2740 4265 gr.
2783 4165 2946 4244 Vol.
2988 4171 3083 4249 11.

312 4324 383 4397 p.
426 4296 600 4371 112.

528 4418 640 4496 Of.
696 4419 987 4494 Platn
1013 4445 1145 4494 er:
1206 4419 1553 4516 Beitritge
1608 4443 1737 4491 zur
1794 4415 2207 4491 Kenntniss
2265 4414 2394 4491 des
2434 4415 2798 4493 attischen
2839 4419 3080 4495 Rech-

314 4559 447 4624 tes.
486 4573 555 4648 p.
600 4545 773 4621 177.

529 4707 767 4786 Schol.
826 4709 939 4786 ad.
1000 4709 1307 4786 Lucian.
1367 4707 1423 4783 J
1427 4732 1640 4784 ovem
1702 4717 1897 4803 trag.
1957 4705 2098 4780 26:
2157 4699 2318 4778 Δύο
2367 4705 2512 4778 εἰσί
2561 4713 3082 4808 γραμματεῖα,

312 4835 451 4906 καὶ
493 4835 578 4906 ἐν
615 4827 727 4930 τῷ
754 4833 903 4930 μὲν
940 4827 1462 4934 ἐγγράφόνται
1522 4823 1679 4927 ἅμα
1739 4827 1845 4928 τῷ
1896 4827 2413 4932 γεννηθῆναι,
2473 4833 2558 4904 ἐν
2596 4827 2672 4904 δὲ
2713 4829 2825 4928 τῷ
2860 4811 3110 4930 ἑτέρῲ

319 4951 555 5049 ἧνίκα
592 4955 722 5046 τῆς
761 4954 1098 5055 ἐννόμου
1138 4947 1437 5049 ἡλικίας
1476 4959 1878 5058 γίγνονται
1907 4977 1922 4994 ·
1981 4951 2216 5028 τοῦτο
2268 4951 2345 5028 δὲ
2386 4959 2736 5029 καλεῖται
2779 4957 3083 5054 ληξιαρ-

307 5080 573 5178 χικόν.

530 5213 741 5303 (Duo
780 5223 950 5288 sunt
986 5211 1307 5308 indices;
1360 5211 1439 5285 in
1477 5235 1709 5288 unum
1744 5207 2254 5288 inscribuntur
2300 5208 2550 5288 statim
2587 5233 2632 5286 a
2665 5208 3082 5307 nativitate,

2572 5331 2657 5394 2¹¹1
