<?xml version="1.0" encoding="UTF-8"?>
<!DOCTYPE html PUBLIC "-//W3C//DTD XHTML 1.0 Transitional//EN"
    "http://www.w3.org/TR/xhtml1/DTD/xhtml1-transitional.dtd">
<html xmlns="http://www.w3.org/1999/xhtml" xml:lang="en" lang="en">
 <head>
  <title>
</title>
<meta http-equiv="Content-Type" content="text/html;charset=utf-8" />
  <meta name='ocr-system' content='tesseract 3.04.00' />
  <meta name='ocr-capabilities' content='ocr_page ocr_carea ocr_par ocr_line ocrx_word'/>
</head>
<body>
  <div class='ocr_page' id='page_1' title='image "./synaggtnattiknn01tlgoog_0465.png"; bbox 0 0 3725 5850; ppageno 0'>
   <div class='ocr_carea' id='block_1_1' title="bbox 1266 445 3114 519">
    <p class='ocr_par' dir='ltr' id='par_1_1' title="bbox 1266 445 3114 519">
     <span class='ocr_line' id='line_1_1' title="bbox 1266 445 3114 519; baseline 0.003 -6"><span class='ocrx_word' id='word_1_1' title='bbox 1266 464 1886 515; x_wconf 76' lang='lat' dir='ltr'><strong>COMMENTARIUS</strong></span> <span class='ocrx_word' id='word_1_2' title='bbox 1927 466 2030 516; x_wconf 78' lang='lat' dir='ltr'><strong>An</strong></span> <span class='ocrx_word' id='word_1_3' title='bbox 2071 464 2193 518; x_wconf 79' lang='lat'><strong>160.</strong></span> <span class='ocrx_word' id='word_1_4' title='bbox 2957 445 3114 519; x_wconf 79' lang='lat'><strong>439</strong></span> 
     </span>
    </p>
   </div>
   <div class='ocr_carea' id='block_1_2' title="bbox 337 654 3113 1382">
    <p class='ocr_par' dir='ltr' id='par_1_2' title="bbox 337 654 3113 1000">
     <span class='ocr_line' id='line_1_2' title="bbox 339 654 3112 758; baseline 0.003 -28"><span class='ocrx_word' id='word_1_5' title='bbox 339 655 714 750; x_wconf 83' lang='lat' dir='ltr'><strong>consulta,</strong></span> <span class='ocrx_word' id='word_1_6' title='bbox 792 655 1355 731; x_wconf 79' lang='lat' dir='ltr'><strong>constitutiones</strong></span> <span class='ocrx_word' id='word_1_7' title='bbox 1410 654 1827 757; x_wconf 80' lang='lat' dir='ltr'>principum</span> <span class='ocrx_word' id='word_1_8' title='bbox 1851 715 1868 749; x_wconf 95' lang='lat'><strong>,</strong></span> <span class='ocrx_word' id='word_1_9' title='bbox 1948 658 2192 735; x_wconf 87' lang='lat' dir='ltr'><strong>edicta</strong></span> <span class='ocrx_word' id='word_1_10' title='bbox 2247 659 2814 758; x_wconf 74' lang='lat' dir='ltr'><strong>magistratuum</strong></span> <span class='ocrx_word' id='word_1_11' title='bbox 2872 672 2946 736; x_wconf 90' lang='lat' dir='ltr'><strong>et</strong></span> <span class='ocrx_word' id='word_1_12' title='bbox 3001 687 3112 737; x_wconf 87' lang='lat' dir='ltr'><strong>re·</strong></span> 
     </span>
     <span class='ocr_line' id='line_1_3' title="bbox 337 780 3113 887; baseline 0.003 -31"><span class='ocrx_word' id='word_1_13' title='bbox 337 806 615 881; x_wconf 85' lang='lat' dir='ltr'><strong>sponsa</strong></span> <span class='ocrx_word' id='word_1_14' title='bbox 653 780 1131 883; x_wconf 89' lang='lat' dir='ltr'><strong>prudentium</strong></span> <span class='ocrx_word' id='word_1_15' title='bbox 1188 781 1376 879; x_wconf 87' lang='lat' dir='ltr'><strong>legis</strong></span> <span class='ocrx_word' id='word_1_16' title='bbox 1434 782 1676 858; x_wconf 85' lang='lat' dir='ltr'><strong>vicem</strong></span> <span class='ocrx_word' id='word_1_17' title='bbox 1732 782 2196 860; x_wconf 86' lang='lat' dir='ltr'><strong>obtinebant.</strong></span> <span class='ocrx_word' id='word_1_18' title='bbox 2275 784 2432 877; x_wconf 85' lang='lat' dir='ltr'><strong>(Of.</strong></span> <span class='ocrx_word' id='word_1_19' title='bbox 2497 784 2636 863; x_wconf 82' lang='lat' dir='ltr'><strong>Ga</strong></span> <span class='ocrx_word' id='word_1_20' title='bbox 2644 786 2726 887; x_wconf 89' lang='lat' dir='ltr'><strong>ji</strong></span> <span class='ocrx_word' id='word_1_21' title='bbox 2779 787 3113 863; x_wconf 86' lang='lat' dir='ltr'><strong>Instit.</strong></span> 
     </span>
     <span class='ocr_line' id='line_1_4' title="bbox 337 906 713 1000; baseline -0.003 -19"><span class='ocrx_word' id='word_1_22' title='bbox 337 906 393 1000; x_wconf 92' lang='lat' dir='ltr'><strong>I,</strong></span> <span class='ocrx_word' id='word_1_23' title='bbox 437 906 713 999; x_wconf 84' lang='lat'><strong>2--7.)</strong></span> 
     </span>
    </p>

    <p class='ocr_par' dir='ltr' id='par_1_3' title="bbox 337 1028 3111 1382">
     <span class='ocr_line' id='line_1_5' title="bbox 550 1028 3110 1137; baseline 0.002 -30"><span class='ocrx_word' id='word_1_24' title='bbox 550 1028 859 1107; x_wconf 80' lang='lat' dir='ltr'><strong>Cicer.</strong></span> <span class='ocrx_word' id='word_1_25' title='bbox 898 1030 1127 1133; x_wconf 90' lang='lat' dir='ltr'><strong>Top.</strong></span> <span class='ocrx_word' id='word_1_26' title='bbox 1169 1058 1230 1108; x_wconf 90' lang='grc'><strong>6.</strong></span> <span class='ocrx_word' id='word_1_27' title='bbox 1274 1034 1382 1108; x_wconf 87' lang='lat'><strong>5.:</strong></span> <span class='ocrx_word' id='word_1_28' title='bbox 1440 1032 1502 1108; x_wconf 86' lang='lat' dir='ltr'><strong>si</strong></span> <span class='ocrx_word' id='word_1_29' title='bbox 1550 1033 1716 1132; x_wconf 88' lang='lat' dir='ltr'><strong>quis</strong></span> <span class='ocrx_word' id='word_1_30' title='bbox 1744 1033 1871 1133; x_wconf 88' lang='lat' dir='ltr'><strong>jus</strong></span> <span class='ocrx_word' id='word_1_31' title='bbox 1911 1034 2128 1110; x_wconf 84' lang='lat' dir='ltr'><strong>civile</strong></span> <span class='ocrx_word' id='word_1_32' title='bbox 2169 1034 2370 1112; x_wconf 88' lang='lat' dir='ltr'><strong>dicat</strong></span> <span class='ocrx_word' id='word_1_33' title='bbox 2406 1036 2480 1113; x_wconf 90' lang='lat' dir='ltr'><strong>id</strong></span> <span class='ocrx_word' id='word_1_34' title='bbox 2522 1060 2725 1133; x_wconf 84' lang='lat' dir='ltr'><strong>esse,</strong></span> <span class='ocrx_word' id='word_1_35' title='bbox 2790 1036 2992 1137; x_wconf 89' lang='lat' dir='ltr'><strong>quod</strong></span> <span class='ocrx_word' id='word_1_36' title='bbox 3027 1036 3110 1113; x_wconf 89' lang='lat' dir='ltr'><strong>in</strong></span> 
     </span>
     <span class='ocr_line' id='line_1_6' title="bbox 337 1156 3111 1265; baseline 0.003 -34"><span class='ocrx_word' id='word_1_37' title='bbox 337 1156 670 1255; x_wconf 89' lang='lat' dir='ltr'><strong>legibus,</strong></span> <span class='ocrx_word' id='word_1_38' title='bbox 730 1159 1432 1252; x_wconf 82' lang='lat' dir='ltr'><strong>senatusconsultis,</strong></span> <span class='ocrx_word' id='word_1_39' title='bbox 1488 1159 1717 1234; x_wconf 87' lang='lat' dir='ltr'><strong>rebus</strong></span> <span class='ocrx_word' id='word_1_40' title='bbox 1742 1158 2136 1259; x_wconf 87' lang='lat' dir='ltr'><strong>judicatis,</strong></span> <span class='ocrx_word' id='word_1_41' title='bbox 2183 1163 2374 1261; x_wconf 85' lang='lat' dir='ltr'><strong>juris</strong></span> <span class='ocrx_word' id='word_1_42' title='bbox 2413 1164 2824 1265; x_wconf 85' lang='lat' dir='ltr'><strong>peritorum</strong></span> <span class='ocrx_word' id='word_1_43' title='bbox 2863 1174 3111 1238; x_wconf 88' lang='lat' dir='ltr'><strong>aucto·</strong></span> 
     </span>
     <span class='ocr_line' id='line_1_7' title="bbox 340 1284 1922 1382; baseline 0.005 -27"><span class='ocrx_word' id='word_1_44' title='bbox 340 1284 557 1357; x_wconf 83' lang='lat' dir='ltr'><strong>ritate</strong></span> <span class='ocrx_word' id='word_1_45' title='bbox 578 1340 597 1377; x_wconf 95' lang='lat'><strong>,</strong></span> <span class='ocrx_word' id='word_1_46' title='bbox 642 1284 903 1360; x_wconf 85' lang='lat' dir='ltr'><strong>edictis</strong></span> <span class='ocrx_word' id='word_1_47' title='bbox 939 1286 1507 1382; x_wconf 78' lang='lat' dir='ltr'><strong>magistratuum</strong></span> <span class='ocrx_word' id='word_1_48' title='bbox 1544 1285 1922 1363; x_wconf 83' lang='lat' dir='ltr'><strong>consistat.</strong></span> 
     </span>
    </p>
   </div>
   <div class='ocr_carea' id='block_1_3' title="bbox 347 1425 3114 1657">
    <p class='ocr_par' dir='ltr' id='par_1_4' title="bbox 347 1425 3114 1657">
     <span class='ocr_line' id='line_1_8' title="bbox 554 1425 3112 1533; baseline 0.001 -31"><span class='ocrx_word' id='word_1_49' title='bbox 554 1425 667 1502; x_wconf 83' lang='lat' dir='ltr'><strong>Of.</strong></span> <span class='ocrx_word' id='word_1_50' title='bbox 727 1426 790 1500; x_wconf 94' lang='lat' dir='ltr'>L</span> <span class='ocrx_word' id='word_1_51' title='bbox 814 1426 1001 1502; x_wconf 79' lang='lat' dir='ltr'><strong>elie</strong></span> <span class='ocrx_word' id='word_1_52' title='bbox 1022 1455 1071 1502; x_wconf 88' lang='lat' dir='ltr'>v</span> <span class='ocrx_word' id='word_1_53' title='bbox 1093 1457 1129 1502; x_wconf 90' lang='lat' dir='ltr'><strong>r</strong></span> <span class='ocrx_word' id='word_1_54' title='bbox 1152 1454 1231 1503; x_wconf 84' lang='lat' dir='ltr'><strong>e:</strong></span> <span class='ocrx_word' id='word_1_55' title='bbox 1290 1427 1381 1502; x_wconf 91' lang='lat' dir='ltr'><strong>de</strong></span> <span class='ocrx_word' id='word_1_56' title='bbox 1443 1427 1697 1527; x_wconf 89' lang='lat' dir='ltr'><strong>legum</strong></span> <span class='ocrx_word' id='word_1_57' title='bbox 1756 1429 1929 1507; x_wconf 91' lang='lat' dir='ltr'>XII.</span> <span class='ocrx_word' id='word_1_58' title='bbox 1977 1428 2400 1506; x_wconf 87' lang='lat' dir='ltr'><strong>tabularum</strong></span> <span class='ocrx_word' id='word_1_59' title='bbox 2455 1434 2718 1533; x_wconf 85' lang='lat' dir='ltr'><strong>patria.</strong></span> <span class='ocrx_word' id='word_1_60' title='bbox 2777 1432 3112 1525; x_wconf 85' lang='lat' dir='ltr'><strong>(Lovan.</strong></span> 
     </span>
     <span class='ocr_line' id='line_1_9' title="bbox 347 1550 3114 1657; baseline 0.003 -34"><span class='ocrx_word' id='word_1_61' title='bbox 347 1551 613 1641; x_wconf 82' lang='grc'>1827.)</span> <span class='ocrx_word' id='word_1_62' title='bbox 655 1550 717 1627; x_wconf 82' lang='lat' dir='ltr'>O</span> <span class='ocrx_word' id='word_1_63' title='bbox 741 1579 783 1625; x_wconf 92' lang='lat' dir='ltr'><strong>o</strong></span> <span class='ocrx_word' id='word_1_64' title='bbox 805 1578 845 1627; x_wconf 89' lang='grc'><strong>6</strong></span> <span class='ocrx_word' id='word_1_65' title='bbox 864 1552 958 1628; x_wconf 87' lang='lat' dir='ltr'><strong>ki</strong></span> <span class='ocrx_word' id='word_1_66' title='bbox 983 1580 1032 1627; x_wconf 93' lang='lat' dir='ltr'><strong>n</strong></span> <span class='ocrx_word' id='word_1_67' title='bbox 1055 1580 1098 1627; x_wconf 92' lang='lat' dir='ltr'><strong>o</strong></span> <span class='ocrx_word' id='word_1_68' title='bbox 1120 1580 1154 1627; x_wconf 86' lang='lat' dir='ltr'><strong>s</strong></span> <span class='ocrx_word' id='word_1_69' title='bbox 1180 1580 1197 1625; x_wconf 73' lang='grc' dir='ltr'>ε</span> <span class='ocrx_word' id='word_1_70' title='bbox 1242 1553 1332 1629; x_wconf 85' lang='grc'><strong>(16</strong></span> <span class='ocrx_word' id='word_1_71' title='bbox 1372 1554 1543 1651; x_wconf 86' lang='lat' dir='ltr'><strong>lege</strong></span> <span class='ocrx_word' id='word_1_72' title='bbox 1566 1552 1735 1629; x_wconf 88' lang='lat' dir='ltr'><strong>XII.</strong></span> <span class='ocrx_word' id='word_1_73' title='bbox 1764 1552 2202 1632; x_wconf 82' lang='lat' dir='ltr'><strong>tabularum.</strong></span> <span class='ocrx_word' id='word_1_74' title='bbox 2227 1556 2820 1657; x_wconf 86' lang='lat' dir='ltr'><strong>(Heidelbergae</strong></span> <span class='ocrx_word' id='word_1_75' title='bbox 2849 1556 3114 1651; x_wconf 83' lang='lat'><strong>1836.)</strong></span> 
     </span>
    </p>
   </div>
   <div class='ocr_carea' id='block_1_4' title="bbox 344 1677 3114 1974">
    <p class='ocr_par' dir='ltr' id='par_1_5' title="bbox 344 1677 3114 1974">
     <span class='ocr_line' id='line_1_10' title="bbox 344 1677 3114 1785; baseline 0.001 -33"><span class='ocrx_word' id='word_1_76' title='bbox 344 1677 393 1752; x_wconf 87' lang='lat' dir='ltr'>S</span> <span class='ocrx_word' id='word_1_77' title='bbox 416 1704 453 1752; x_wconf 97' lang='grc'><strong>6</strong></span> <span class='ocrx_word' id='word_1_78' title='bbox 474 1678 524 1752; x_wconf 91' lang='lat' dir='ltr'><strong>h</strong></span> <span class='ocrx_word' id='word_1_79' title='bbox 546 1688 590 1752; x_wconf 83' lang='grc' dir='ltr'>ὂ</span> <span class='ocrx_word' id='word_1_80' title='bbox 613 1679 636 1752; x_wconf 97' lang='grc'><strong>1</strong></span> <span class='ocrx_word' id='word_1_81' title='bbox 659 1678 685 1752; x_wconf 96' lang='grc'><strong>1</strong></span> <span class='ocrx_word' id='word_1_82' title='bbox 708 1706 722 1750; x_wconf 93' lang='lat'><strong>:</strong></span> <span class='ocrx_word' id='word_1_83' title='bbox 766 1678 859 1755; x_wconf 89' lang='lat' dir='ltr'><strong>de</strong></span> <span class='ocrx_word' id='word_1_84' title='bbox 881 1680 1049 1758; x_wconf 90' lang='lat' dir='ltr'><strong>XII.</strong></span> <span class='ocrx_word' id='word_1_85' title='bbox 1074 1680 1499 1757; x_wconf 86' lang='lat' dir='ltr'><strong>tabularum</strong></span> <span class='ocrx_word' id='word_1_86' title='bbox 1519 1680 1777 1755; x_wconf 89' lang='lat' dir='ltr'><strong>libello</strong></span> <span class='ocrx_word' id='word_1_87' title='bbox 1798 1682 2108 1781; x_wconf 87' lang='lat' dir='ltr'><strong>ejusque</strong></span> <span class='ocrx_word' id='word_1_88' title='bbox 2136 1683 2444 1782; x_wconf 83' lang='lat' dir='ltr'><strong>origine.</strong></span> <span class='ocrx_word' id='word_1_89' title='bbox 2470 1684 2820 1785; x_wconf 87' lang='lat' dir='ltr'><strong>(Lipsiae</strong></span> <span class='ocrx_word' id='word_1_90' title='bbox 2843 1682 3114 1771; x_wconf 88' lang='grc'>1858.)</span> 
     </span>
     <span class='ocr_line' id='line_1_11' title="bbox 1520 1891 1940 1974; baseline 0.002 -1"><span class='ocrx_word' id='word_1_91' title='bbox 1520 1891 1673 1973; x_wconf 75' lang='lat' dir='ltr'><strong>Ad</strong></span> <span class='ocrx_word' id='word_1_92' title='bbox 1722 1892 1940 1974; x_wconf 77' lang='grc'><strong>160.</strong></span> 
     </span>
    </p>
   </div>
   <div class='ocr_carea' id='block_1_5' title="bbox 342 2048 3122 3037">
    <p class='ocr_par' dir='ltr' id='par_1_6' title="bbox 342 2048 3122 3037">
     <span class='ocr_line' id='line_1_12' title="bbox 555 2048 3118 2155; baseline -0.001 -21"><span class='ocrx_word' id='word_1_93' title='bbox 555 2056 943 2134; x_wconf 89' lang='lat' dir='ltr'><strong>Demosth.</strong></span> <span class='ocrx_word' id='word_1_94' title='bbox 985 2056 1152 2133; x_wconf 77' lang='lat' dir='ltr'><strong>adv·</strong></span> <span class='ocrx_word' id='word_1_95' title='bbox 1195 2056 1725 2155; x_wconf 35' lang='lat' dir='ltr'><strong>Leptin.·485:</strong></span> <span class='ocrx_word' id='word_1_96' title='bbox 1781 2056 1886 2129; x_wconf 78' lang='grc' dir='ltr'><strong>ἵν’</strong></span> <span class='ocrx_word' id='word_1_97' title='bbox 1945 2050 2052 2142; x_wconf 76' lang='grc' dir='ltr'><strong>εἷς</strong></span> <span class='ocrx_word' id='word_1_98' title='bbox 2104 2048 2156 2151; x_wconf 81' lang='grc' dir='ltr'><em>ᾖ</em></span> <span class='ocrx_word' id='word_1_99' title='bbox 2211 2062 2376 2153; x_wconf 82' lang='grc' dir='ltr'><strong><em>περὶ</em></strong></span> <span class='ocrx_word' id='word_1_100' title='bbox 2436 2055 2590 2133; x_wconf 78' lang='grc' dir='ltr'><strong><em>τῶν</em></strong></span> <span class='ocrx_word' id='word_1_101' title='bbox 2638 2050 2893 2133; x_wconf 71' lang='grc' dir='ltr'><strong><em>ὄντων</em></strong></span> <span class='ocrx_word' id='word_1_102' title='bbox 2929 2054 3118 2133; x_wconf 75' lang='grc' dir='ltr'><strong><em>ἑκά-</em></strong></span> 
     </span>
     <span class='ocr_line' id='line_1_13' title="bbox 345 2174 3118 2283; baseline 0.001 -29"><span class='ocrx_word' id='word_1_103' title='bbox 345 2206 529 2255; x_wconf 88' lang='grc' dir='ltr'><em>στου</em></span> <span class='ocrx_word' id='word_1_104' title='bbox 589 2178 825 2278; x_wconf 84' lang='grc' dir='ltr'><em>νόμος</em></span> <span class='ocrx_word' id='word_1_105' title='bbox 880 2183 1021 2253; x_wconf 81' lang='grc' dir='ltr'><strong>καὶ</strong></span> <span class='ocrx_word' id='word_1_106' title='bbox 1073 2174 1179 2277; x_wconf 80' lang='grc' dir='ltr'><strong>μὴ</strong></span> <span class='ocrx_word' id='word_1_107' title='bbox 1239 2175 1423 2265; x_wconf 78' lang='grc' dir='ltr'><strong><em>τούς</em></strong></span> <span class='ocrx_word' id='word_1_108' title='bbox 1482 2177 1785 2265; x_wconf 80' lang='grc' dir='ltr'><strong><em>ἰδιώτας</em></strong></span> <span class='ocrx_word' id='word_1_109' title='bbox 1844 2175 2044 2255; x_wconf 77' lang='grc' dir='ltr'><strong><em>αὐτὸ</em></strong></span> <span class='ocrx_word' id='word_1_110' title='bbox 2102 2183 2336 2256; x_wconf 79' lang='grc' dir='ltr'><strong><em>τοῦτο</em></strong></span> <span class='ocrx_word' id='word_1_111' title='bbox 2396 2180 2722 2283; x_wconf 82' lang='grc' dir='ltr'><strong><em>ταράττῃ</em></strong></span> <span class='ocrx_word' id='word_1_112' title='bbox 2758 2188 2898 2258; x_wconf 83' lang='grc' dir='ltr'><strong>καὶ</strong></span> <span class='ocrx_word' id='word_1_113' title='bbox 2937 2183 3118 2279; x_wconf 82' lang='grc' dir='ltr'><strong><em>ποιῇ</em></strong></span> 
     </span>
     <span class='ocr_line' id='line_1_14' title="bbox 343 2300 3118 2403; baseline 0.001 -24"><span class='ocrx_word' id='word_1_114' title='bbox 343 2304 501 2381; x_wconf 74' lang='grc' dir='ltr'><strong><em>τῶν</em></strong></span> <span class='ocrx_word' id='word_1_115' title='bbox 540 2300 883 2390; x_wconf 76' lang='grc' dir='ltr'><strong>ἅπαντας</strong></span> <span class='ocrx_word' id='word_1_116' title='bbox 924 2300 1247 2379; x_wconf 77' lang='grc' dir='ltr'><strong><em>εἰδότων</em></strong></span> <span class='ocrx_word' id='word_1_117' title='bbox 1284 2300 1466 2390; x_wconf 77' lang='grc' dir='ltr'><strong>τούς</strong></span> <span class='ocrx_word' id='word_1_118' title='bbox 1525 2302 1809 2402; x_wconf 83' lang='grc' dir='ltr'><strong><em>νόμους</em></strong></span> <span class='ocrx_word' id='word_1_119' title='bbox 1869 2306 2192 2384; x_wconf 72' lang='grc' dir='ltr'><strong><em>ἔλαττον</em></strong></span> <span class='ocrx_word' id='word_1_120' title='bbox 2249 2308 2498 2401; x_wconf 48' lang='lat' dir='ltr'><strong>gyrent,</strong></span> <span class='ocrx_word' id='word_1_121' title='bbox 2560 2304 2756 2384; x_wconf 77' lang='grc' dir='ltr'><em>ἀλλὰ</em></span> <span class='ocrx_word' id='word_1_122' title='bbox 2799 2306 3032 2383; x_wconf 78' lang='grc' dir='ltr'><strong><em>πᾶσιν</em></strong></span> <span class='ocrx_word' id='word_1_123' title='bbox 3069 2302 3118 2403; x_wconf 77' lang='grc' dir='ltr'><em>ᾗ</em></span> 
     </span>
     <span class='ocr_line' id='line_1_15' title="bbox 344 2422 3118 2534; baseline 0.003 -28"><span class='ocrx_word' id='word_1_124' title='bbox 344 2430 558 2506; x_wconf 75' lang='grc' dir='ltr'><strong><em>ταῦτ’</em></strong></span> <span class='ocrx_word' id='word_1_125' title='bbox 600 2428 1049 2534; x_wconf 77' lang='grc' dir='ltr'><strong>ἀναγνῶναι</strong></span> <span class='ocrx_word' id='word_1_126' title='bbox 1086 2434 1225 2503; x_wconf 84' lang='grc' dir='ltr'><strong>καὶ</strong></span> <span class='ocrx_word' id='word_1_127' title='bbox 1255 2435 1552 2527; x_wconf 77' lang='grc' dir='ltr'><strong>μαθεῖν</strong></span> <span class='ocrx_word' id='word_1_128' title='bbox 1592 2422 1800 2505; x_wconf 74' lang='grc' dir='ltr'><em>ἁπλᾶ</em></span> <span class='ocrx_word' id='word_1_129' title='bbox 1842 2436 1980 2505; x_wconf 88' lang='grc' dir='ltr'><strong>καὶ</strong></span> <span class='ocrx_word' id='word_1_130' title='bbox 2034 2432 2246 2527; x_wconf 81' lang='grc' dir='ltr'><em>σαφῆ</em></span> <span class='ocrx_word' id='word_1_131' title='bbox 2279 2430 2375 2507; x_wconf 78' lang='grc' dir='ltr'><strong><em>τοὶ</em></strong></span> <span class='ocrx_word' id='word_1_132' title='bbox 2417 2430 2709 2513; x_wconf 83' lang='grc' dir='ltr'><strong>δίκαια.</strong></span> <span class='ocrx_word' id='word_1_133' title='bbox 2787 2436 2936 2531; x_wconf 82' lang='lat' dir='ltr'><strong>(Ut</strong></span> <span class='ocrx_word' id='word_1_134' title='bbox 2971 2438 3118 2513; x_wconf 86' lang='lat' dir='ltr'><strong>sin-</strong></span> 
     </span>
     <span class='ocr_line' id='line_1_16' title="bbox 342 2558 3122 2665; baseline 0.001 -30"><span class='ocrx_word' id='word_1_135' title='bbox 342 2561 540 2658; x_wconf 84' lang='lat' dir='ltr'><strong>gulis</strong></span> <span class='ocrx_word' id='word_1_136' title='bbox 597 2558 689 2635; x_wconf 91' lang='lat' dir='ltr'><strong>de</strong></span> <span class='ocrx_word' id='word_1_137' title='bbox 744 2560 971 2636; x_wconf 87' lang='lat' dir='ltr'><strong>rebus</strong></span> <span class='ocrx_word' id='word_1_138' title='bbox 1023 2559 1233 2657; x_wconf 82' lang='lat' dir='ltr'><strong>leges</strong></span> <span class='ocrx_word' id='word_1_139' title='bbox 1290 2558 1633 2655; x_wconf 87' lang='lat' dir='ltr'><strong>singulae</strong></span> <span class='ocrx_word' id='word_1_140' title='bbox 1690 2560 1880 2653; x_wconf 87' lang='lat' dir='ltr'><strong>sint,</strong></span> <span class='ocrx_word' id='word_1_141' title='bbox 1937 2585 2180 2661; x_wconf 90' lang='lat' dir='ltr'><strong>neque</strong></span> <span class='ocrx_word' id='word_1_142' title='bbox 2239 2559 2574 2638; x_wconf 83' lang='lat' dir='ltr'><strong>homines</strong></span> <span class='ocrx_word' id='word_1_143' title='bbox 2619 2564 3008 2665; x_wconf 86' lang='lat' dir='ltr'><strong>imperitos</strong></span> <span class='ocrx_word' id='word_1_144' title='bbox 3043 2562 3122 2637; x_wconf 91' lang='lat' dir='ltr'><strong>id</strong></span> 
     </span>
     <span class='ocr_line' id='line_1_17' title="bbox 342 2683 3120 2789; baseline 0.001 -30"><span class='ocrx_word' id='word_1_145' title='bbox 342 2688 591 2785; x_wconf 90' lang='lat' dir='ltr'><strong>ipsum</strong></span> <span class='ocrx_word' id='word_1_146' title='bbox 626 2686 911 2775; x_wconf 86' lang='lat' dir='ltr'><strong>turbet,</strong></span> <span class='ocrx_word' id='word_1_147' title='bbox 954 2695 1028 2759; x_wconf 91' lang='lat' dir='ltr'><strong>et</strong></span> <span class='ocrx_word' id='word_1_148' title='bbox 1066 2684 1351 2760; x_wconf 87' lang='lat' dir='ltr'><strong>efficiat</strong></span> <span class='ocrx_word' id='word_1_149' title='bbox 1387 2694 1469 2759; x_wconf 87' lang='lat' dir='ltr'><strong>ut</strong></span> <span class='ocrx_word' id='word_1_150' title='bbox 1503 2684 1579 2759; x_wconf 91' lang='lat' dir='ltr'><strong>hi</strong></span> <span class='ocrx_word' id='word_1_151' title='bbox 1618 2683 1984 2764; x_wconf 86' lang='lat' dir='ltr'><strong>deteriore</strong></span> <span class='ocrx_word' id='word_1_152' title='bbox 2025 2686 2456 2765; x_wconf 87' lang='lat' dir='ltr'><strong>conditione</strong></span> <span class='ocrx_word' id='word_1_153' title='bbox 2496 2689 2682 2783; x_wconf 86' lang='lat' dir='ltr'><strong>sint,</strong></span> <span class='ocrx_word' id='word_1_154' title='bbox 2736 2715 2958 2789; x_wconf 85' lang='lat' dir='ltr'><strong>quam</strong></span> <span class='ocrx_word' id='word_1_155' title='bbox 2995 2688 3120 2789; x_wconf 90' lang='lat' dir='ltr'><strong>qui</strong></span> 
     </span>
     <span class='ocr_line' id='line_1_18' title="bbox 344 2808 3119 2914; baseline 0.001 -30"><span class='ocrx_word' id='word_1_156' title='bbox 344 2811 727 2887; x_wconf 86' lang='lat' dir='ltr'><strong>universas</strong></span> <span class='ocrx_word' id='word_1_157' title='bbox 767 2810 1049 2902; x_wconf 88' lang='lat' dir='ltr'><strong>sciunt,</strong></span> <span class='ocrx_word' id='word_1_158' title='bbox 1110 2808 1239 2884; x_wconf 90' lang='lat' dir='ltr'><strong>sed</strong></span> <span class='ocrx_word' id='word_1_159' title='bbox 1279 2819 1361 2883; x_wconf 88' lang='lat' dir='ltr'><strong>ut</strong></span> <span class='ocrx_word' id='word_1_160' title='bbox 1400 2808 1665 2885; x_wconf 87' lang='lat' dir='ltr'><strong>eadem</strong></span> <span class='ocrx_word' id='word_1_161' title='bbox 1702 2809 1957 2908; x_wconf 87' lang='lat' dir='ltr'><strong>legere</strong></span> <span class='ocrx_word' id='word_1_162' title='bbox 1998 2819 2072 2885; x_wconf 88' lang='lat' dir='ltr'><strong>et</strong></span> <span class='ocrx_word' id='word_1_163' title='bbox 2114 2810 2398 2889; x_wconf 85' lang='lat' dir='ltr'><strong>discere</strong></span> <span class='ocrx_word' id='word_1_164' title='bbox 2439 2812 2804 2913; x_wconf 82' lang='lat' dir='ltr'><strong>simplicia</strong></span> <span class='ocrx_word' id='word_1_165' title='bbox 2842 2826 2914 2889; x_wconf 86' lang='lat' dir='ltr'><strong>et</strong></span> <span class='ocrx_word' id='word_1_166' title='bbox 2952 2839 3119 2914; x_wconf 88' lang='lat' dir='ltr'><strong>per-</strong></span> 
     </span>
     <span class='ocr_line' id='line_1_19' title="bbox 342 2934 1505 3037; baseline -0.002 -25"><span class='ocrx_word' id='word_1_167' title='bbox 342 2937 603 3037; x_wconf 83' lang='lat' dir='ltr'><strong>spicua</strong></span> <span class='ocrx_word' id='word_1_168' title='bbox 630 2937 803 3037; x_wconf 88' lang='lat' dir='ltr'><strong>jura</strong></span> <span class='ocrx_word' id='word_1_169' title='bbox 837 2936 1057 3010; x_wconf 88' lang='lat' dir='ltr'><strong>liceat</strong></span> <span class='ocrx_word' id='word_1_170' title='bbox 1094 2934 1505 3026; x_wconf 87' lang='lat' dir='ltr'><strong>omnibus.)</strong></span> 
     </span>
    </p>
   </div>
   <div class='ocr_carea' id='block_1_6' title="bbox 345 3076 3129 5314">
    <p class='ocr_par' dir='ltr' id='par_1_7' title="bbox 345 3076 3129 5314">
     <span class='ocr_line' id='line_1_20' title="bbox 559 3076 3118 3178; baseline 0 -23"><span class='ocrx_word' id='word_1_171' title='bbox 559 3077 937 3178; x_wconf 85' lang='lat' dir='ltr'><strong>Archytae</strong></span> <span class='ocrx_word' id='word_1_172' title='bbox 976 3076 1365 3153; x_wconf 84' lang='lat' dir='ltr'><strong>Tarentini</strong></span> <span class='ocrx_word' id='word_1_173' title='bbox 1415 3076 1704 3175; x_wconf 71' lang='lat' dir='ltr'><strong>fragm,</strong></span> <span class='ocrx_word' id='word_1_174' title='bbox 1764 3103 1855 3154; x_wconf 84' lang='lat' dir='ltr'><strong>ex</strong></span> <span class='ocrx_word' id='word_1_175' title='bbox 1893 3077 2085 3154; x_wconf 87' lang='lat' dir='ltr'><strong>libro</strong></span> <span class='ocrx_word' id='word_1_176' title='bbox 2125 3079 2218 3152; x_wconf 92' lang='lat' dir='ltr'><strong>de</strong></span> <span class='ocrx_word' id='word_1_177' title='bbox 2258 3081 2425 3176; x_wconf 85' lang='lat' dir='ltr'><strong>lege</strong></span> <span class='ocrx_word' id='word_1_178' title='bbox 2463 3091 2539 3154; x_wconf 88' lang='lat' dir='ltr'><strong>et</strong></span> <span class='ocrx_word' id='word_1_179' title='bbox 2573 3080 2856 3158; x_wconf 87' lang='lat' dir='ltr'><strong>iustitia</strong></span> <span class='ocrx_word' id='word_1_180' title='bbox 2889 3079 3118 3175; x_wconf 69' lang='lat' dir='ltr'><strong>XVI„</strong></span> 
     </span>
     <span class='ocr_line' id='line_1_21' title="bbox 345 3193 3122 3299; baseline -0.001 -19"><span class='ocrx_word' id='word_1_181' title='bbox 345 3204 461 3280; x_wconf 87' lang='lat' dir='ltr'><strong>ed.</strong></span> <span class='ocrx_word' id='word_1_182' title='bbox 500 3203 865 3280; x_wconf 80' lang='lat' dir='ltr'><strong>Mullach:</strong></span> <span class='ocrx_word' id='word_1_183' title='bbox 926 3203 1061 3274; x_wconf 85' lang='grc' dir='ltr'><strong>Δεῖ</strong></span> <span class='ocrx_word' id='word_1_184' title='bbox 1113 3195 1189 3272; x_wconf 79' lang='grc' dir='ltr'><strong>δὲ</strong></span> <span class='ocrx_word' id='word_1_185' title='bbox 1246 3195 1391 3273; x_wconf 86' lang='grc' dir='ltr'><strong><em>τὸν</em></strong></span> <span class='ocrx_word' id='word_1_186' title='bbox 1446 3196 1695 3297; x_wconf 85' lang='grc' dir='ltr'><strong><em>νόμον</em></strong></span> <span class='ocrx_word' id='word_1_187' title='bbox 1748 3196 2215 3276; x_wconf 77' lang='grc' dir='ltr'><strong><em>ἀκόλουθον</em></strong></span> <span class='ocrx_word' id='word_1_188' title='bbox 2270 3193 2460 3299; x_wconf 77' lang='grc' dir='ltr'><strong><em>ἦμεν</em></strong></span> <span class='ocrx_word' id='word_1_189' title='bbox 2507 3199 2602 3299; x_wconf 78' lang='grc' dir='ltr'><em>τᾷ</em></span> <span class='ocrx_word' id='word_1_190' title='bbox 2642 3199 2920 3298; x_wconf 81' lang='grc' dir='ltr'><strong><em>φύσει,</em></strong></span> <span class='ocrx_word' id='word_1_191' title='bbox 2981 3201 3122 3278; x_wconf 84' lang='grc' dir='ltr'><strong>δυ-</strong></span> 
     </span>
     <span class='ocr_line' id='line_1_22' title="bbox 346 3321 3123 3428; baseline 0 -26"><span class='ocrx_word' id='word_1_192' title='bbox 346 3323 591 3402; x_wconf 84' lang='grc' dir='ltr'><strong><em>νατὸν</em></strong></span> <span class='ocrx_word' id='word_1_193' title='bbox 643 3336 803 3414; x_wconf 85' lang='grc' dir='ltr'><strong><em>τοῖς</em></strong></span> <span class='ocrx_word' id='word_1_194' title='bbox 860 3321 1297 3428; x_wconf 79' lang='grc' dir='ltr'><em>πράγμασι,</em></span> <span class='ocrx_word' id='word_1_195' title='bbox 1358 3331 1844 3422; x_wconf 79' lang='grc' dir='ltr'><strong><em>συμφέροντα</em></strong></span> <span class='ocrx_word' id='word_1_196' title='bbox 1901 3325 2000 3424; x_wconf 80' lang='grc' dir='ltr'><em>τᾷ</em></span> <span class='ocrx_word' id='word_1_197' title='bbox 2057 3327 2420 3426; x_wconf 79' lang='grc' dir='ltr'><strong><em>πολιτικᾷ</em></strong></span> <span class='ocrx_word' id='word_1_198' title='bbox 2477 3332 2897 3427; x_wconf 83' lang='grc' dir='ltr'><strong><em>κοινωνίᾳ·</em></strong></span> <span class='ocrx_word' id='word_1_199' title='bbox 2956 3328 3123 3403; x_wconf 80' lang='grc' dir='ltr'><strong><em>αἴτε</em></strong></span> 
     </span>
     <span class='ocr_line' id='line_1_23' title="bbox 346 3447 3122 3557; baseline 0 -31"><span class='ocrx_word' id='word_1_200' title='bbox 346 3450 494 3557; x_wconf 72' lang='grc' dir='ltr'><strong>γάρ</strong></span> <span class='ocrx_word' id='word_1_201' title='bbox 553 3447 723 3537; x_wconf 77' lang='grc' dir='ltr'><strong>ἑνὸς</strong></span> <span class='ocrx_word' id='word_1_202' title='bbox 777 3448 1081 3526; x_wconf 83' lang='grc' dir='ltr'><strong><em>τούτων</em></strong></span> <span class='ocrx_word' id='word_1_203' title='bbox 1136 3450 1301 3526; x_wconf 85' lang='grc' dir='ltr'><strong><em>αἴτε</em></strong></span> <span class='ocrx_word' id='word_1_204' title='bbox 1360 3448 1719 3548; x_wconf 80' lang='grc' dir='ltr'><strong><em>πλῃὸνων</em></strong></span> <span class='ocrx_word' id='word_1_205' title='bbox 1772 3451 1939 3526; x_wconf 82' lang='grc' dir='ltr'><strong><em>αἴτε</em></strong></span> <span class='ocrx_word' id='word_1_206' title='bbox 1989 3449 2301 3529; x_wconf 86' lang='grc' dir='ltr'><strong><em>πάντων</em></strong></span> <span class='ocrx_word' id='word_1_207' title='bbox 2357 3448 2893 3544; x_wconf 80' lang='grc' dir='ltr'><strong>ἀπολείπεται,</strong></span> <span class='ocrx_word' id='word_1_208' title='bbox 2951 3447 3122 3545; x_wconf 75' lang='grc' dir='ltr'><strong><em>ἤτοι</em></strong></span> 
     </span>
     <span class='ocr_line' id='line_1_24' title="bbox 349 3570 3122 3678; baseline -0 -24"><span class='ocrx_word' id='word_1_209' title='bbox 349 3575 445 3656; x_wconf 80' lang='grc' dir='ltr'><strong>οὗ</strong></span> <span class='ocrx_word' id='word_1_210' title='bbox 488 3573 723 3676; x_wconf 79' lang='grc' dir='ltr'><strong><em>νόμος</em></strong></span> <span class='ocrx_word' id='word_1_211' title='bbox 768 3570 812 3666; x_wconf 76' lang='grc' dir='ltr'><strong><em>ἢ</em></strong></span> <span class='ocrx_word' id='word_1_212' title='bbox 855 3571 949 3651; x_wconf 79' lang='grc' dir='ltr'><strong>οὐ</strong></span> <span class='ocrx_word' id='word_1_213' title='bbox 993 3581 1269 3664; x_wconf 82' lang='grc' dir='ltr'><strong><em>τέλειος</em></strong></span> <span class='ocrx_word' id='word_1_214' title='bbox 1306 3575 1543 3678; x_wconf 84' lang='grc' dir='ltr'><strong><em>νόμος</em></strong></span> <span class='ocrx_word' id='word_1_215' title='bbox 1583 3584 1878 3656; x_wconf 79' lang='grc' dir='ltr'><strong><em>ἐσεῖται.</em></strong></span> <span class='ocrx_word' id='word_1_216' title='bbox 1948 3573 2447 3666; x_wconf 77' lang='grc' dir='ltr'><strong><em>Ἀκόλουθος</em></strong></span> <span class='ocrx_word' id='word_1_217' title='bbox 2493 3583 2645 3678; x_wconf 82' lang='grc' dir='ltr'><strong>μὲν</strong></span> <span class='ocrx_word' id='word_1_218' title='bbox 2703 3573 2815 3655; x_wconf 74' lang='grc' dir='ltr'><strong>ὦν</strong></span> <span class='ocrx_word' id='word_1_219' title='bbox 2866 3609 2974 3654; x_wconf 88' lang='grc' dir='ltr'><strong>κα</strong></span> <span class='ocrx_word' id='word_1_220' title='bbox 3007 3578 3122 3670; x_wconf 85' lang='grc' dir='ltr'><strong>εἴη</strong></span> 
     </span>
     <span class='ocr_line' id='line_1_25' title="bbox 348 3697 3117 3803; baseline 0 -25"><span class='ocrx_word' id='word_1_221' title='bbox 348 3701 445 3803; x_wconf 80' lang='grc' dir='ltr'><em>τᾷ</em></span> <span class='ocrx_word' id='word_1_222' title='bbox 503 3700 731 3798; x_wconf 84' lang='grc' dir='ltr'><em>φύσει</em></span> <span class='ocrx_word' id='word_1_223' title='bbox 775 3704 1242 3802; x_wconf 74' lang='grc' dir='ltr'><strong><em>μιμεόμενος</em></strong></span> <span class='ocrx_word' id='word_1_224' title='bbox 1297 3698 1386 3777; x_wconf 85' lang='grc' dir='ltr'><strong><em>τὸ</em></strong></span> <span class='ocrx_word' id='word_1_225' title='bbox 1448 3701 1581 3790; x_wconf 78' lang='grc' dir='ltr'><strong><em>τοῖς</em></strong></span> <span class='ocrx_word' id='word_1_226' title='bbox 1638 3697 1916 3796; x_wconf 75' lang='grc' dir='ltr'><em>φύσιος</em></span> <span class='ocrx_word' id='word_1_227' title='bbox 1972 3700 2328 3779; x_wconf 77' lang='grc' dir='ltr'><strong>δίκαιον·</strong></span> <span class='ocrx_word' id='word_1_228' title='bbox 2385 3701 2618 3780; x_wconf 83' lang='grc' dir='ltr'><strong><em>τοῦτο</em></strong></span> <span class='ocrx_word' id='word_1_229' title='bbox 2676 3702 2759 3780; x_wconf 83' lang='grc' dir='ltr'><strong>δέ</strong></span> <span class='ocrx_word' id='word_1_230' title='bbox 2814 3711 2970 3780; x_wconf 78' lang='grc' dir='ltr'><strong><em>ἐντι</em></strong></span> <span class='ocrx_word' id='word_1_231' title='bbox 3027 3700 3117 3780; x_wconf 89' lang='grc' dir='ltr'>τὸ</span> 
     </span>
     <span class='ocr_line' id='line_1_26' title="bbox 349 3825 3122 3933; baseline 0.002 -32"><span class='ocrx_word' id='word_1_232' title='bbox 349 3825 748 3933; x_wconf 76' lang='grc' dir='ltr'><strong>ἀνάλογον</strong></span> <span class='ocrx_word' id='word_1_233' title='bbox 784 3825 1048 3904; x_wconf 78' lang='grc' dir='ltr'><strong><em>καὶτὸ</em></strong></span> <span class='ocrx_word' id='word_1_234' title='bbox 1104 3825 1525 3927; x_wconf 79' lang='grc' dir='ltr'><em>ἐπιβάλλον</em></span> <span class='ocrx_word' id='word_1_235' title='bbox 1565 3827 1865 3928; x_wconf 74' lang='grc' dir='ltr'><strong><em>ἑκάστῳ</em></strong></span> <span class='ocrx_word' id='word_1_236' title='bbox 1924 3827 2226 3906; x_wconf 83' lang='grc' dir='ltr'><strong><em>καττάν</em></strong></span> <span class='ocrx_word' id='word_1_237' title='bbox 2284 3827 2576 3905; x_wconf 76' lang='grc' dir='ltr'><strong><em>ἑκάστω</em></strong></span> <span class='ocrx_word' id='word_1_238' title='bbox 2635 3825 2884 3920; x_wconf 75' lang='grc' dir='ltr'><em>ἀξίαν.</em></span> <span class='ocrx_word' id='word_1_239' title='bbox 2965 3835 3122 3906; x_wconf 87' lang='grc' dir='ltr'><strong>Δυ-</strong></span> 
     </span>
     <span class='ocr_line' id='line_1_27' title="bbox 350 3949 3120 4059; baseline 0.002 -31"><span class='ocrx_word' id='word_1_240' title='bbox 350 3949 583 4038; x_wconf 85' lang='grc' dir='ltr'><strong>νατός</strong></span> <span class='ocrx_word' id='word_1_241' title='bbox 624 3951 701 4028; x_wconf 84' lang='grc' dir='ltr'><strong>δὲ</strong></span> <span class='ocrx_word' id='word_1_242' title='bbox 718 4009 743 4042; x_wconf 86' lang='grc'>,</span> <span class='ocrx_word' id='word_1_243' title='bbox 802 3957 891 4027; x_wconf 86' lang='grc' dir='ltr'><strong>αι’</strong></span> <span class='ocrx_word' id='word_1_244' title='bbox 926 3958 1101 4030; x_wconf 85' lang='grc' dir='ltr'><strong><em>ποτὶ</em></strong></span> <span class='ocrx_word' id='word_1_245' title='bbox 1141 3950 1285 4042; x_wconf 75' lang='grc' dir='ltr'><strong><em>τως</em></strong></span> <span class='ocrx_word' id='word_1_246' title='bbox 1324 3958 1998 4052; x_wconf 79' lang='grc' dir='ltr'><strong><em>νομοθετευμένως</em></strong></span> <span class='ocrx_word' id='word_1_247' title='bbox 2037 3957 2196 4051; x_wconf 77' lang='grc' dir='ltr'><strong><em>ἔχει</em></strong></span> <span class='ocrx_word' id='word_1_248' title='bbox 2234 3951 2382 4030; x_wconf 81' lang='grc' dir='ltr'><strong><em>τάν</em></strong></span> <span class='ocrx_word' id='word_1_249' title='bbox 2421 3952 2944 4059; x_wconf 77' lang='grc' dir='ltr'><strong>συναρμογοὶν.</strong></span> <span class='ocrx_word' id='word_1_250' title='bbox 2984 4015 3001 4032; x_wconf 93' lang='grc'><strong>.</strong></span> <span class='ocrx_word' id='word_1_251' title='bbox 3041 4015 3059 4034; x_wconf 94' lang='grc'><strong>.</strong></span> <span class='ocrx_word' id='word_1_252' title='bbox 3103 4013 3120 4034; x_wconf 93' lang='grc'><strong>.</strong></span> 
     </span>
     <span class='ocr_line' id='line_1_28' title="bbox 348 4072 3122 4180; baseline 0 -26"><span class='ocrx_word' id='word_1_253' title='bbox 348 4085 791 4178; x_wconf 81' lang='grc' dir='ltr'><strong><em>Συμφέρων</em></strong></span> <span class='ocrx_word' id='word_1_254' title='bbox 846 4077 923 4154; x_wconf 84' lang='grc' dir='ltr'><strong>δὲ</strong></span> <span class='ocrx_word' id='word_1_255' title='bbox 979 4078 1077 4178; x_wconf 81' lang='grc' dir='ltr'><strong><em>τᾷ</em></strong></span> <span class='ocrx_word' id='word_1_256' title='bbox 1136 4076 1498 4178; x_wconf 81' lang='grc' dir='ltr'><strong><em>πολιτικᾷ</em></strong></span> <span class='ocrx_word' id='word_1_257' title='bbox 1556 4084 1984 4180; x_wconf 79' lang='grc' dir='ltr'><strong><em>κοινωνίᾳ,</em></strong></span> <span class='ocrx_word' id='word_1_258' title='bbox 2043 4080 2236 4155; x_wconf 86' lang='grc' dir='ltr'><strong>αἴκα</strong></span> <span class='ocrx_word' id='word_1_259' title='bbox 2284 4077 2394 4180; x_wconf 80' lang='grc' dir='ltr'><strong>μὴ</strong></span> <span class='ocrx_word' id='word_1_260' title='bbox 2447 4078 2845 4180; x_wconf 80' lang='grc' dir='ltr'><strong>μόναρχος</strong></span> <span class='ocrx_word' id='word_1_261' title='bbox 2897 4072 2949 4178; x_wconf 82' lang='grc' dir='ltr'><em>ᾗ</em></span> <span class='ocrx_word' id='word_1_262' title='bbox 2984 4086 3122 4155; x_wconf 81' lang='grc' dir='ltr'><strong>καὶ</strong></span> 
     </span>
     <span class='ocr_line' id='line_1_29' title="bbox 350 4195 3119 4303; baseline 0.001 -25"><span class='ocrx_word' id='word_1_263' title='bbox 350 4201 757 4298; x_wconf 80' lang='grc' dir='ltr'><strong><em>ἰδιωφελὴς</em></strong></span> <span class='ocrx_word' id='word_1_264' title='bbox 814 4195 856 4278; x_wconf 80' lang='grc' dir='ltr'><em>ὃ</em></span> <span class='ocrx_word' id='word_1_265' title='bbox 918 4201 1198 4303; x_wconf 82' lang='grc' dir='ltr'><strong><em>νόμος,</em></strong></span> <span class='ocrx_word' id='word_1_266' title='bbox 1264 4203 1745 4300; x_wconf 82' lang='grc' dir='ltr'><strong><em>κοινωφελής</em></strong></span> <span class='ocrx_word' id='word_1_267' title='bbox 1799 4203 1877 4281; x_wconf 81' lang='grc' dir='ltr'><strong>δὲ</strong></span> <span class='ocrx_word' id='word_1_268' title='bbox 1946 4210 2084 4280; x_wconf 88' lang='grc' dir='ltr'><strong>καὶ</strong></span> <span class='ocrx_word' id='word_1_269' title='bbox 2143 4202 2268 4282; x_wconf 80' lang='grc' dir='ltr'><strong>διά</strong></span> <span class='ocrx_word' id='word_1_270' title='bbox 2327 4201 2640 4282; x_wconf 85' lang='grc' dir='ltr'><strong><em>πάντων</em></strong></span> <span class='ocrx_word' id='word_1_271' title='bbox 2696 4203 3119 4284; x_wconf 75' lang='grc' dir='ltr'><strong><em>διατείνων.</em></strong></span> 
     </span>
     <span class='ocr_line' id='line_1_30' title="bbox 352 4332 3122 4444; baseline 0 -36"><span class='ocrx_word' id='word_1_272' title='bbox 352 4332 723 4436; x_wconf 89' lang='lat' dir='ltr'><strong>(Oportet</strong></span> <span class='ocrx_word' id='word_1_273' title='bbox 760 4341 1011 4410; x_wconf 89' lang='lat' dir='ltr'><strong>autem</strong></span> <span class='ocrx_word' id='word_1_274' title='bbox 1045 4334 1295 4434; x_wconf 88' lang='lat' dir='ltr'><strong>legem</strong></span> <span class='ocrx_word' id='word_1_275' title='bbox 1354 4357 1515 4444; x_wconf 81' lang='lat' dir='ltr'><strong>esse</strong></span> <span class='ocrx_word' id='word_1_276' title='bbox 1579 4345 1889 4410; x_wconf 88' lang='lat' dir='ltr'><strong>naturae</strong></span> <span class='ocrx_word' id='word_1_277' title='bbox 1951 4334 2563 4430; x_wconf 85' lang='lat' dir='ltr'><strong>convenientem,</strong></span> <span class='ocrx_word' id='word_1_278' title='bbox 2623 4360 2702 4411; x_wconf 91' lang='lat' dir='ltr'><strong>re</strong></span> <span class='ocrx_word' id='word_1_279' title='bbox 2740 4335 2906 4438; x_wconf 87' lang='lat' dir='ltr'><strong>ipsa</strong></span> <span class='ocrx_word' id='word_1_280' title='bbox 2941 4335 3122 4410; x_wconf 87' lang='lat' dir='ltr'><strong>vali-</strong></span> 
     </span>
     <span class='ocr_line' id='line_1_31' title="bbox 349 4458 3124 4566; baseline 0.001 -32"><span class='ocrx_word' id='word_1_281' title='bbox 349 4459 562 4554; x_wconf 87' lang='lat' dir='ltr'><strong>dam,</strong></span> <span class='ocrx_word' id='word_1_282' title='bbox 606 4459 802 4534; x_wconf 89' lang='lat' dir='ltr'><strong>civili</strong></span> <span class='ocrx_word' id='word_1_283' title='bbox 841 4458 1177 4536; x_wconf 87' lang='lat' dir='ltr'><strong>societati</strong></span> <span class='ocrx_word' id='word_1_284' title='bbox 1219 4460 1516 4536; x_wconf 85' lang='lat' dir='ltr'><strong>utilem:</strong></span> <span class='ocrx_word' id='word_1_285' title='bbox 1574 4459 1733 4536; x_wconf 87' lang='lat' dir='ltr'><strong>sive</strong></span> <span class='ocrx_word' id='word_1_286' title='bbox 1773 4459 1973 4537; x_wconf 88' lang='lat' dir='ltr'><strong>enim</strong></span> <span class='ocrx_word' id='word_1_287' title='bbox 2008 4461 2136 4566; x_wconf 87' lang='lat' dir='ltr'><strong>uni</strong></span> <span class='ocrx_word' id='word_1_288' title='bbox 2174 4460 2437 4536; x_wconf 80' lang='lat' dir='ltr'><strong>harum</strong></span> <span class='ocrx_word' id='word_1_289' title='bbox 2474 4486 2720 4538; x_wconf 88' lang='lat' dir='ltr'><strong>rerum</strong></span> <span class='ocrx_word' id='word_1_290' title='bbox 2757 4462 2918 4538; x_wconf 85' lang='lat' dir='ltr'><strong>sive</strong></span> <span class='ocrx_word' id='word_1_291' title='bbox 2958 4461 3124 4563; x_wconf 91' lang='lat' dir='ltr'><strong>plu-</strong></span> 
     </span>
     <span class='ocr_line' id='line_1_32' title="bbox 351 4583 3128 4680; baseline -0.001 -19"><span class='ocrx_word' id='word_1_292' title='bbox 351 4585 556 4661; x_wconf 89' lang='lat' dir='ltr'><strong>ribus</strong></span> <span class='ocrx_word' id='word_1_293' title='bbox 613 4583 771 4660; x_wconf 87' lang='lat' dir='ltr'><strong>sive</strong></span> <span class='ocrx_word' id='word_1_294' title='bbox 828 4585 1175 4662; x_wconf 86' lang='lat' dir='ltr'><strong>omnibus</strong></span> <span class='ocrx_word' id='word_1_295' title='bbox 1232 4611 1389 4661; x_wconf 88' lang='lat' dir='ltr'><strong>non</strong></span> <span class='ocrx_word' id='word_1_296' title='bbox 1446 4585 1806 4680; x_wconf 87' lang='lat' dir='ltr'><strong>sufficiat,</strong></span> <span class='ocrx_word' id='word_1_297' title='bbox 1872 4598 2000 4661; x_wconf 85' lang='lat' dir='ltr'><strong>aut</strong></span> <span class='ocrx_word' id='word_1_298' title='bbox 2052 4587 2353 4663; x_wconf 88' lang='lat' dir='ltr'><strong>omnino</strong></span> <span class='ocrx_word' id='word_1_299' title='bbox 2409 4612 2564 4662; x_wconf 89' lang='lat' dir='ltr'><strong>non</strong></span> <span class='ocrx_word' id='word_1_300' title='bbox 2603 4587 2746 4662; x_wconf 87' lang='lat' dir='ltr'><strong>erit</strong></span> <span class='ocrx_word' id='word_1_301' title='bbox 2780 4588 2940 4680; x_wconf 83' lang='lat' dir='ltr'><strong>lex,</strong></span> <span class='ocrx_word' id='word_1_302' title='bbox 2999 4594 3128 4661; x_wconf 88' lang='lat' dir='ltr'><strong>aut</strong></span> 
     </span>
     <span class='ocr_line' id='line_1_33' title="bbox 350 4709 3126 4812; baseline 0 -27"><span class='ocrx_word' id='word_1_303' title='bbox 350 4738 507 4785; x_wconf 90' lang='lat' dir='ltr'><strong>non</strong></span> <span class='ocrx_word' id='word_1_304' title='bbox 546 4709 876 4811; x_wconf 88' lang='lat' dir='ltr'><strong>perfecta</strong></span> <span class='ocrx_word' id='word_1_305' title='bbox 912 4710 1055 4787; x_wconf 90' lang='lat' dir='ltr'><strong>lex.</strong></span> <span class='ocrx_word' id='word_1_306' title='bbox 1132 4711 1464 4787; x_wconf 90' lang='lat' dir='ltr'><strong>Naturae</strong></span> <span class='ocrx_word' id='word_1_307' title='bbox 1502 4711 1728 4812; x_wconf 88' lang='lat' dir='ltr'><strong>igitur</strong></span> <span class='ocrx_word' id='word_1_308' title='bbox 1785 4721 2285 4788; x_wconf 86' lang='lat' dir='ltr'><strong>consentanea</strong></span> <span class='ocrx_word' id='word_1_309' title='bbox 2338 4712 2604 4806; x_wconf 87' lang='lat' dir='ltr'><strong>fuerit,</strong></span> <span class='ocrx_word' id='word_1_310' title='bbox 2663 4711 2724 4788; x_wconf 90' lang='lat' dir='ltr'><strong>si</strong></span> <span class='ocrx_word' id='word_1_311' title='bbox 2751 4713 2876 4812; x_wconf 88' lang='lat' dir='ltr'><strong>jus</strong></span> <span class='ocrx_word' id='word_1_312' title='bbox 2915 4723 3126 4787; x_wconf 88' lang='lat' dir='ltr'><strong>natu-</strong></span> 
     </span>
     <span class='ocr_line' id='line_1_34' title="bbox 350 4835 3124 4937; baseline -0.001 -24"><span class='ocrx_word' id='word_1_313' title='bbox 350 4862 477 4913; x_wconf 91' lang='lat' dir='ltr'><strong>rae</strong></span> <span class='ocrx_word' id='word_1_314' title='bbox 516 4836 881 4911; x_wconf 87' lang='lat' dir='ltr'><strong>imitetur:</strong></span> <span class='ocrx_word' id='word_1_315' title='bbox 924 4835 1065 4910; x_wconf 88' lang='lat' dir='ltr'><strong>hoc</strong></span> <span class='ocrx_word' id='word_1_316' title='bbox 1104 4862 1285 4911; x_wconf 86' lang='lat' dir='ltr'><strong>vero</strong></span> <span class='ocrx_word' id='word_1_317' title='bbox 1326 4847 1439 4911; x_wconf 87' lang='lat' dir='ltr'><strong>est</strong></span> <span class='ocrx_word' id='word_1_318' title='bbox 1476 4835 1675 4936; x_wconf 90' lang='lat' dir='ltr'><strong>quod</strong></span> <span class='ocrx_word' id='word_1_319' title='bbox 1714 4863 1855 4937; x_wconf 90' lang='lat' dir='ltr'><strong>pro</strong></span> <span class='ocrx_word' id='word_1_320' title='bbox 1877 4861 2011 4912; x_wconf 91' lang='lat' dir='ltr'><strong>sua</strong></span> <span class='ocrx_word' id='word_1_321' title='bbox 2048 4835 2403 4937; x_wconf 85' lang='lat' dir='ltr'><strong>cujusque</strong></span> <span class='ocrx_word' id='word_1_322' title='bbox 2444 4836 2802 4934; x_wconf 85' lang='lat' dir='ltr'><strong>dignitate</strong></span> <span class='ocrx_word' id='word_1_323' title='bbox 2843 4835 2910 4911; x_wconf 91' lang='lat' dir='ltr'><strong>ei</strong></span> <span class='ocrx_word' id='word_1_324' title='bbox 2947 4861 3124 4911; x_wconf 84' lang='lat' dir='ltr'><strong>oon-</strong></span> 
     </span>
     <span class='ocr_line' id='line_1_35' title="bbox 352 4960 3125 5063; baseline -0.001 -27"><span class='ocrx_word' id='word_1_325' title='bbox 352 4961 554 5060; x_wconf 88' lang='lat' dir='ltr'><strong>gruit</strong></span> <span class='ocrx_word' id='word_1_326' title='bbox 591 4986 905 5063; x_wconf 89' lang='lat' dir='ltr'><strong>eumque</strong></span> <span class='ocrx_word' id='word_1_327' title='bbox 945 4961 1266 5058; x_wconf 90' lang='lat' dir='ltr'><strong>attingit.</strong></span> <span class='ocrx_word' id='word_1_328' title='bbox 1341 4960 1615 5037; x_wconf 88' lang='lat' dir='ltr'><strong>Valida</strong></span> <span class='ocrx_word' id='word_1_329' title='bbox 1652 4964 1829 5058; x_wconf 87' lang='lat' dir='ltr'><strong>erit,</strong></span> <span class='ocrx_word' id='word_1_330' title='bbox 1891 4965 1952 5037; x_wconf 91' lang='lat' dir='ltr'><strong>si</strong></span> <span class='ocrx_word' id='word_1_331' title='bbox 2019 4987 2186 5039; x_wconf 90' lang='lat' dir='ltr'><strong>cum</strong></span> <span class='ocrx_word' id='word_1_332' title='bbox 2223 4963 2487 5038; x_wconf 84' lang='lat' dir='ltr'><strong>ceteris</strong></span> <span class='ocrx_word' id='word_1_333' title='bbox 2526 4961 2819 5059; x_wconf 83' lang='lat' dir='ltr'><strong>legibus</strong></span> <span class='ocrx_word' id='word_1_334' title='bbox 2858 4961 3125 5036; x_wconf 85' lang='lat' dir='ltr'><strong>consti-</strong></span> 
     </span>
     <span class='ocr_line' id='line_1_36' title="bbox 353 5085 3129 5188; baseline 0.001 -27"><span class='ocrx_word' id='word_1_335' title='bbox 353 5086 533 5162; x_wconf 86' lang='lat' dir='ltr'><strong>tutis</strong></span> <span class='ocrx_word' id='word_1_336' title='bbox 579 5098 754 5188; x_wconf 88' lang='lat' dir='ltr'><strong>apte</strong></span> <span class='ocrx_word' id='word_1_337' title='bbox 791 5086 1210 5162; x_wconf 87' lang='lat' dir='ltr'><strong>cohaereat.</strong></span> <span class='ocrx_word' id='word_1_338' title='bbox 1252 5144 1267 5161; x_wconf 92' lang='lat'><strong>.</strong></span> <span class='ocrx_word' id='word_1_339' title='bbox 1312 5145 1325 5160; x_wconf 94' lang='lat'><strong>.</strong></span> <span class='ocrx_word' id='word_1_340' title='bbox 1367 5143 1382 5162; x_wconf 92' lang='lat'><strong>.</strong></span> <span class='ocrx_word' id='word_1_341' title='bbox 1424 5086 1772 5162; x_wconf 89' lang='lat' dir='ltr'><strong>Proderit</strong></span> <span class='ocrx_word' id='word_1_342' title='bbox 1820 5112 2003 5163; x_wconf 88' lang='lat' dir='ltr'><strong>vero</strong></span> <span class='ocrx_word' id='word_1_343' title='bbox 2043 5085 2240 5164; x_wconf 86' lang='lat' dir='ltr'><strong>civili</strong></span> <span class='ocrx_word' id='word_1_344' title='bbox 2280 5087 2612 5163; x_wconf 85' lang='lat' dir='ltr'><strong>societati</strong></span> <span class='ocrx_word' id='word_1_345' title='bbox 2633 5143 2652 5182; x_wconf 90' lang='lat'><strong>,</strong></span> <span class='ocrx_word' id='word_1_346' title='bbox 2711 5087 2776 5161; x_wconf 85' lang='lat' dir='ltr'><strong>si</strong></span> <span class='ocrx_word' id='word_1_347' title='bbox 2813 5086 2934 5161; x_wconf 86' lang='lat' dir='ltr'><strong>lex</strong></span> <span class='ocrx_word' id='word_1_348' title='bbox 2973 5111 3129 5163; x_wconf 91' lang='lat' dir='ltr'><strong>non</strong></span> 
     </span>
     <span class='ocr_line' id='line_1_37' title="bbox 357 5209 3128 5314; baseline 0 -26"><span class='ocrx_word' id='word_1_349' title='bbox 357 5211 455 5288; x_wconf 92' lang='lat' dir='ltr'><strong>ad</strong></span> <span class='ocrx_word' id='word_1_350' title='bbox 492 5211 711 5290; x_wconf 85' lang='lat' dir='ltr'><strong>unius</strong></span> <span class='ocrx_word' id='word_1_351' title='bbox 768 5209 1232 5290; x_wconf 89' lang='lat' dir='ltr'><strong>dominatum</strong></span> <span class='ocrx_word' id='word_1_352' title='bbox 1287 5223 1757 5313; x_wconf 89' lang='lat' dir='ltr'><strong>comparata,</strong></span> <span class='ocrx_word' id='word_1_353' title='bbox 1814 5237 2058 5314; x_wconf 88' lang='lat' dir='ltr'><strong>neque</strong></span> <span class='ocrx_word' id='word_1_354' title='bbox 2098 5213 2192 5290; x_wconf 92' lang='lat' dir='ltr'><strong>ad</strong></span> <span class='ocrx_word' id='word_1_355' title='bbox 2229 5212 2598 5314; x_wconf 88' lang='lat' dir='ltr'><strong>privatam</strong></span> <span class='ocrx_word' id='word_1_356' title='bbox 2637 5209 3128 5310; x_wconf 82' lang='lat' dir='ltr'><strong>quorundam,</strong></span> 
     </span>
    </p>
   </div>
  </div>
 </body>
</html>
