<?xml version="1.0" encoding="UTF-8"?>
<!DOCTYPE html PUBLIC "-//W3C//DTD XHTML 1.0 Transitional//EN"
    "http://www.w3.org/TR/xhtml1/DTD/xhtml1-transitional.dtd">
<html xmlns="http://www.w3.org/1999/xhtml" xml:lang="en" lang="en">
 <head>
  <title>
</title>
<meta http-equiv="Content-Type" content="text/html;charset=utf-8" />
  <meta name='ocr-system' content='tesseract 3.04.00' />
  <meta name='ocr-capabilities' content='ocr_page ocr_carea ocr_par ocr_line ocrx_word'/>
</head>
<body>
  <div class='ocr_page' id='page_1' title='image "./synaggtnattiknn01tlgoog_0451.png"; bbox 0 0 3725 5850; ppageno 0'>
   <div class='ocr_carea' id='block_1_1' title="bbox 1064 398 3024 477">
    <p class='ocr_par' dir='ltr' id='par_1_1' title="bbox 1064 398 3024 477">
     <span class='ocr_line' id='line_1_1' title="bbox 1064 398 3024 477; baseline -0.001 -3"><span class='ocrx_word' id='word_1_1' title='bbox 1064 422 1681 477; x_wconf 73' lang='lat' dir='ltr'><strong>coMMENTARms</strong></span> <span class='ocrx_word' id='word_1_2' title='bbox 1723 422 1829 475; x_wconf 79' lang='lat' dir='ltr'><strong>AD</strong></span> <span class='ocrx_word' id='word_1_3' title='bbox 1858 422 1956 477; x_wconf 66' lang='lat'><strong>58.</strong></span> <span class='ocrx_word' id='word_1_4' title='bbox 1995 423 2086 477; x_wconf 80' lang='lat'><strong>60.</strong></span> <span class='ocrx_word' id='word_1_5' title='bbox 2129 421 2218 476; x_wconf 79' lang='lat'><strong>69.</strong></span> <span class='ocrx_word' id='word_1_6' title='bbox 2871 398 3024 474; x_wconf 74' lang='lat'><strong>425</strong></span> 
     </span>
    </p>
   </div>
   <div class='ocr_carea' id='block_1_2' title="bbox 275 578 3026 844">
    <p class='ocr_par' dir='ltr' id='par_1_2' title="bbox 275 578 3026 844">
     <span class='ocr_line' id='line_1_2' title="bbox 276 578 3026 718; baseline 0.003 -34"><span class='ocrx_word' id='word_1_7' title='bbox 276 613 594 709; x_wconf 72' lang='grc' dir='ltr'><strong>ρουσία).</strong></span> <span class='ocrx_word' id='word_1_8' title='bbox 677 616 943 715; x_wconf 81' lang='lat' dir='ltr'><strong>„Unus</strong></span> <span class='ocrx_word' id='word_1_9' title='bbox 1002 578 1107 694; x_wconf 30' lang='lat' dir='ltr'><strong>ex¹</strong></span> <span class='ocrx_word' id='word_1_10' title='bbox 1154 616 1285 693; x_wconf 86' lang='lat' dir='ltr'><strong>illo</strong></span> <span class='ocrx_word' id='word_1_11' title='bbox 1344 616 1773 718; x_wconf 79' lang='lat' dir='ltr'>principum</span> <span class='ocrx_word' id='word_1_12' title='bbox 1830 616 2092 693; x_wconf 86' lang='lat' dir='ltr'><strong>ordine</strong></span> <span class='ocrx_word' id='word_1_13' title='bbox 2116 675 2134 712; x_wconf 90' lang='lat'>,</span> <span class='ocrx_word' id='word_1_14' title='bbox 2214 639 2400 717; x_wconf 86' lang='lat' dir='ltr'><strong>quos</strong></span> <span class='ocrx_word' id='word_1_15' title='bbox 2457 615 3026 692; x_wconf 85' lang='lat' dir='ltr'><strong>Lacedaemonii</strong></span> 
     </span>
     <span class='ocr_line' id='line_1_3' title="bbox 275 740 3024 844; baseline 0 -29"><span class='ocrx_word' id='word_1_16' title='bbox 275 750 541 836; x_wconf 84' lang='lat' dir='ltr'><strong>aetate,</strong></span> <span class='ocrx_word' id='word_1_17' title='bbox 602 740 1125 843; x_wconf 81' lang='lat' dir='ltr'><strong>dignitatisque</strong></span> <span class='ocrx_word' id='word_1_18' title='bbox 1163 742 1592 843; x_wconf 84' lang='lat' dir='ltr'><strong>majestate,</strong></span> <span class='ocrx_word' id='word_1_19' title='bbox 1650 754 2030 844; x_wconf 81' lang='lat' dir='ltr'><strong>tamquam</strong></span> <span class='ocrx_word' id='word_1_20' title='bbox 2085 741 2533 818; x_wconf 81' lang='lat' dir='ltr'><strong>arbitros</strong></span> <span class='ocrx_word' id='word_1_21' title='bbox 2588 752 2680 817; x_wconf 84' lang='lat' dir='ltr'><strong>et</strong></span> <span class='ocrx_word' id='word_1_22' title='bbox 2733 768 2805 816; x_wconf 90' lang='lat' dir='ltr'><strong>m</strong></span> <span class='ocrx_word' id='word_1_23' title='bbox 2833 768 2879 817; x_wconf 89' lang='lat' dir='ltr'><strong>a</strong></span> <span class='ocrx_word' id='word_1_24' title='bbox 2895 742 3024 839; x_wconf 85' lang='lat' dir='ltr'><strong>gi-</strong></span> 
     </span>
    </p>
   </div>
   <div class='ocr_carea' id='block_1_3' title="bbox 274 864 3025 971">
    <p class='ocr_par' dir='ltr' id='par_1_3' title="bbox 274 864 3025 971">
     <span class='ocr_line' id='line_1_4' title="bbox 274 864 3025 971; baseline 0 -29"><span class='ocrx_word' id='word_1_25' title='bbox 274 876 521 944; x_wconf 85' lang='lat' dir='ltr'><strong>stros</strong></span> <span class='ocrx_word' id='word_1_26' title='bbox 594 868 1205 971; x_wconf 86' lang='lat' dir='ltr'><strong>disciplinae</strong></span> <span class='ocrx_word' id='word_1_27' title='bbox 1278 867 1746 971; x_wconf 83' lang='lat' dir='ltr'><strong>publicae</strong></span> <span class='ocrx_word' id='word_1_28' title='bbox 1820 866 2354 947; x_wconf 82' lang='lat' dir='ltr'><strong>verebantur.“</strong></span> <span class='ocrx_word' id='word_1_29' title='bbox 2452 864 2760 962; x_wconf 72' lang='lat' dir='ltr'><strong>(Genus</strong></span> <span class='ocrx_word' id='word_1_30' title='bbox 2811 866 3025 945; x_wconf 83' lang='lat' dir='ltr'><strong>Noct.</strong></span> 
     </span>
    </p>
   </div>
   <div class='ocr_carea' id='block_1_4' title="bbox 274 988 1797 1183">
    <p class='ocr_par' dir='ltr' id='par_1_4' title="bbox 274 988 1797 1183">
     <span class='ocr_line' id='line_1_5' title="bbox 274 988 1797 1183; baseline 0 -110"><span class='ocrx_word' id='word_1_31' title='bbox 274 988 426 1073; x_wconf 87' lang='lat' dir='ltr'><strong>Act.</strong></span> <span class='ocrx_word' id='word_1_32' title='bbox 461 991 747 1093; x_wconf 89' lang='lat' dir='ltr'>XVIII,</span> <span class='ocrx_word' id='word_1_33' title='bbox 788 994 902 1090; x_wconf 86' lang='lat'><strong>3.)</strong></span> <span class='ocrx_word' id='word_1_34' title='bbox 1458 1096 1611 1181; x_wconf 60' lang='lat' dir='ltr'><strong>Ad</strong></span> <span class='ocrx_word' id='word_1_35' title='bbox 1664 1099 1797 1183; x_wconf 63' lang='lat'><strong>⁵8</strong></span> 
     </span>
    </p>
   </div>
   <div class='ocr_carea' id='block_1_5' title="bbox 265 1256 3028 1739">
    <p class='ocr_par' dir='ltr' id='par_1_5' title="bbox 265 1256 3028 1739">
     <span class='ocr_line' id='line_1_6' title="bbox 472 1256 3028 1365; baseline -0.001 -27"><span class='ocrx_word' id='word_1_36' title='bbox 472 1262 776 1341; x_wconf 82' lang='lat' dir='ltr'><strong>Bekkcr</strong></span> <span class='ocrx_word' id='word_1_37' title='bbox 832 1262 1117 1342; x_wconf 88' lang='lat' dir='ltr'><strong>Anecd.</strong></span> <span class='ocrx_word' id='word_1_38' title='bbox 1177 1268 1289 1365; x_wconf 76' lang='lat' dir='ltr'><strong>gr.</strong></span> <span class='ocrx_word' id='word_1_39' title='bbox 1330 1265 1386 1343; x_wconf 91' lang='lat' dir='ltr'><strong>I.</strong></span> <span class='ocrx_word' id='word_1_40' title='bbox 1444 1292 1519 1365; x_wconf 85' lang='lat' dir='ltr'><strong>p.</strong></span> <span class='ocrx_word' id='word_1_41' title='bbox 1559 1265 1757 1341; x_wconf 76' lang='lat'>252:</span> <span class='ocrx_word' id='word_1_42' title='bbox 1804 1256 2294 1338; x_wconf 73' lang='grc' dir='ltr'><strong><em>Ἐπίθετα</em></strong></span> <span class='ocrx_word' id='word_1_43' title='bbox 2320 1285 2336 1305; x_wconf 91' lang='grc'><em>·</em></span> <span class='ocrx_word' id='word_1_44' title='bbox 2391 1258 2486 1338; x_wconf 78' lang='grc' dir='ltr'><strong>τοὶ</strong></span> <span class='ocrx_word' id='word_1_45' title='bbox 2546 1256 2706 1339; x_wconf 79' lang='grc' dir='ltr'><strong>οὐκ</strong></span> <span class='ocrx_word' id='word_1_46' title='bbox 2741 1266 2834 1338; x_wconf 79' lang='grc' dir='ltr'><strong>ἐκ</strong></span> <span class='ocrx_word' id='word_1_47' title='bbox 2871 1258 3028 1336; x_wconf 74' lang='grc' dir='ltr'><strong>τῶν</strong></span> 
     </span>
     <span class='ocr_line' id='line_1_7' title="bbox 270 1380 3022 1492; baseline 0 -31"><span class='ocrx_word' id='word_1_48' title='bbox 270 1380 527 1482; x_wconf 88' lang='grc' dir='ltr'><strong><em>νόμων</em></strong></span> <span class='ocrx_word' id='word_1_49' title='bbox 578 1390 673 1483; x_wconf 81' lang='grc' dir='ltr'><strong>τῇ</strong></span> <span class='ocrx_word' id='word_1_50' title='bbox 736 1386 989 1485; x_wconf 81' lang='grc' dir='ltr'><strong><em>βουλῇ</em></strong></span> <span class='ocrx_word' id='word_1_51' title='bbox 1061 1394 1677 1492; x_wconf 78' lang='grc' dir='ltr'><strong><em>προστεταγμένα</em></strong></span> <span class='ocrx_word' id='word_1_52' title='bbox 1736 1394 1814 1479; x_wconf 77' lang='grc' dir='ltr'><strong>ἐξ</strong></span> <span class='ocrx_word' id='word_1_53' title='bbox 1872 1384 2150 1489; x_wconf 79' lang='grc' dir='ltr'><em>ἀρχῆς,</em></span> <span class='ocrx_word' id='word_1_54' title='bbox 2229 1383 2428 1463; x_wconf 77' lang='grc' dir='ltr'><strong><em>ἀλλὰ</em></strong></span> <span class='ocrx_word' id='word_1_55' title='bbox 2485 1392 3022 1489; x_wconf 77' lang='grc' dir='ltr'><strong>προστεθέντα.</strong></span> 
     </span>
     <span class='ocr_line' id='line_1_8' title="bbox 267 1504 3023 1618; baseline 0.004 -35"><span class='ocrx_word' id='word_1_56' title='bbox 267 1504 678 1605; x_wconf 75' lang='grc' dir='ltr'><strong><em>(Ἐπὶθετα</em></strong></span> <span class='ocrx_word' id='word_1_57' title='bbox 715 1526 908 1612; x_wconf 89' lang='lat' dir='ltr'><strong>sunt,</strong></span> <span class='ocrx_word' id='word_1_58' title='bbox 949 1542 1138 1617; x_wconf 90' lang='lat' dir='ltr'><strong>quae</strong></span> <span class='ocrx_word' id='word_1_59' title='bbox 1176 1543 1332 1594; x_wconf 90' lang='lat' dir='ltr'><strong>non</strong></span> <span class='ocrx_word' id='word_1_60' title='bbox 1366 1542 1407 1594; x_wconf 91' lang='lat' dir='ltr'><strong>e</strong></span> <span class='ocrx_word' id='word_1_61' title='bbox 1438 1517 1733 1618; x_wconf 84' lang='lat' dir='ltr'><strong>legibus</strong></span> <span class='ocrx_word' id='word_1_62' title='bbox 1771 1517 2068 1597; x_wconf 89' lang='lat' dir='ltr'><strong>fuerant</strong></span> <span class='ocrx_word' id='word_1_63' title='bbox 2103 1518 2202 1595; x_wconf 88' lang='lat' dir='ltr'><strong>ab</strong></span> <span class='ocrx_word' id='word_1_64' title='bbox 2237 1518 2452 1596; x_wconf 90' lang='lat' dir='ltr'><strong>initio</strong></span> <span class='ocrx_word' id='word_1_65' title='bbox 2491 1515 2781 1598; x_wconf 89' lang='lat' dir='ltr'><strong>senatui</strong></span> <span class='ocrx_word' id='word_1_66' title='bbox 2817 1542 3023 1596; x_wconf 83' lang='lat' dir='ltr'><strong>man-</strong></span> 
     </span>
     <span class='ocr_line' id='line_1_9' title="bbox 265 1638 1321 1739; baseline 0.005 -23"><span class='ocrx_word' id='word_1_67' title='bbox 265 1638 467 1736; x_wconf 85' lang='lat' dir='ltr'><strong>data,</strong></span> <span class='ocrx_word' id='word_1_68' title='bbox 528 1638 660 1718; x_wconf 86' lang='lat' dir='ltr'><strong>sed</strong></span> <span class='ocrx_word' id='word_1_69' title='bbox 698 1638 969 1721; x_wconf 87' lang='lat' dir='ltr'><strong>deinde</strong></span> <span class='ocrx_word' id='word_1_70' title='bbox 1007 1640 1321 1739; x_wconf 83' lang='lat' dir='ltr'><strong>addita.)</strong></span> 
     </span>
    </p>
   </div>
   <div class='ocr_carea' id='block_1_6' title="bbox 468 1800 3030 2068">
    <p class='ocr_par' dir='ltr' id='par_1_6' title="bbox 468 1800 3030 2068">
     <span class='ocr_line' id='line_1_10' title="bbox 1466 1800 1837 1887; baseline 0.005 -2"><span class='ocrx_word' id='word_1_71' title='bbox 1466 1800 1621 1886; x_wconf 69' lang='lat' dir='ltr'><strong>Ad</strong></span> <span class='ocrx_word' id='word_1_72' title='bbox 1675 1804 1837 1887; x_wconf 76' lang='grc'><strong>60.</strong></span> 
     </span>
     <span class='ocr_line' id='line_1_11' title="bbox 468 1959 3030 2068; baseline 0 -27"><span class='ocrx_word' id='word_1_73' title='bbox 468 1962 770 2043; x_wconf 84' lang='lat' dir='ltr'><strong>Bekker</strong></span> <span class='ocrx_word' id='word_1_74' title='bbox 808 1963 1091 2045; x_wconf 86' lang='lat' dir='ltr'><strong>Anecd.</strong></span> <span class='ocrx_word' id='word_1_75' title='bbox 1147 1992 1258 2064; x_wconf 86' lang='lat' dir='ltr'><strong>gr.</strong></span> <span class='ocrx_word' id='word_1_76' title='bbox 1298 1968 1357 2045; x_wconf 90' lang='grc' dir='ltr'><strong>Ι.</strong></span> <span class='ocrx_word' id='word_1_77' title='bbox 1413 1994 1490 2067; x_wconf 91' lang='lat' dir='ltr'><strong>p.</strong></span> <span class='ocrx_word' id='word_1_78' title='bbox 1528 1968 1707 2045; x_wconf 83' lang='lat'><strong>311.</strong></span> <span class='ocrx_word' id='word_1_79' title='bbox 1787 1969 1988 2065; x_wconf 78' lang='grc' dir='ltr'><em>Περὶ</em></span> <span class='ocrx_word' id='word_1_80' title='bbox 2036 1959 2354 2066; x_wconf 79' lang='grc' dir='ltr'><strong><em>Ἀρείου</em></strong></span> <span class='ocrx_word' id='word_1_81' title='bbox 2391 1962 2648 2068; x_wconf 79' lang='grc' dir='ltr'><strong><em>πάγου</em></strong></span> <span class='ocrx_word' id='word_1_82' title='bbox 2687 2026 2703 2046; x_wconf 94' lang='grc'><strong>.</strong></span> <span class='ocrx_word' id='word_1_83' title='bbox 2743 2024 2760 2045; x_wconf 93' lang='grc'><strong>.</strong></span> <span class='ocrx_word' id='word_1_84' title='bbox 2805 2024 2820 2039; x_wconf 93' lang='grc'><strong>.</strong></span> <span class='ocrx_word' id='word_1_85' title='bbox 2865 2024 2878 2039; x_wconf 96' lang='grc'><strong>.</strong></span> <span class='ocrx_word' id='word_1_86' title='bbox 2921 1968 3030 2052; x_wconf 77' lang='grc' dir='ltr'><strong>εἰς</strong></span> 
     </span>
    </p>
   </div>
   <div class='ocr_carea' id='block_1_7' title="bbox 258 2082 3054 2698">
    <p class='ocr_par' dir='ltr' id='par_1_7' title="bbox 258 2082 3054 2562">
     <span class='ocr_line' id='line_1_12' title="bbox 261 2082 3054 2196; baseline 0.001 -33"><span class='ocrx_word' id='word_1_87' title='bbox 261 2084 543 2179; x_wconf 79' lang='grc' dir='ltr'><strong><em>ταύτην</em></strong></span> <span class='ocrx_word' id='word_1_88' title='bbox 601 2082 1173 2188; x_wconf 78' lang='grc' dir='ltr'><em>ἀναβαίνουσιν</em></span> <span class='ocrx_word' id='word_1_89' title='bbox 1230 2092 1305 2165; x_wconf 80' lang='grc' dir='ltr'><strong>οἱ</strong></span> <span class='ocrx_word' id='word_1_90' title='bbox 1361 2089 1621 2177; x_wconf 75' lang='grc' dir='ltr'><strong><em>καλῶς</em></strong></span> <span class='ocrx_word' id='word_1_91' title='bbox 1676 2082 2044 2191; x_wconf 72' lang='grc' dir='ltr'><strong><em>ἄρξαντες</em></strong></span> <span class='ocrx_word' id='word_1_92' title='bbox 2107 2098 2625 2189; x_wconf 72' lang='grc' dir='ltr'><strong><em>θεσμοθέται,</em></strong></span> <span class='ocrx_word' id='word_1_93' title='bbox 2685 2088 3054 2196; x_wconf 57' lang='grc' dir='ltr'><strong>ἀνυπεύ-ι</strong></span> 
     </span>
     <span class='ocr_line' id='line_1_13' title="bbox 262 2211 3031 2320; baseline 0.002 -31"><span class='ocrx_word' id='word_1_94' title='bbox 262 2220 497 2289; x_wconf 77' lang='grc' dir='ltr'><strong><em>θυνοι</em></strong></span> <span class='ocrx_word' id='word_1_95' title='bbox 553 2211 981 2317; x_wconf 80' lang='grc' dir='ltr'><strong><em>γενόμενοι.</em></strong></span> <span class='ocrx_word' id='word_1_96' title='bbox 1077 2219 1169 2296; x_wconf 93' lang='lat' dir='ltr'><strong>In</strong></span> <span class='ocrx_word' id='word_1_97' title='bbox 1226 2216 1707 2319; x_wconf 83' lang='lat' dir='ltr'><strong>Areopagum</strong></span> <span class='ocrx_word' id='word_1_98' title='bbox 1782 2218 2204 2297; x_wconf 86' lang='lat' dir='ltr'><strong>ascendunt</strong></span> <span class='ocrx_word' id='word_1_99' title='bbox 2258 2219 2842 2313; x_wconf 80' lang='lat' dir='ltr'><strong>thesmothetae‚</strong></span> <span class='ocrx_word' id='word_1_100' title='bbox 2901 2220 3031 2320; x_wconf 92' lang='lat' dir='ltr'><strong>qui</strong></span> 
     </span>
     <span class='ocr_line' id='line_1_14' title="bbox 258 2343 3030 2445; baseline 0 -26"><span class='ocrx_word' id='word_1_101' title='bbox 258 2344 567 2419; x_wconf 85' lang='lat' dir='ltr'><strong>honeste</strong></span> <span class='ocrx_word' id='word_1_102' title='bbox 622 2344 1139 2441; x_wconf 83' lang='lat' dir='ltr'><strong>magistratum</strong></span> <span class='ocrx_word' id='word_1_103' title='bbox 1210 2353 1607 2443; x_wconf 84' lang='lat' dir='ltr'><strong>gesserunt</strong></span> <span class='ocrx_word' id='word_1_104' title='bbox 1662 2355 1739 2423; x_wconf 86' lang='lat' dir='ltr'><strong>et</strong></span> <span class='ocrx_word' id='word_1_105' title='bbox 1792 2370 1948 2423; x_wconf 89' lang='lat' dir='ltr'><strong>non</strong></span> <span class='ocrx_word' id='word_1_106' title='bbox 2001 2344 2324 2445; x_wconf 84' lang='lat' dir='ltr'><strong>amplius</strong></span> <span class='ocrx_word' id='word_1_107' title='bbox 2377 2356 2554 2425; x_wconf 84' lang='lat' dir='ltr'><strong>sunt</strong></span> <span class='ocrx_word' id='word_1_108' title='bbox 2611 2343 3030 2423; x_wconf 87' lang='lat' dir='ltr'><strong>rationibus</strong></span> 
     </span>
     <span class='ocr_line' id='line_1_15' title="bbox 261 2468 631 2562; baseline -0.005 -18"><span class='ocrx_word' id='word_1_109' title='bbox 261 2468 631 2562; x_wconf 84' lang='lat' dir='ltr'><strong>obnoxii.)</strong></span> 
     </span>
    </p>

    <p class='ocr_par' dir='ltr' id='par_1_8' title="bbox 472 2593 3027 2698">
     <span class='ocr_line' id='line_1_16' title="bbox 472 2593 3027 2698; baseline 0 -26"><span class='ocrx_word' id='word_1_110' title='bbox 472 2593 614 2672; x_wconf 86' lang='lat' dir='ltr'><strong>Hic</strong></span> <span class='ocrx_word' id='word_1_111' title='bbox 634 2605 888 2673; x_wconf 87' lang='lat' dir='ltr'><strong>tamen</strong></span> <span class='ocrx_word' id='word_1_112' title='bbox 910 2596 1047 2671; x_wconf 91' lang='lat' dir='ltr'><strong>sub</strong></span> <span class='ocrx_word' id='word_1_113' title='bbox 1068 2593 1585 2674; x_wconf 84' lang='lat' dir='ltr'><strong>thesmothetis</strong></span> <span class='ocrx_word' id='word_1_114' title='bbox 1621 2622 1899 2673; x_wconf 87' lang='lat' dir='ltr'><strong>novem</strong></span> <span class='ocrx_word' id='word_1_115' title='bbox 1936 2597 2334 2675; x_wconf 74' lang='lat' dir='ltr'><strong>archontes</strong></span> <span class='ocrx_word' id='word_1_116' title='bbox 2369 2594 2652 2675; x_wconf 84' lang='lat' dir='ltr'><strong>debent</strong></span> <span class='ocrx_word' id='word_1_117' title='bbox 2687 2595 3027 2698; x_wconf 79' lang='lat' dir='ltr'><strong>intelligi.</strong></span> 
     </span>
    </p>
   </div>
   <div class='ocr_carea' id='block_1_8' title="bbox 1457 2806 1827 2901">
    <p class='ocr_par' dir='ltr' id='par_1_9' title="bbox 1457 2806 1827 2901">
     <span class='ocr_line' id='line_1_17' title="bbox 1457 2806 1827 2901; baseline -0.005 -8"><span class='ocrx_word' id='word_1_118' title='bbox 1457 2806 1609 2893; x_wconf 70' lang='lat' dir='ltr'>M</span> <span class='ocrx_word' id='word_1_119' title='bbox 1666 2809 1827 2901; x_wconf 67' lang='lat'><strong>00..</strong></span> 
     </span>
    </p>
   </div>
   <div class='ocr_carea' id='block_1_9' title="bbox 259 2971 3028 3581">
    <p class='ocr_par' dir='ltr' id='par_1_10' title="bbox 259 2971 3028 3581">
     <span class='ocr_line' id='line_1_18' title="bbox 469 2971 3026 3075; baseline -0.001 -23"><span class='ocrx_word' id='word_1_120' title='bbox 469 2971 692 3075; x_wconf 89' lang='lat' dir='ltr'><strong>Apud</strong></span> <span class='ocrx_word' id='word_1_121' title='bbox 730 2974 1363 3052; x_wconf 87' lang='lat' dir='ltr'><strong>Lacedaemonios</strong></span> <span class='ocrx_word' id='word_1_122' title='bbox 1420 2972 1865 3050; x_wconf 79' lang='lat' dir='ltr'><strong>adsidebant</strong></span> <span class='ocrx_word' id='word_1_123' title='bbox 1917 2997 2136 3073; x_wconf 88' lang='lat' dir='ltr'><strong>reges</strong></span> <span class='ocrx_word' id='word_1_124' title='bbox 2189 2973 2780 3052; x_wconf 75' lang='lat' dir='ltr'><strong>deliberantibus</strong></span> <span class='ocrx_word' id='word_1_125' title='bbox 2817 2999 3026 3051; x_wconf 89' lang='lat' dir='ltr'><strong>sena-</strong></span> 
     </span>
     <span class='ocr_line' id='line_1_19' title="bbox 259 3099 3028 3200; baseline 0.001 -27"><span class='ocrx_word' id='word_1_126' title='bbox 259 3099 542 3175; x_wconf 83' lang='lat' dir='ltr'><strong>toribus</strong></span> <span class='ocrx_word' id='word_1_127' title='bbox 566 3155 583 3190; x_wconf 91' lang='lat'>,</span> <span class='ocrx_word' id='word_1_128' title='bbox 642 3100 766 3200; x_wconf 89' lang='lat' dir='ltr'><strong>qui</strong></span> <span class='ocrx_word' id='word_1_129' title='bbox 807 3110 1021 3176; x_wconf 87' lang='lat' dir='ltr'><strong>erant</strong></span> <span class='ocrx_word' id='word_1_130' title='bbox 1057 3124 1367 3175; x_wconf 88' lang='lat' dir='ltr'><strong>numero</strong></span> <span class='ocrx_word' id='word_1_131' title='bbox 1424 3099 2022 3198; x_wconf 80' lang='lat' dir='ltr'><strong>duodetriginta:</strong></span> <span class='ocrx_word' id='word_1_132' title='bbox 2080 3100 2346 3200; x_wconf 89' lang='lat' dir='ltr'><strong>quodsi</strong></span> <span class='ocrx_word' id='word_1_133' title='bbox 2383 3101 2460 3176; x_wconf 91' lang='lat' dir='ltr'><strong>in</strong></span> <span class='ocrx_word' id='word_1_134' title='bbox 2497 3112 2841 3177; x_wconf 87' lang='lat' dir='ltr'><strong>senatum</strong></span> <span class='ocrx_word' id='word_1_135' title='bbox 2878 3127 3028 3176; x_wconf 89' lang='lat' dir='ltr'><strong>non</strong></span> 
     </span>
     <span class='ocr_line' id='line_1_20' title="bbox 260 3224 3026 3327; baseline 0.001 -29"><span class='ocrx_word' id='word_1_136' title='bbox 260 3225 637 3300; x_wconf 86' lang='lat' dir='ltr'><strong>venissent</strong></span> <span class='ocrx_word' id='word_1_137' title='bbox 656 3281 675 3318; x_wconf 85' lang='lat'>‚</span> <span class='ocrx_word' id='word_1_138' title='bbox 733 3224 808 3300; x_wconf 91' lang='lat' dir='ltr'><strong>hi</strong></span> <span class='ocrx_word' id='word_1_139' title='bbox 846 3251 887 3301; x_wconf 90' lang='lat' dir='ltr'><strong>e</strong></span> <span class='ocrx_word' id='word_1_140' title='bbox 930 3227 1401 3303; x_wconf 87' lang='lat' dir='ltr'><strong>senatoribus</strong></span> <span class='ocrx_word' id='word_1_141' title='bbox 1423 3284 1441 3321; x_wconf 90' lang='lat'>,</span> <span class='ocrx_word' id='word_1_142' title='bbox 1501 3227 1621 3326; x_wconf 89' lang='lat' dir='ltr'><strong>qui</strong></span> <span class='ocrx_word' id='word_1_143' title='bbox 1682 3226 2008 3327; x_wconf 82' lang='lat' dir='ltr'><strong>proximi</strong></span> <span class='ocrx_word' id='word_1_144' title='bbox 2056 3253 2186 3302; x_wconf 89' lang='lat' dir='ltr'><strong>eos</strong></span> <span class='ocrx_word' id='word_1_145' title='bbox 2223 3227 2671 3322; x_wconf 79' lang='lat' dir='ltr'><strong>cognatione</strong></span> <span class='ocrx_word' id='word_1_146' title='bbox 2709 3225 3026 3325; x_wconf 83' lang='lat' dir='ltr'><strong>attinge·</strong></span> 
     </span>
     <span class='ocr_line' id='line_1_21' title="bbox 259 3350 3028 3455; baseline 0.001 -29"><span class='ocrx_word' id='word_1_147' title='bbox 259 3350 463 3444; x_wconf 86' lang='lat' dir='ltr'><strong>bant,</strong></span> <span class='ocrx_word' id='word_1_148' title='bbox 499 3378 765 3450; x_wconf 84' lang='lat' dir='ltr'><strong>regum</strong></span> <span class='ocrx_word' id='word_1_149' title='bbox 800 3353 1183 3429; x_wconf 83' lang='lat' dir='ltr'><strong>habebant</strong></span> <span class='ocrx_word' id='word_1_150' title='bbox 1214 3352 1565 3448; x_wconf 78' lang='lat' dir='ltr'><strong>honores,</strong></span> <span class='ocrx_word' id='word_1_151' title='bbox 1609 3364 1683 3428; x_wconf 89' lang='lat' dir='ltr'><strong>et</strong></span> <span class='ocrx_word' id='word_1_152' title='bbox 1702 3352 1852 3428; x_wconf 89' lang='lat' dir='ltr'><strong>duo</strong></span> <span class='ocrx_word' id='word_1_153' title='bbox 1885 3351 2244 3451; x_wconf 83' lang='lat' dir='ltr'><strong>suffragia</strong></span> <span class='ocrx_word' id='word_1_154' title='bbox 2279 3353 2778 3448; x_wconf 81' lang='lat' dir='ltr'><strong>contulerunt,</strong></span> <span class='ocrx_word' id='word_1_155' title='bbox 2817 3377 3028 3455; x_wconf 84' lang='lat' dir='ltr'><strong>prae-</strong></span> 
     </span>
     <span class='ocr_line' id='line_1_22' title="bbox 259 3477 2707 3581; baseline 0.002 -31"><span class='ocrx_word' id='word_1_156' title='bbox 259 3486 607 3578; x_wconf 89' lang='lat' dir='ltr'><strong>tereaque</strong></span> <span class='ocrx_word' id='word_1_157' title='bbox 646 3479 983 3568; x_wconf 82' lang='lat' dir='ltr'><strong>tertium,</strong></span> <span class='ocrx_word' id='word_1_158' title='bbox 1040 3505 1257 3556; x_wconf 90' lang='lat' dir='ltr'><strong>suum</strong></span> <span class='ocrx_word' id='word_1_159' title='bbox 1296 3480 1644 3581; x_wconf 88' lang='lat' dir='ltr'><strong>ipsorum.</strong></span> <span class='ocrx_word' id='word_1_160' title='bbox 1705 3479 1819 3572; x_wconf 86' lang='grc' dir='ltr'><strong>(Η</strong></span> <span class='ocrx_word' id='word_1_161' title='bbox 1842 3503 2002 3556; x_wconf 91' lang='lat' dir='ltr'><strong>ero</strong></span> <span class='ocrx_word' id='word_1_162' title='bbox 2028 3477 2140 3554; x_wconf 91' lang='lat' dir='ltr'><strong>do</strong></span> <span class='ocrx_word' id='word_1_163' title='bbox 2164 3489 2212 3553; x_wconf 89' lang='lat' dir='ltr'><strong>t.</strong></span> <span class='ocrx_word' id='word_1_164' title='bbox 2251 3477 2384 3572; x_wconf 83' lang='lat' dir='ltr'><strong>Vl,</strong></span> <span class='ocrx_word' id='word_1_165' title='bbox 2429 3479 2551 3575; x_wconf 87' lang='lat'><strong>57,</strong></span> <span class='ocrx_word' id='word_1_166' title='bbox 2594 3481 2707 3572; x_wconf 87' lang='grc'><strong>6.)</strong></span> 
     </span>
    </p>
   </div>
   <div class='ocr_carea' id='block_1_10' title="bbox 260 3615 3030 4101">
    <p class='ocr_par' dir='ltr' id='par_1_11' title="bbox 260 3615 3030 4101">
     <span class='ocr_line' id='line_1_23' title="bbox 472 3615 3028 3724; baseline -0 -29"><span class='ocrx_word' id='word_1_167' title='bbox 472 3619 715 3697; x_wconf 87' lang='lat' dir='ltr'><strong>Schol.</strong></span> <span class='ocrx_word' id='word_1_168' title='bbox 754 3620 833 3695; x_wconf 90' lang='lat' dir='ltr'><strong>in</strong></span> <span class='ocrx_word' id='word_1_169' title='bbox 870 3620 1289 3724; x_wconf 79' lang='lat' dir='ltr'><strong>Thucydid.</strong></span> <span class='ocrx_word' id='word_1_170' title='bbox 1330 3623 1387 3713; x_wconf 91' lang='lat' dir='ltr'><strong>I,</strong></span> <span class='ocrx_word' id='word_1_171' title='bbox 1447 3621 1590 3695; x_wconf 80' lang='lat'><strong>20:</strong></span> <span class='ocrx_word' id='word_1_172' title='bbox 1650 3619 1724 3692; x_wconf 81' lang='grc' dir='ltr'><strong>οἱ</strong></span> <span class='ocrx_word' id='word_1_173' title='bbox 1781 3615 2437 3717; x_wconf 76' lang='grc' dir='ltr'><strong>Λακεδαιμονίων</strong></span> <span class='ocrx_word' id='word_1_174' title='bbox 2494 3616 2640 3695; x_wconf 83' lang='grc' dir='ltr'><strong>δύο</strong></span> <span class='ocrx_word' id='word_1_175' title='bbox 2695 3621 3028 3719; x_wconf 78' lang='grc' dir='ltr'><strong><em>βασιλεῖς</em></strong></span> 
     </span>
     <span class='ocr_line' id='line_1_24' title="bbox 262 3739 3030 3848; baseline 0.001 -32"><span class='ocrx_word' id='word_1_176' title='bbox 262 3739 569 3842; x_wconf 79' lang='grc' dir='ltr'><strong><em>ψήφους</em></strong></span> <span class='ocrx_word' id='word_1_177' title='bbox 609 3743 893 3842; x_wconf 68' lang='grc' dir='ltr'><strong><em>ἔφερον</em></strong></span> <span class='ocrx_word' id='word_1_178' title='bbox 928 3751 1015 3820; x_wconf 76' lang='grc' dir='ltr'><strong>ἐν</strong></span> <span class='ocrx_word' id='word_1_179' title='bbox 1050 3743 1141 3842; x_wconf 83' lang='grc' dir='ltr'><strong>τῇ</strong></span> <span class='ocrx_word' id='word_1_180' title='bbox 1182 3746 1544 3848; x_wconf 74' lang='grc' dir='ltr'><strong><em>γερουσίᾳ</em></strong></span> <span class='ocrx_word' id='word_1_181' title='bbox 1595 3741 1950 3843; x_wconf 73' lang='grc' dir='ltr'><strong><em>ἑκάτερος</em></strong></span> <span class='ocrx_word' id='word_1_182' title='bbox 2007 3749 2143 3819; x_wconf 72' lang='grc' dir='ltr'><strong>ἕνα</strong></span> <span class='ocrx_word' id='word_1_183' title='bbox 2159 3800 2182 3834; x_wconf 86' lang='grc'>,</span> <span class='ocrx_word' id='word_1_184' title='bbox 2242 3741 2334 3818; x_wconf 83' lang='grc' dir='ltr'><strong>δι</strong></span> <span class='ocrx_word' id='word_1_185' title='bbox 2356 3775 2460 3819; x_wconf 84' lang='grc' dir='ltr'><strong>ττ</strong></span> <span class='ocrx_word' id='word_1_186' title='bbox 2485 3741 2524 3836; x_wconf 84' lang='grc' dir='ltr'><strong><em>ἡ</em></strong></span> <span class='ocrx_word' id='word_1_187' title='bbox 2550 3771 2598 3820; x_wconf 94' lang='grc' dir='ltr'><em>ν</em></span> <span class='ocrx_word' id='word_1_188' title='bbox 2653 3745 2828 3841; x_wconf 68' lang='grc' dir='ltr'><strong>ἔχο</strong></span> <span class='ocrx_word' id='word_1_189' title='bbox 2851 3773 2958 3821; x_wconf 85' lang='grc' dir='ltr'><strong>ντ</strong></span> <span class='ocrx_word' id='word_1_190' title='bbox 2979 3773 3030 3818; x_wconf 87' lang='grc' dir='ltr'><strong><em>α</em></strong></span> 
     </span>
     <span class='ocr_line' id='line_1_25' title="bbox 262 3867 3026 3972; baseline 0.002 -30"><span class='ocrx_word' id='word_1_191' title='bbox 262 3867 721 3962; x_wconf 84' lang='grc' dir='ltr'><strong><em>δύναμιν.</em></strong></span> <span class='ocrx_word' id='word_1_192' title='bbox 800 3873 1021 3966; x_wconf 86' lang='lat' dir='ltr'><strong>(Duo</strong></span> <span class='ocrx_word' id='word_1_193' title='bbox 1078 3873 1837 3950; x_wconf 85' lang='lat' dir='ltr'><strong>Lacedaemoniorum</strong></span> <span class='ocrx_word' id='word_1_194' title='bbox 1894 3897 2111 3972; x_wconf 85' lang='lat' dir='ltr'><strong>reges</strong></span> <span class='ocrx_word' id='word_1_195' title='bbox 2168 3874 2492 3950; x_wconf 85' lang='lat' dir='ltr'><strong>calculos</strong></span> <span class='ocrx_word' id='word_1_196' title='bbox 2551 3875 2897 3951; x_wconf 90' lang='lat' dir='ltr'><strong>ferebant</strong></span> <span class='ocrx_word' id='word_1_197' title='bbox 2951 3873 3026 3949; x_wconf 91' lang='lat' dir='ltr'><strong>in</strong></span> 
     </span>
     <span class='ocr_line' id='line_1_26' title="bbox 260 3999 2326 4101; baseline 0 -27"><span class='ocrx_word' id='word_1_198' title='bbox 260 4009 519 4074; x_wconf 86' lang='lat' dir='ltr'><strong>senatu</strong></span> <span class='ocrx_word' id='word_1_199' title='bbox 556 4007 865 4099; x_wconf 85' lang='lat' dir='ltr'><strong>uterque</strong></span> <span class='ocrx_word' id='word_1_200' title='bbox 904 4025 1137 4074; x_wconf 90' lang='lat' dir='ltr'><strong>unum</strong></span> <span class='ocrx_word' id='word_1_201' title='bbox 1160 4057 1178 4094; x_wconf 90' lang='lat'>,</span> <span class='ocrx_word' id='word_1_202' title='bbox 1237 4000 1361 4100; x_wconf 92' lang='lat' dir='ltr'><strong>qui</strong></span> <span class='ocrx_word' id='word_1_203' title='bbox 1402 3999 1707 4101; x_wconf 85' lang='lat' dir='ltr'><strong>duplam</strong></span> <span class='ocrx_word' id='word_1_204' title='bbox 1745 3999 2074 4077; x_wconf 87' lang='lat' dir='ltr'><strong>habebat</strong></span> <span class='ocrx_word' id='word_1_205' title='bbox 2109 4000 2326 4093; x_wconf 80' lang='lat' dir='ltr'><strong>vim.)</strong></span> 
     </span>
    </p>
   </div>
   <div class='ocr_carea' id='block_1_11' title="bbox 255 4139 3027 4622">
    <p class='ocr_par' dir='ltr' id='par_1_12' title="bbox 255 4139 3027 4622">
     <span class='ocr_line' id='line_1_27' title="bbox 468 4139 3025 4244; baseline 0.002 -28"><span class='ocrx_word' id='word_1_206' title='bbox 468 4139 619 4217; x_wconf 84' lang='lat' dir='ltr'><strong>Sed</strong></span> <span class='ocrx_word' id='word_1_207' title='bbox 674 4142 834 4243; x_wconf 89' lang='lat' dir='ltr'><strong>ipse</strong></span> <span class='ocrx_word' id='word_1_208' title='bbox 890 4141 1371 4244; x_wconf 86' lang='lat' dir='ltr'><strong>Thucydides</strong></span> <span class='ocrx_word' id='word_1_209' title='bbox 1427 4143 1525 4238; x_wconf 87' lang='grc' dir='ltr'><strong>(Ι,</strong></span> <span class='ocrx_word' id='word_1_210' title='bbox 1570 4143 1713 4234; x_wconf 85' lang='grc'><strong>20)</strong></span> <span class='ocrx_word' id='word_1_211' title='bbox 1772 4141 1988 4235; x_wconf 88' lang='lat' dir='ltr'><strong>dicit,</strong></span> <span class='ocrx_word' id='word_1_212' title='bbox 2048 4143 2245 4243; x_wconf 92' lang='lat' dir='ltr'><strong>quod</strong></span> <span class='ocrx_word' id='word_1_213' title='bbox 2295 4144 2568 4238; x_wconf 88' lang='lat' dir='ltr'><strong>multa,</strong></span> <span class='ocrx_word' id='word_1_214' title='bbox 2627 4165 2817 4244; x_wconf 89' lang='lat' dir='ltr'><strong>quae</strong></span> <span class='ocrx_word' id='word_1_215' title='bbox 2855 4168 3025 4220; x_wconf 88' lang='lat' dir='ltr'><strong>nec-</strong></span> 
     </span>
     <span class='ocr_line' id='line_1_28' title="bbox 259 4267 3027 4368; baseline -0.001 -22"><span class='ocrx_word' id='word_1_216' title='bbox 259 4270 435 4346; x_wconf 89' lang='lat' dir='ltr'><strong>dum</strong></span> <span class='ocrx_word' id='word_1_217' title='bbox 470 4278 783 4368; x_wconf 87' lang='lat' dir='ltr'><strong>propter</strong></span> <span class='ocrx_word' id='word_1_218' title='bbox 832 4279 1283 4346; x_wconf 85' lang='lat' dir='ltr'><strong>vetustatem</strong></span> <span class='ocrx_word' id='word_1_219' title='bbox 1332 4267 1694 4346; x_wconf 86' lang='lat' dir='ltr'><strong>memoria</strong></span> <span class='ocrx_word' id='word_1_220' title='bbox 1748 4267 2219 4363; x_wconf 83' lang='lat' dir='ltr'><strong>exciderunt,</strong></span> <span class='ocrx_word' id='word_1_221' title='bbox 2279 4267 2506 4346; x_wconf 89' lang='lat' dir='ltr'><strong>ceteri</strong></span> <span class='ocrx_word' id='word_1_222' title='bbox 2545 4267 2817 4346; x_wconf 82' lang='lat' dir='ltr'><strong>Graeci</strong></span> <span class='ocrx_word' id='word_1_223' title='bbox 2872 4296 3027 4345; x_wconf 90' lang='lat' dir='ltr'><strong>non</strong></span> 
     </span>
     <span class='ocr_line' id='line_1_29' title="bbox 255 4394 3024 4494; baseline -0.001 -22"><span class='ocrx_word' id='word_1_224' title='bbox 255 4406 453 4472; x_wconf 88' lang='lat' dir='ltr'><strong>recte</strong></span> <span class='ocrx_word' id='word_1_225' title='bbox 491 4395 931 4494; x_wconf 88' lang='lat' dir='ltr'><strong>opinentur:</strong></span> <span class='ocrx_word' id='word_1_226' title='bbox 989 4395 1223 4471; x_wconf 90' lang='lat' dir='ltr'><strong>veluti</strong></span> <span class='ocrx_word' id='word_1_227' title='bbox 1285 4394 2054 4472; x_wconf 87' lang='lat' dir='ltr'><strong>Lacedaemoniorum</strong></span> <span class='ocrx_word' id='word_1_228' title='bbox 2107 4420 2326 4493; x_wconf 87' lang='lat' dir='ltr'><strong>reges</strong></span> <span class='ocrx_word' id='word_1_229' title='bbox 2371 4395 2450 4470; x_wconf 90' lang='lat' dir='ltr'><strong>in</strong></span> <span class='ocrx_word' id='word_1_230' title='bbox 2487 4395 2860 4494; x_wconf 89' lang='lat' dir='ltr'><strong>suffragiis</strong></span> <span class='ocrx_word' id='word_1_231' title='bbox 2919 4396 3024 4471; x_wconf 89' lang='lat' dir='ltr'><strong>fe-</strong></span> 
     </span>
     <span class='ocr_line' id='line_1_30' title="bbox 258 4519 2436 4622; baseline 0 -25"><span class='ocrx_word' id='word_1_232' title='bbox 258 4521 504 4598; x_wconf 89' lang='lat' dir='ltr'><strong>rendis</strong></span> <span class='ocrx_word' id='word_1_233' title='bbox 542 4543 696 4595; x_wconf 90' lang='lat' dir='ltr'><strong>non</strong></span> <span class='ocrx_word' id='word_1_234' title='bbox 734 4521 1049 4620; x_wconf 85' lang='lat' dir='ltr'><strong>singulis</strong></span> <span class='ocrx_word' id='word_1_235' title='bbox 1090 4547 1458 4622; x_wconf 90' lang='lat' dir='ltr'><strong>quemque</strong></span> <span class='ocrx_word' id='word_1_236' title='bbox 1490 4580 1507 4615; x_wconf 91' lang='lat'>,</span> <span class='ocrx_word' id='word_1_237' title='bbox 1567 4519 1698 4598; x_wconf 88' lang='lat' dir='ltr'><strong>sed</strong></span> <span class='ocrx_word' id='word_1_238' title='bbox 1736 4519 1934 4596; x_wconf 90' lang='lat' dir='ltr'><strong>binis</strong></span> <span class='ocrx_word' id='word_1_239' title='bbox 1972 4519 2079 4595; x_wconf 87' lang='lat' dir='ltr'><strong>uti</strong></span> <span class='ocrx_word' id='word_1_240' title='bbox 2117 4519 2436 4598; x_wconf 88' lang='lat' dir='ltr'><strong>calculis.</strong></span> 
     </span>
    </p>
   </div>
   <div class='ocr_carea' id='block_1_12' title="bbox 258 4664 3025 5272">
    <p class='ocr_par' dir='ltr' id='par_1_13' title="bbox 258 4664 3025 5272">
     <span class='ocr_line' id='line_1_31' title="bbox 468 4664 3025 4765; baseline 0 -25"><span class='ocrx_word' id='word_1_241' title='bbox 468 4665 861 4764; x_wconf 83' lang='lat' dir='ltr'><strong>Lycurgus</strong></span> <span class='ocrx_word' id='word_1_242' title='bbox 920 4675 1297 4742; x_wconf 82' lang='lat' dir='ltr'><strong>senatores</strong></span> <span class='ocrx_word' id='word_1_243' title='bbox 1352 4665 1565 4740; x_wconf 87' lang='lat' dir='ltr'><strong>initio</strong></span> <span class='ocrx_word' id='word_1_244' title='bbox 1622 4691 1718 4742; x_wconf 84' lang='lat' dir='ltr'><strong>ex</strong></span> <span class='ocrx_word' id='word_1_245' title='bbox 1756 4664 1842 4740; x_wconf 87' lang='lat' dir='ltr'><strong>iis</strong></span> <span class='ocrx_word' id='word_1_246' title='bbox 1883 4664 2304 4758; x_wconf 85' lang='lat' dir='ltr'><strong>constituit,</strong></span> <span class='ocrx_word' id='word_1_247' title='bbox 2362 4689 2548 4765; x_wconf 90' lang='lat' dir='ltr'><strong>quos</strong></span> <span class='ocrx_word' id='word_1_248' title='bbox 2586 4666 2874 4742; x_wconf 86' lang='lat' dir='ltr'><strong>consilii</strong></span> <span class='ocrx_word' id='word_1_249' title='bbox 2911 4692 3025 4741; x_wconf 90' lang='lat' dir='ltr'><strong>so-</strong></span> 
     </span>
     <span class='ocr_line' id='line_1_32' title="bbox 261 4789 3021 4892; baseline 0 -26"><span class='ocrx_word' id='word_1_250' title='bbox 261 4794 413 4868; x_wconf 87' lang='lat' dir='ltr'><strong>cios</strong></span> <span class='ocrx_word' id='word_1_251' title='bbox 451 4789 749 4884; x_wconf 80' lang='lat' dir='ltr'><strong>habuit3</strong></span> <span class='ocrx_word' id='word_1_252' title='bbox 807 4802 979 4890; x_wconf 87' lang='lat' dir='ltr'><strong>pest</strong></span> <span class='ocrx_word' id='word_1_253' title='bbox 1034 4802 1285 4867; x_wconf 89' lang='lat' dir='ltr'><strong>autem</strong></span> <span class='ocrx_word' id='word_1_254' title='bbox 1338 4792 1415 4866; x_wconf 91' lang='lat' dir='ltr'><strong>in</strong></span> <span class='ocrx_word' id='word_1_255' title='bbox 1472 4790 1806 4867; x_wconf 85' lang='lat' dir='ltr'><strong>defuncti</strong></span> <span class='ocrx_word' id='word_1_256' title='bbox 1844 4790 2092 4866; x_wconf 86' lang='lat' dir='ltr'><strong>locum</strong></span> <span class='ocrx_word' id='word_1_257' title='bbox 2120 4790 2344 4892; x_wconf 86' lang='lat' dir='ltr'><strong>jussit</strong></span> <span class='ocrx_word' id='word_1_258' title='bbox 2383 4815 2550 4866; x_wconf 88' lang='lat' dir='ltr'><strong>eum</strong></span> <span class='ocrx_word' id='word_1_259' title='bbox 2589 4790 3021 4889; x_wconf 83' lang='lat' dir='ltr'><strong>subrogari,</strong></span> 
     </span>
     <span class='ocr_line' id='line_1_33' title="bbox 260 4915 3024 5017; baseline 0 -25"><span class='ocrx_word' id='word_1_260' title='bbox 260 4917 379 5017; x_wconf 92' lang='lat' dir='ltr'><strong>qui</strong></span> <span class='ocrx_word' id='word_1_261' title='bbox 436 4915 630 4992; x_wconf 86' lang='lat' dir='ltr'><strong>inter</strong></span> <span class='ocrx_word' id='word_1_262' title='bbox 683 4916 1177 5015; x_wconf 85' lang='lat' dir='ltr'><strong>sexagenario</strong></span> <span class='ocrx_word' id='word_1_263' title='bbox 1233 4917 1554 5017; x_wconf 88' lang='lat' dir='ltr'><strong>majores</strong></span> <span class='ocrx_word' id='word_1_264' title='bbox 1612 4916 1884 4990; x_wconf 83' lang='lat' dir='ltr'><strong>virtute</strong></span> <span class='ocrx_word' id='word_1_265' title='bbox 1961 4916 2262 5016; x_wconf 85' lang='lat' dir='ltr'><strong>reliquis</strong></span> <span class='ocrx_word' id='word_1_266' title='bbox 2317 4916 2600 4992; x_wconf 88' lang='lat' dir='ltr'><strong>anteire</strong></span> <span class='ocrx_word' id='word_1_267' title='bbox 2647 4916 3024 5017; x_wconf 85' lang='lat' dir='ltr'><strong>judicatus</strong></span> 
     </span>
     <span class='ocr_line' id='line_1_34' title="bbox 258 5039 3023 5141; baseline -0.001 -22"><span class='ocrx_word' id='word_1_268' title='bbox 258 5043 535 5119; x_wconf 85' lang='lat' dir='ltr'><strong>fuisset.</strong></span> <span class='ocrx_word' id='word_1_269' title='bbox 608 5041 994 5117; x_wconf 60' lang='lat' dir='ltr'><strong>,Iudicium</strong></span> <span class='ocrx_word' id='word_1_270' title='bbox 1048 5041 1124 5118; x_wconf 91' lang='lat' dir='ltr'><strong>id</strong></span> <span class='ocrx_word' id='word_1_271' title='bbox 1180 5043 1285 5118; x_wconf 92' lang='lat' dir='ltr'><strong>ita</strong></span> <span class='ocrx_word' id='word_1_272' title='bbox 1340 5042 1608 5118; x_wconf 86' lang='lat' dir='ltr'><strong>fiebat:</strong></span> <span class='ocrx_word' id='word_1_273' title='bbox 1666 5039 2034 5117; x_wconf 81' lang='lat' dir='ltr'><strong>advocato</strong></span> <span class='ocrx_word' id='word_1_274' title='bbox 2091 5041 2171 5116; x_wconf 92' lang='lat' dir='ltr'><strong>in</strong></span> <span class='ocrx_word' id='word_1_275' title='bbox 2227 5041 2664 5117; x_wconf 89' lang='lat' dir='ltr'><strong>concionem</strong></span> <span class='ocrx_word' id='word_1_276' title='bbox 2700 5039 3023 5141; x_wconf 86' lang='lat' dir='ltr'><strong>popu10‚</strong></span> 
     </span>
     <span class='ocr_line' id='line_1_35' title="bbox 260 5166 3020 5272; baseline 0.001 -28"><span class='ocrx_word' id='word_1_277' title='bbox 260 5169 397 5245; x_wconf 85' lang='lat' dir='ltr'><strong>viri</strong></span> <span class='ocrx_word' id='word_1_278' title='bbox 432 5167 730 5271; x_wconf 89' lang='lat' dir='ltr'><strong>quidam</strong></span> <span class='ocrx_word' id='word_1_279' title='bbox 768 5169 863 5246; x_wconf 87' lang='lat' dir='ltr'><strong>ad</strong></span> <span class='ocrx_word' id='word_1_280' title='bbox 902 5169 1041 5249; x_wconf 84' lang='lat' dir='ltr'><strong>hoc</strong></span> <span class='ocrx_word' id='word_1_281' title='bbox 1080 5169 1349 5248; x_wconf 80' lang='lat' dir='ltr'><strong>delecti</strong></span> <span class='ocrx_word' id='word_1_282' title='bbox 1386 5171 1467 5247; x_wconf 92' lang='lat' dir='ltr'><strong>in</strong></span> <span class='ocrx_word' id='word_1_283' title='bbox 1502 5170 2012 5272; x_wconf 84' lang='lat' dir='ltr'><strong>propinguum</strong></span> <span class='ocrx_word' id='word_1_284' title='bbox 2067 5169 2420 5249; x_wconf 88' lang='lat' dir='ltr'><strong>conclave</strong></span> <span class='ocrx_word' id='word_1_285' title='bbox 2472 5166 3020 5248; x_wconf 84' lang='lat' dir='ltr'><strong>concludeban-</strong></span> 
     </span>
    </p>
   </div>
  </div>
 </body>
</html>
