3725 5850
708 458 865 534 460
1204 480 1818 535 comunnwAnms
1855 478 1964 531 An
2005 478 2128 531 sss.
2169 476 2294 529 284.
2336 478 2460 531 286.
2503 478 2626 531 291.
2668 476 2794 531 292.
2835 478 2963 532 293.

918 675 1017 751 Hi
1059 674 1407 776 synegori
1446 673 1671 773 igitur
1708 675 1786 748 in
1826 698 1914 749 eo
1956 674 2312 747 differunt
2347 671 2444 747 ab
2481 673 2658 766 illis,
2699 673 2823 773 qui
2859 672 3054 748 inter
3091 670 3490 771 magistra·

702 812 819 876 tus
874 800 1217 902 politicos
1274 810 1707 895 occurrunt,
1776 800 1978 900 quod
2030 798 2138 873 illi
2194 799 2610 898 suffrag-iis,
2688 798 2764 873 hi
2823 822 3005 875 vero
3055 808 3260 874 sorte
3323 797 3490 873 fue-

701 925 853 1001 rint
887 925 1125 1003 electi.

1876 1028 2030 1114 Ad
2067 1028 2300 1115 283.

914 1192 1028 1270 Of.
1068 1194 1473 1271 Exactores
1510 1196 1667 1271 sive
1706 1194 2072 1295 euthynos
2109 1195 2306 1271 inter
2341 1194 2820 1292 magistratus
2859 1194 3204 1296 politicos
3249 1191 3486 1285 (218.

704 1332 778 1395 et
816 1319 1035 1411 219.)
1076 1330 1151 1397 et
1188 1319 1418 1397 schol.
1458 1321 1536 1394 in
1572 1320 1863 1397 Platon.
1905 1348 1972 1421 p.
2017 1319 2194 1395 459.
2237 1320 2352 1395 ed.
2390 1316 2712 1396 Bekker.

1872 1531 2026 1615 Ad
2066 1532 2295 1614 28⁴.

911 1698 1094 1773 Post
1150 1695 1612 1775 dominatum
1668 1696 1980 1796 triginta
2045 1708 2537 1798 tyrannorum
2594 1696 2925 1773 instituti.
3019 1695 3217 1772 Dicit
3268 1697 3478 1772 enim

699 1822 1228 1925 Harzpocratio
1275 1818 1559 1919 μήποτ’
1618 1847 1770 1895 ουν
1831 1816 2030 1917 ἀρχή
2087 1850 2198 1905 τις
2253 1812 2350 1910 ἦν
2389 1824 2931 1917 καθεσταμένη
2960 1815 3157 1918 μετὰ
3193 1814 3344 1909 τὴν
3381 1825 3478 1895 ἐκ

700 1946 1083 2046 Πειραιῶς
1118 1942 1505 2023 κάθοδον.

1872 2066 2026 2149 Ad
2066 2067 2295 2149 280.

912 2233 1177 2312 Suidas
1215 2264 1230 2309 :
1318 2236 1393 2305 Π
1417 2260 1458 2328 ρ
1481 2228 1663 2303 άκτ
1687 2260 1743 2302 ω
1766 2259 1808 2327 ρ
1838 2252 1853 2271 ·
1931 2220 1974 2304 ὃ
2011 2224 2193 2303 ..τὸν
2267 2233 2760 2328 ἐπικείμενον
2836 2228 3467 2333 εἰσπραττόμενος

700 2350 973 2455 φόρον.
1052 2358 1136 2435 Id
1178 2370 1327 2435 est:
1384 2369 1680 2461 praetor
1718 2369 1830 2434 est
1871 2370 2173 2435 exactor
2209 2357 2486 2433 tributi.

1873 2568 2025 2652 Aa
2079 2569 2293 2652 201.

909 2734 1445 2836 Harpocrati0‚
1488 2732 1793 2809 Suidas:
1852 2726 1996 2805 δύο
2037 2728 2113 2805 δὲ
2157 2724 2388 2822 ἦσαν·
2450 2723 2494 2806 ὁ
2526 2736 2678 2829 μὲν
2715 2730 2840 2823 τῆς
2879 2730 3362 2825 διοικήσεως,
3413 2725 3453 2807 ὁ

700 2854 777 2932 δὲ
814 2856 945 2949 τῆς
982 2854 1285 2958 βουλῆς.
1342 2861 1551 2956 (Duo
1612 2870 1860 2940 autem
1903 2872 2154 2960 erant3
2209 2888 2399 2938 unus
2437 2861 3102 2940 administrationis
3145 2889 3452 2941 oecono-

692 2986 881 3063 miae
917 2986 1303 3087 publicae‚
1358 2987 1548 3063 alter
1583 2988 1950 3081 senatus.)

908 3111 1021 3189 Cf.
1067 3110 1347 3188 Lexica
1384 3109 1687 3210 Seguer.
1726 3138 1799 3213 p.
1844 3111 2022 3186 197.

908 3257 1024 3332 De
1063 3265 1363 3332 senatus
1403 3254 2070 3332 contrarotulatore
2110 3256 2282 3331 vide
2319 3255 2796 3352 magistratus
2830 3255 3172 3356 politicos
3193 3253 3258 3358 ξ.
3281 3257 3446 3331 230.

909 3398 1227 3476 Tardius
1276 3423 1409 3500 per
1467 3411 1739 3475 sortem
1794 3399 2274 3498 legebantur,
2333 3410 2413 3476 ut
2449 3399 2744 3476 videtur
2783 3427 2822 3476 e
2861 3400 3188 3477 Polluce.
3249 3401 3444 3496 VIII,

700 3527 846 3604 99:
902 3519 1224 3610 τούτους
1266 3513 1305 3612 ἦ
1346 3516 1593 3620 βουλὴ
1634 3523 1923 3620 κληροῖ.
1984 3527 2184 3620 (Hos
2223 3536 2524 3603 senatus
2564 3538 2761 3603 sorte
2799 3523 3045 3626 legit.)

1861 3687 2022 3818 Ao
2060 3738 2288 3820 202.

908 3903 981 3980 H
1002 3927 1047 3978 a
1069 3929 1106 3978 r
1123 3930 1174 4004 p
1196 3928 1239 3977 o
1262 3925 1304 3978 c
1325 3929 1360 3977 r
1380 3900 1624 3976 atio:
1656 3891 2170 4002 Ἐπιγραφέας
2213 3877 2584 3980 vocabant
2621 3918 2749 3982 'eos
2790 3905 2914 4003 qni
2953 3906 3186 3983 creati
3223 3915 3440 3998 crant,

694 4041 777 4105 ut
811 4027 1353 4122 describerent,
1395 4037 1756 4127 quantum
1794 4027 2058 4129 cuique
2098 4028 2349 4106 tributi
2388 4030 2685 4106 nomine
2725 4031 3210 4132 pendendum
3247 4043 3442 4109 esset.

908 4172 1072 4252 Sui
1097 4173 1263 4250 das
1313 4201 1368 4248 S.
1411 4199 1481 4248 v.
1528 4163 2065 4276 Ἐπιγραφεῖςε
2106 4174 2298 4252 Cum
2334 4201 2380 4252 a
2415 4175 2706 4253 civibus
2745 4187 2875 4252 aut
2907 4177 3290 4278 inquilinis
3326 4197 3440 4279 pe-

693 4299 913 4376 cunia
946 4300 1024 4373 in
1064 4300 1427 4374 aerarium
1466 4300 1926 4379 conferenda
1983 4314 2178 4393 erat,
2239 4301 2365 4404 qui
2420 4300 2606 4380 haec
2661 4299 3230 4402 describebant,
3288 4305 3444 4378 ἐπι-

694 4431 1008 4527 γραφεῖς
1044 4424 1523 4503 vocabantur.

909 4565 1192 4645 Similia
1226 4567 1507 4645 habent
1526 4567 1801 4646 Lexica
1820 4569 2281 4672 Segueriana
2317 4599 2392 4673 p.
2417 4571 2593 4670 254,
2636 4583 2710 4649 et
2729 4571 3052 4672 Etymol.
3073 4571 3438 4673 Magnum.

1861 4798 2014 4881 Ad
2055 4800 2285 4882 203.

910 4965 1075 5062 „Ex
1112 4974 1368 5043 nostra
1403 4965 1884 5068 inscriptione
1925 4966 2114 5062 (99)
2171 4959 2353 5048 τούς
2391 4961 2535 5038 τοῦ
2577 4959 2824 5061 δήμου
2881 4968 3291 5069 συλλογέας
3343 4969 3436 5042 vi-

694 5091 951 5170 demus
988 5091 1067 5167 in
1104 5091 1333 5167 sacris
1371 5091 1835 5192 potissimum
1872 5090 2228 5168 faciendis
2267 5101 2668 5193 occupatos
2707 5116 2869 5169 esse
2891 5148 2914 5187 ,
2950 5103 3033 5168 ut
3069 5092 3435 5172 Minervae

694 5229 768 5294 et
805 5217 859 5295 J
865 5217 1026 5295 ovis
1064 5215 1436 5318 Olympii;
1492 5235 1567 5293 et
1602 5243 1693 5294 ex
1732 5215 2148 5319 Olympieis
2195 5209 2284 5289 τὸ
2327 5210 2790 5315 δερματικὸν
2825 5219 2932 5298 illi
2965 5218 3048 5296 in
3083 5219 3434 5298 aerarium
