3725 5850
686 500 845 581 mo
1782 522 1907 577 ms
1943 523 2361 583 mamona.

668 712 1063 821 κληρωτὴν
1087 710 1277 815 μήτε
1322 708 1915 815 χειροτονητήν,
1964 710 2148 811 μηδ’
2185 719 2308 793 ἐπὶ
2353 716 2779 819 κηρυκείαν
2833 708 3448 803 ἀποστελλέσθω,

660 839 850 942 μηδὲ
887 837 1197 947 γνώμην
1232 845 1544 946 λεγέτω,
1590 834 1773 939 μηδ’
1811 841 1921 929 εἰς
1974 836 2067 915 τοὶ
2126 838 2492 941 δημοτελῆ
2549 835 2708 941 ἱεροὶ
2770 844 3068 933 εἰσίτω,
3117 838 3302 941 μηδ’
3359 844 3448 917 ἐν

667 978 831 1057 ταῖς
865 976 1168 1056 κοιναῖς
1204 968 1850 1064 στεφανηφορίαις
1888 964 2479 1063 στεφανούσθω,
2507 964 2690 1067 μηδ’
2727 962 2944 1055 ἐντὸς
2977 965 3110 1060 τῆς
3147 962 3437 1073 ἀγορᾶς

667 1092 825 1171 τῶν
873 1092 1510 1193 περιρραντηρίων
1545 1095 2007 1191 πορευέσθω.
2053 1087 2248 1177 Ἐὰν
2305 1092 2389 1171 δέ
2437 1124 2549 1183 τις
2603 1090 2846 1171 ταῦτα
2901 1092 3082 1192 ποιῇ
3107 1149 3132 1185 ,
3187 1120 3443 1168 κατα-

669 1223 1152 1324 γνωσθέντος
1188 1212 1445 1295 αὐτοῦ
1481 1222 1807 1318 ἑταιρεῖν
1846 1214 2172 1319 θανάτῳ
2213 1216 2679 1318 ζημιούσθω.

1237 1347 1439 1444 (Lex
1476 1344 1775 1425 Solonis
1811 1345 2012 1449 apud
2051 1345 2401 1427 Aeschin.
2439 1372 2502 1426 c.
2539 1346 2915 1427 Timarch.
2953 1342 3023 1449 ξ.
3062 1348 3230 1445 21.)

888 1634 969 1712 Si
1008 1634 1174 1737 quis
1213 1633 1693 1715 Atheniensis
1726 1661 1808 1714 se
1842 1636 2344 1739 prostituerit,
2405 1636 2475 1715 ei
2510 1661 2608 1713 ne
2644 1634 2867 1715 liceat
2901 1636 2980 1713 in
3018 1660 3294 1715 novem
3334 1660 3443 1713 ar-

674 1760 981 1843 chontes
1020 1760 1352 1862 cooptari
1375 1819 1395 1857 ‚
1453 1786 1593 1840 nec
1628 1784 1789 1837 rem
1824 1758 2158 1859 divinam
2193 1761 2440 1839 facere
2463 1817 2482 1856 ‚
2540 1786 2694 1837 non
2731 1785 2899 1837 cum
2935 1759 3218 1864 populo
3246 1759 3444 1861 judi-

672 1912 843 1965 care
866 1943 885 1982 ,
942 1910 1083 1962 nec
1122 1885 1277 1963 ullo
1314 1886 1529 1989 fungi
1582 1886 2024 1985 magistratu
2079 1887 2239 1965 sive
2296 1884 2496 1965 domi
2545 1886 2704 1964 sive
2742 1910 3054 1988 peregre
3093 1886 3253 1963 sive
3289 1910 3443 1962 sor-

670 2012 809 2089 tito
846 2012 1006 2091 sive
1044 2011 1403 2111 suffragio
1436 2011 1775 2090 mandari
1812 2011 2032 2089 solito
2057 2070 2076 2109 ‚
2133 2037 2373 2116 neque
2431 2012 2713 2091 fecialis
2771 2012 3105 2091 mittatur
3124 2069 3143 2108 ,
3199 2034 3441 2111 neque

670 2137 1118 2215 sententiam
1155 2135 1392 2233 dicat,
1450 2161 1694 2238 neque
1730 2135 1811 2214 in
1844 2136 2152 2240 publica
2185 2138 2362 2215 fana
2395 2136 2855 2238 ingrediatur
2873 2196 2892 2235 ‚
2932 2161 3174 2240 neque
3210 2136 3290 2213 in
3329 2136 3430 2213 fe-

672 2264 807 2341 stis
844 2260 1276 2362 solennibus
1314 2260 1409 2338 de
1444 2286 1652 2338 more
1689 2286 2046 2339 coronam
2081 2273 2367 2361 gestet,
2423 2288 2667 2363 neque
2703 2262 2903 2341 intra
2937 2262 3077 2339 fori
3113 2260 3432 2363 spatium

672 2414 871 2489 aqua
903 2386 1193 2465 lustrali
1228 2386 1872 2490 circumscriptum
1910 2387 2413 2491 progediatur.
2491 2388 2573 2467 Si
2620 2390 2785 2490 quis
2830 2396 3082 2467 autem
3117 2387 3301 2463 haec
3335 2386 3432 2463 fe·

672 2514 857 2592 cerit
876 2572 895 2611 ,
951 2510 1459 2617 impudicitiae
1496 2511 2038 2591 condemnatus
2059 2570 2078 2609 ‚
2135 2524 2372 2592 morte
2409 2514 2829 2593 mulctetur.

1955 2674 1996 2749 1
2015 2672 2187 2752 181.

885 2799 1279 2895 Δοκιμα
1302 2796 1467 2871 σία
1491 2824 1538 2872 ν
1600 2800 2204 2901 ἆπαγγεῖλαι
2228 2819 2246 2840 ·
2329 2791 2420 2871 τὸ
2477 2793 2708 2889 δίκην
2763 2792 3198 2897 ἑταιρήσεως
3269 2824 3436 2873 τινα

672 2928 1172 3030 καταγγεῖλαι
1194 2946 1211 2964 ·
1266 2925 1561 3027 γίνεται
1620 2920 1699 2998 δὲ
1758 2914 1801 3014 ἦ
1856 2919 1990 3014 τῆς
2043 2918 2482 3022 ἑταιρήσεως
2539 2920 2964 3022 δοκιμασία
3019 2918 3116 3000 οὐ
3179 2920 3427 3012 πᾶσιν,

674 3047 871 3126 ἀλλὰ
910 3051 1523 3148 πολιτευομένοις
1559 3044 1860 3150 ῥήτορσι
1900 3051 2040 3125 καὶ
2075 3054 2537 3152 ψηφίσματα
2571 3045 2982 3153 γράφουσι.
3013 3095 3024 3108 x

1957 3267 2154 3346 118¹
2811 3237 2814 3240 ,
2857 3159 3238 3255 (Suidas.)

886 3393 1499 3498 Explorationem
1580 3393 2036 3474 denunciare
2107 3396 2485 3494 significat
2554 3393 3064 3498 impudicitiae
3135 3393 3435 3472 crimine

673 3547 896 3623 quem
930 3545 1300 3597 accusare.
1378 3517 1597 3598 Actio
1653 3533 1904 3598 autem
1959 3522 2464 3624 impudicitiae
2524 3548 2676 3600 non
2733 3521 3092 3599 adversus
3143 3519 3438 3622 quosvis

671 3644 1082 3724 instituitur
1105 3702 1125 3742 ,
1189 3644 1321 3722 sed
1395 3655 1725 3723 oratores
1798 3647 2107 3746 negotia
2175 3647 2482 3749 publica
2551 3658 2954 3724 tractantes
3007 3656 3085 3723 et
3141 3646 3436 3722 decreta

673 3771 1103 3848 scribentes,

1945 3880 1982 3954 1
2001 3879 2171 3957 182.

884 4017 1197 4096 Δοῦλον
1251 4022 1662 4121 ἐλευθέρου
1719 4017 1989 4108 παιδὸς
2034 4017 2216 4120 μήτ’
2263 4019 2450 4124 ἐρᾷν
2495 4017 2676 4121 μήτ’
2715 4026 3335 4110 ἐπακολουθεῖν,
3393 4014 3435 4110 ἢ

672 4142 1095 4221 τύπτεσθαι
1136 4145 1233 4242 τῇ
1268 4142 1607 4245 δημωσίᾳ
1634 4141 1954 4250 μάστιγι
1995 4143 2473 4260 πεντήκοντα
2511 4144 2816 4254 πληγάς.

1182 4274 1379 4370 (Lex
1417 4270 1713 4354 Solonis
1750 4278 1954 4380 apud
1993 4276 2337 4356 Aeschin.
2379 4305 2440 4356 c.
2483 4279 2855 4358 Timarch.
2895 4273 2962 4380 ξ.
3009 4278 3230 4371 139.)

1952 4439 1990 4514 1
2006 4441 2180 4518 182.

887 4579 1004 4658 Ne
1059 4605 1323 4658 servus
1377 4528 1789 4681 ingenuum
1842 4609 2162 4688 puerum
2218 4583 2338 4663 vel
2393 4595 2596 4662 amet
2650 4585 2773 4665 vel
2811 4595 3258 4681 assectetur,
3313 4593 3432 4662 aut

672 4703 973 4807 publico
1013 4705 1316 4806 flagello
1354 4709 1898 4809 quinquaginta
1930 4709 2172 4812 plagis
2209 4709 2592 4831 afficiatur.

1952 4869 2178 4950 1183.

890 5007 985 5083 Οἶ
1023 5004 1101 5084 δὲ
1137 5004 1295 5084 τῶν
1332 5007 1630 5087 παίδων
1667 5008 2126 5089 διδάσκαλοι
2180 5009 2700 5119 ἀνοιγέτωσαν
2734 5013 2887 5116 μὲν
2922 5011 3018 5092 τοὶ
3059 5011 3427 5092 διδασκα-

672 5137 837 5208 λεῖα
884 5130 995 5234 μὴ
1052 5131 1423 5238 πρότερον
1476 5128 1702 5230 ἧλίου
1754 5135 2164 5230 ἀνιόντος,
2220 5144 2682 5218 κλειέτωσαν
2724 5138 2801 5218 δὲ
2841 5137 2986 5240 πρὸ
3029 5133 3254 5235 ἡλίου
3290 5137 3424 5218 δύ-

676 5288 967 5349 νοντος.
1047 5265 1201 5338 Καὶ
1230 5259 1341 5362 μὴ
1382 5266 1645 5353 ἐξέστω
1682 5275 1840 5352 τοῖς
1877 5257 2069 5365 ὑπὲρ
2106 5263 2245 5358 τὴν
2303 5265 2457 5344 τῶν
2518 5264 2816 5345 παίδων
2855 5259 3174 5364 ἡλικίαν
3212 5260 3425 5347 οὖσιν
