3725 5850
602 372 759 451 550
1203 387 1818 444 commum-Aruns
1856 386 1966 438 An
2012 379 2168 439 1038.
2211 381 2370 439 1043.
2414 380 2571 439 1040.
2613 382 2774 439 1010.

596 610 902 688 rumque
942 585 1055 661 vis
1093 583 1319 661 etiam
1356 608 1489 685 per
1526 606 1655 658 eos
1694 578 2175 674 diffunditur,
2236 580 2362 681 qui
2418 580 2656 657 vitiati
2717 581 3034 658 fuerant.
3113 581 3372 684 Neque

600 738 777 790 vero
816 712 1033 787 decet
1069 708 1149 786 in
1185 710 1546 788 seditione
1584 703 1783 783 nullo
1832 705 2011 781 mali
2067 731 2328 801 sensu,
2388 706 2592 784 nullo
2654 705 2908 783 dolore
2950 707 3374 809 perculsum

602 839 858 915 sedere
898 862 987 913 ac
1024 862 1238 912 suam
1274 836 1507 911 vitam
1542 835 1841 909 beatam
1899 831 2374 932 praedicare,
2434 830 2892 932 aliorumque
2930 832 3225 909 interim
3261 857 3373 909 er-

596 962 889 1039 roribus
928 961 1313 1052 delectari,
1373 961 1503 1038 sed
1562 970 1874 1060 utraque
1934 984 2098 1035 cum
2157 968 2374 1060 parte
2413 957 2917 1036 conferendus
2955 982 3237 1055 sermo,
3295 970 3380 1035 ut

600 1087 841 1165 neutri
878 1096 953 1164 te
992 1112 1383 1189 aggreges.

1754 1185 1908 1269 Ad
1952 1186 2236 1270 1038.

815 1357 1081 1434 Suidas
1136 1383 1192 1431 S.
1233 1382 1301 1429 v.
1360 1348 1617 1455 γραφή
1644 1382 1667 1423 .·
1725 1353 2226 1432 Instituuntur
2288 1354 2800 1430 accusationes
2857 1354 3084 1429 etiam
3135 1354 3230 1428 ob
3273 1354 3377 1429 le-

598 1510 734 1583 ges
774 1495 848 1560 et
884 1483 1223 1574 decreta,
1285 1504 1473 1581 quae
1531 1504 1926 1581 perperam
1984 1479 2135 1555 lata
2173 1479 2562 1575 videntur3
2620 1504 2811 1578 quae
2851 1480 3184 1555 actiones
3227 1503 3380 1549 πα-

600 1603 965 1703 ρανόμων
999 1616 1385 1683 vocantur.
1464 1608 1638 1683 Non
1676 1605 1914 1681 solum
1975 1616 2223 1682 autem
2281 1630 2449 1681 cum
2489 1607 2652 1705 quis
2690 1603 3073 1682 decretum
3109 1614 3238 1679 aut
3272 1605 3376 1681 le-

600 1759 776 1832 gem
812 1735 1135 1833 aliquam
1172 1742 1509 1827 accusat,
1559 1725 2030 1828 παρανόμων
2053 1731 2420 1832 judicium
2456 1730 2842 1807 instituere
2881 1730 3187 1825 dicitur,
3249 1729 3382 1805 sed

598 1884 871 1936 nomen
930 1859 1072 1934 hoc
1125 1858 1216 1933 de
1274 1857 1436 1935 aliis
1491 1858 1714 1933 etiam
1766 1856 2197 1933 criminibus
2255 1855 2572 1957 publicis
2622 1854 2910 1932 dicitur.
2987 1856 3382 1956 Frequens

601 1995 851 2063 autem
888 1984 1094 2061 vocis
1132 2010 1311 2061 usus
1348 1994 1462 2060 est
1498 1982 1698 2085 apud
1740 1992 2094 2059 oratores.

1760 2193 1913 2277 Ad
1953 2194 2242 2277 1043.
3010 2226 3028 2265 ι

782 2360 1237 2471 ‘Secundum
1257 2358 1553 2435 Zaleuci
1591 2358 1859 2457 legem,
1901 2360 1961 2435 si
1997 2361 2159 2459 quis
2199 2360 2685 2436 Locrensium
2707 2360 3378 2462 Epizephyriorum

603 2466 1005 2585 aegrotans
1060 2485 1319 2560 vinum
1372 2510 1660 2561 merum
1714 2484 2066 2579 bibisset,
2126 2510 2277 2561 non
2325 2486 2640 2587 jubente
2697 2485 3031 2576 medi00‚
3091 2486 3384 2562 etiamsi

606 2612 1103 2688 convaluisset
1134 2669 1151 2705 ,
1192 2612 1452 2687 mortis
1488 2612 1556 2687 ei
1595 2610 2038 2714 supplicium
2079 2620 2240 2688 erat
2277 2611 2798 2705 constitutum,
2839 2613 3190 2712 quoniam
3229 2636 3383 2687 non

604 2737 1152 2840 praescriptum
1189 2735 1332 2813 sibi
1369 2736 1685 2813 biberat.
1745 2735 1854 2831 (A
1877 2737 2163 2813 elian.
2204 2737 2416 2813 Var.
2459 2737 2675 2813 hist.
2715 2738 2813 2832 II,
2856 2736 3021 2829 37.)

820 2859 1173 2938 Similiter
1229 2858 1661 2940 Athenaeus
1720 2862 1855 2957 (X,
1923 2862 2160 2955 429J:
2241 2864 2303 2940 Ε
2360 2864 2526 2966 lege
2584 2890 2629 2939 a
2687 2863 3008 2940 Zaleuco
3064 2863 3259 2958 lata,
3325 2865 3386 2940 si

606 2989 769 3089 quis
807 2988 1009 3090 apud
1047 2989 1330 3066 Locros
1364 2987 1910 3092 Epizephyrios
1951 3015 2236 3066 merum
2270 2990 2620 3084 bibisset,
2671 3018 2721 3092 p
2741 3019 2780 3066 r
2799 3015 2843 3065 a
2865 3015 2904 3066 e
2926 3003 2959 3066 t
2981 3017 3020 3066 e
3045 3017 3148 3090 rq
3171 3015 3218 3066 u
3240 3016 3284 3066 a
3307 3017 3381 3064 m

606 3115 686 3190 si
750 3111 1183 3189 medicus
1246 3113 1731 3215 jussisset
1804 3115 2430 3191 valetudinis
2499 3140 2834 3212 causa,
2913 3115 3155 3218 capite
3217 3115 3380 3216 ple-

606 3238 964 3316 ctebatur.

1765 3340 1919 3424 Ad
1954 3342 2240 3425 1040.

819 3506 1245 3583 Secundum
1281 3505 1615 3582 Platonis
1650 3505 1896 3606 Leges
1935 3507 2154 3602 (928,
2192 3505 2498 3604 CmD),
2540 3508 2598 3583 si
2637 3510 3204 3608 magistratuum
3243 3511 3378 3586 ali-

608 3633 773 3735 quis
810 3633 1265 3732 negligentia
1318 3629 1671 3708 damnum
1727 3631 2020 3734 pupillo
2077 3633 2409 3709 intulisse
2461 3634 2662 3710 visus
2701 3645 2854 3730 est,
2913 3635 3090 3736 quid
3145 3660 3384 3735 puero

608 3757 935 3859 pendere
1010 3783 1183 3832 eum
1254 3765 1637 3858 oporteat,
1701 3755 2064 3857 judicium
2120 3759 2545 3854 aestimato,
2620 3761 2679 3835 si
2737 3784 2916 3836 vero
2972 3760 3382 3860 injustitia,

607 3893 907 3984 praeter
939 3883 1295 3975 mulctam
1332 3907 1379 3958 a
1413 3880 1664 3980 legum
1704 3883 2047 3959 custodia
2080 3893 2526 3961 removetor.

1766 4091 1919 4175 Ad
1957 4095 2244 4178 1048.

822 4259 1245 4339 Secundum
1300 4261 1635 4339 Platonis
1690 4261 2008 4359 Leges
2067 4261 2278 4356 (XII,
2320 4261 2494 4338 941.
2539 4260 2643 4354 A)
2705 4262 2766 4339 si
2825 4265 2988 4362 quis
3047 4264 3381 4364 legatum

611 4388 730 4464 vel
783 4412 1229 4489 praeconem
1282 4387 1581 4489 publice
1636 4388 1946 4464 missum
2003 4390 2418 4466 ementiens
2473 4413 2869 4490 perperam
2924 4390 3382 4489 legationem

611 4513 919 4614 suscipit
975 4512 1071 4589 ad
1128 4513 1501 4589 civitatem
1556 4510 1880 4613 aliquam
1901 4569 1920 4606 ‚
1987 4514 2112 4589 vel
2164 4514 2436 4590 missus
2472 4538 2626 4589 non
2667 4539 2758 4590 ea
2793 4515 2997 4615 ipsa,
3056 4515 3153 4590 ob
3191 4541 3380 4616 quae

611 4638 877 4714 missus
938 4647 1083 4730 est,
1144 4637 1571 4734 denuntiat,
1636 4637 1754 4713 vel
1809 4663 2062 4715 rursus
2120 4637 2214 4714 ab
2273 4637 2610 4716 hostibus
2667 4641 2788 4715 vel
2847 4641 3072 4717 etiam
3123 4641 3382 4718 amicis

612 4773 923 4864 accepta
979 4788 1135 4838 non
1188 4771 1386 4839 recte
1443 4763 1908 4840 renuntiasse
1966 4762 2087 4840 vel
2161 4764 2664 4866 proclamasse
2741 4777 3162 4867 compertus
3229 4775 3378 4860 est,

612 4891 942 4968 actiones
982 4889 1057 4963 in
1094 4890 1231 4964 hos
1266 4901 1487 4966 sunto
1522 4901 1607 4966 ut
1644 4891 1769 4992 qui
1804 4892 1884 4966 in
1921 4890 2266 4970 Mercurii
2325 4902 2399 4968 et
2435 4891 2490 4968 J
2496 4891 2658 4968 ovis
2711 4895 2990 4970 nuntiis
3043 4906 3118 4970 et
3171 4919 3376 4972 man·

614 5014 803 5092 datis
828 5015 957 5114 jus
996 5024 1070 5090 et
1104 5014 1218 5090 fas
1257 5015 1739 5109 violaverint,
1798 5041 1971 5092 cum
2027 5017 2542 5096 aestimatione
2594 5016 2794 5118 ejus,
2854 5019 3054 5117 quod
3090 5019 3372 5122 patien-

616 5139 793 5220 dum
830 5140 949 5216 vel
990 5138 1565 5240 dependendum
1600 5143 1697 5220 sit
1732 5142 2238 5222 condemnato.
