3725 5850
687 474 843 552 510
1353 492 1968 548 COMMENTARIUS
2012 494 2113 543 An
2154 490 2276 547 713.
2320 489 2443 545 715.
2485 490 2607 546 717.
2652 492 2776 547 728.

1857 720 2009 803 Ad
2070 722 2277 805 713.

899 892 1151 971 Simile
1192 891 1367 993 quid
1404 890 1685 968 habent
1720 886 2017 965 Scholia
2072 891 2149 965 in
2204 891 2584 969 Demosth.
2634 895 2799 971 fals.
2840 896 3067 997 legat.
3112 892 3283 987 378,
3332 890 3467 983 18,

683 1028 758 1095 et
793 1019 870 1096 in
909 1019 1360 1115 Midianam,
1419 1016 1595 1112 541,
1637 1014 1762 1089 23.

1860 1170 2013 1253 Ad
2080 1173 2289 1255 ⁷1⁵.

896 1339 1388 1418 Demosth.
1446 1338 1542 1414 in
1601 1336 2018 1413 Midiam.
2077 1365 2149 1439 p.
2204 1338 2397 1413 529:
2457 1338 3036 1418 Thesmothetae
3082 1340 3469 1415 actionem

688 1466 887 1568 apud
927 1467 1312 1545 Heliaeam
1353 1462 1530 1539 dent
1567 1464 1762 1537 intra
1798 1462 1955 1537 dies
2012 1462 2357 1561 triginta,
2418 1466 2513 1539 ab
2554 1489 2643 1538 eo
2681 1464 2838 1559 die,
2900 1493 3047 1567 quo
3088 1466 3469 1542 accusatio

685 1593 914 1669 allata
970 1592 1232 1685 fuerit,
1290 1589 1432 1665 nisi
1489 1587 1874 1687 publicum
1928 1586 2204 1688 aliquid
2262 1589 2655 1687 impediat,
2716 1602 2872 1666 tum
2933 1618 3112 1668 vero
3173 1602 3255 1666 ut
3312 1592 3471 1692 pri-

685 1744 891 1795 mum
923 1718 1084 1793 fieri
1120 1726 1385 1817 potest.

1863 1815 2015 1898 Ad
2079 1817 2287 1899 717.

901 1986 1203 2067 Bekker
1238 1985 1518 2067 Anecd.
1561 2011 1670 2085 gr.
1711 1989 1768 2080 I,
1810 1987 2007 2060 200:
2040 1976 2143 2057 ‘A
2162 2010 2315 2055 ντι
2339 2010 2385 2085 γ
2407 2011 2448 2080 ρ
2471 1980 2703 2077 αφή·
2747 1980 2956 2071 ἰδίως
2984 1986 3139 2083 μὲν
3172 1990 3259 2059 ἐν
3295 1992 3467 2068 ταῖς

687 2113 844 2189 τῶν
878 2109 1182 2209 κλήρων
1220 2106 1736 2193 διαδικασίαις
1776 2102 2209 2210 ἀντιγραφή
2250 2112 2639 2197 καλεῖται,
2702 2103 2896 2183 ὅταν
2932 2140 3085 2199 τις,
3140 2102 3471 2193 ἄπαιδος

689 2232 915 2326 ὄντος
952 2234 1092 2311 τοῦ
1145 2231 1803 2325 τετελευτηκότος,
1866 2232 2116 2333 ἑαυτῷ
2174 2230 2443 2330 φάσκῃ
2508 2233 2921 2335 προσήκειν
2976 2232 3122 2311 τὸν
3176 2233 3473 2331 κλῆρον

689 2361 891 2437 κατὰ
934 2360 1151 2439 δόσιν
1191 2354 1240 2452 ἢ
1274 2356 1478 2435 κατὰ
1515 2366 1772 2465 γένος·
1827 2356 2117 2444 κοινῶς
2158 2356 2242 2435 δέ
2274 2366 2481 2437 ἐστιν
2518 2356 2952 2464 ἀντιγραφή
3016 2367 3103 2437 ἐν
3138 2371 3307 2449 ταῖς
3346 2356 3471 2433 δι’-

689 2518 865 2575 καις
901 2497 1064 2573 ταῖς
1103 2484 1497 2586 δημοσίαις
1553 2489 1739 2585 (καὶ
1777 2494 1941 2571 ταῖς
1982 2481 2254 2580 ἰδίαις)
2311 2481 2407 2559 τά
2447 2486 2604 2561 τῶν
2642 2484 3176 2583 δικαζομένων
3214 2482 3469 2589 γράμ-

683 2642 898 2714 ματα
934 2617 1101 2712 περὶ
1138 2610 1282 2687 τοῦ
1325 2608 1784 2715 πράγματος,
1825 2614 1965 2685 καὶ
2004 2608 2147 2686 τοῦ
2190 2608 2619 2715 φεύγοντος
2655 2617 2794 2688 καὶ
2831 2610 2973 2689 τοῦ
3017 2611 3468 2698 διώκοντος.

689 2741 1040 2842 (Proprie
1077 2739 1155 2819 in
1177 2739 1836 2840 disceptationibus
1876 2738 2373 2815 hereditatum
2394 2733 2828 2841 ἀντιγραφή
2855 2753 3187 2837 vocatur,
3230 2767 3464 2840 quum

689 2868 856 2967 quis
893 2866 1380 2944 hereditatem
1418 2865 1768 2966 alicujus„
1811 2864 1935 2964 qui
1974 2865 2133 2942 sine
2171 2865 2421 2944 liberis
2460 2878 2791 2946 mortuus
2830 2878 2985 2960 est,
3044 2868 3137 2944 ad
3177 2892 3261 2943 se
3302 2893 3469 2968 per·

687 2997 924 3070 tinere
985 2995 1183 3071 dicat
1237 3021 1372 3096 per
1429 2994 1912 3070 donationem
1962 2994 2085 3070 vel
2123 3020 2162 3069 e
2204 2997 2869 3093 consanguinitate.
2950 2993 3472 3072 Communiter

689 3134 940 3197 autem
977 3111 1408 3221 ἀντιγραφη
1470 3118 1815 3194 dicuntur
1868 3118 1947 3193 in
2004 3119 2260 3195 litibus
2316 3120 2636 3219 publicis
2675 3130 2748 3195 et
2798 3120 3109 3223 privatis
3166 3116 3470 3218 litigan-

687 3247 912 3341 tium,
971 3255 1045 3321 et
1081 3243 1408 3321 accusati
1448 3254 1524 3320 et
1557 3245 1970 3319 accusantis
1992 3243 2329 3344 ‚scripta
2365 3243 2457 3320 de
2496 3271 2576 3321 re
2616 3248 3163 3337 contrnversa.)

905 3387 1116 3467 Idem
1153 3385 1380 3463 habet
1415 3414 1488 3488 p.
1529 3388 1726 3484 4103
1781 3387 1912 3462 ubi
1950 3388 2089 3463 sub
2130 3412 2313 3463 voce
2353 3379 2897 3488 ἀντεγράψατο
2948 3388 3135 3463 haec
3174 3413 3471 3487 quoque

689 3515 1082 3613 leguntur:
1140 3512 1280 3583 καὶ
1323 3503 1798 3613 ἀντιγραφαὶ
1837 3514 1977 3584 καὶ
2016 3505 2493 3609 ἀντωμοσίαι
2532 3508 2817 3606 σχεδὸν
2854 3513 2935 3585 αἱ
2972 3507 3232 3585 αὐταί.

905 3656 1182 3735 Pollux
1223 3655 1433 3754 VIII,
1457 3655 1599 3730 58:
1645 3649 2133 3758 Ἀντιγραφή
2172 3669 2285 3733 est
2320 3657 2843 3754 recriminatio,
2885 3683 3056 3734 cum
3095 3658 3261 3756 quis
3296 3682 3471 3732 reus

687 3786 847 3888 ipse
887 3783 1212 3860 vicissim
1250 3791 1573 3858 accusat.
1616 3840 1632 3858 .
1677 3841 1692 3858 .
1734 3839 1751 3858 .
1792 3783 2099 3859 Ponunt
2135 3808 2316 3859 vero
2354 3781 2497 3858 hoc
2536 3783 2850 3860 actionis
2887 3807 3165 3858 nomen
3206 3791 3471 3857 contra

690 3909 1273 4008 tergiversantes
1331 3907 1554 3983 simul
1608 3908 1944 3984 actiones
2001 3909 2224 4010 ipsas.
2323 3907 2572 3985 Etiam
2624 3907 2731 3984 rei
2785 3908 3148 4009 scriptum
3208 3918 3469 3982 contra

695 4035 1250 4112 accusationem
1289 4043 1403 4109 est
1437 4033 1929 4109 recriminatio
1969 4033 2128 4108 sive
2169 4025 2625 4135 ἀντιγραφή.

905 4175 1311 4278 Exemplar
1365 4175 1589 4277 hujus
1646 4167 2119 4277 ἀντιγραφῆς
2177 4187 2290 4252 est
2340 4176 2414 4252 in
2452 4177 2985 4256 Demosthenis
3036 4179 3369 4256 oratione
3408 4179 3465 4252 Ι.

692 4306 771 4381 in
810 4303 1278 4406 Stephanum
1315 4330 1388 4404 p.
1434 4300 1660 4378 1115.

1872 4422 2023 4505 Ad
2066 4423 2293 4507 ⁷28.

905 4591 1472 4693 Hyperides
1544 4617 1718 4695 pro
1768 4593 2357 4695 Euxenippo
2418 4586 2486 4691 ξ.
2530 4592 2677 4666 1οε
2736 4592 2943 4670 Inter
2994 4601 3107 4667 tot
3164 4590 3467 4690 egregia

693 4716 1012 4795 civitatis
1047 4726 1350 4794 nostrae
1387 4718 1730 4796 instituta
1765 4719 1945 4818 quid
1985 4717 2373 4819 pulchrius
2412 4726 2559 4812 est,
2621 4716 2799 4816 quid
2838 4717 3187 4819 populari
3226 4743 3467 4796 rerum

695 4844 920 4922 statui
978 4843 1584 4940 convenientius,
1642 4869 1866 4943 quam
1925 4845 2161 4919 cuivis
2218 4842 2497 4920 civium
2553 4843 2927 4944 permitti,
2988 4853 3070 4918 ut
3106 4843 3387 4918 homini
3424 4869 3465 4916 a

690 4971 830 5048 fori
861 4995 1002 5048 usu
1038 4966 1307 5064 alieno,
1329 4969 1456 5067 qui
1491 4970 1570 5044 in
1608 4970 2031 5047 certaminis
2069 4967 2487 5072 periculum
2526 4969 2889 5046 adductus
2925 4968 3087 5068 ipse
3108 4993 3189 5042 se
3214 4967 3459 5043 defen-

695 5097 872 5175 dere
911 5105 1272 5197 nequeat,
1334 5093 1411 5171 in
1468 5095 1610 5171 hoc
1665 5109 2023 5198 suggestu
2082 5097 2519 5194 auxilietur,
2580 5109 2655 5172 et
2706 5119 2895 5195 quae
2934 5095 3011 5172 in
3050 5121 3277 5172 causa
3312 5095 3461 5194 ejus

679 5221 886 5323 justa
923 5226 1074 5302 sint
1095 5225 1390 5328 judices
1427 5225 1800 5304 edoceat?
