3725 5850
1041 424 1237 476 Lt'ms
1275 423 1411 472 vm
1453 423 1532 472 m
1571 417 1832 468 cAusm
1873 422 2399 478 carn-Amnum
2943 399 3093 476 211

331 641 514 712 μος,
565 607 712 688 τὸν
752 602 1088 702 ἁλόντα,
1147 615 1332 710 πέρα
1391 608 1460 686 δ’
1500 606 1738 686 οὐδὲν
1789 607 2115 687 τούτου·
2175 619 2316 688 καὶ
2372 611 2481 712 τῷ
2530 613 2684 712 μὲν
2730 609 3099 690 διώκοντι

337 729 656 838 ὑπάρχει
712 735 956 812 ταῦτα
982 759 997 776 ·
1073 734 1183 834 τῷ
1241 733 1318 812 δὲ
1375 732 1745 840 φεύγοντι
1801 733 1897 812 τὰ
1948 739 2097 834 μὲν
2151 737 2283 830 τῆς
2340 736 2753 836 διωμοσίας
2805 734 3099 828 ταύτὰ,

339 860 475 940 τὸν
517 863 886 962 πρότερον
939 860 1018 936 δὲ
1077 863 1366 952 ἔξεστιν
1421 859 1736 938 εἰπόντα
1793 860 2034 966 λόγον
2080 863 2585 962 μεταστῆναι·
2642 867 2780 939 καὶ
2820 856 3010 940 οὔθ’
3050 853 3097 938 ὅ

341 985 639 1063 διώκων
673 980 867 1064 οὔθ’
907 989 984 1064 οἱ
1024 985 1470 1080 δικάζοντες
1527 980 1695 1066 οὔτ’
1755 981 1987 1076 ἄλλος
2044 985 2486 1088 ἀνθρώπων
2542 984 2797 1077 οὐδεὶς
2830 987 3103 1089 κύριος

339 1112 700 1193 κωλῦσαι.
1357 1117 1786 1210 (Demosth.
1823 1143 1885 1194 c.
1930 1116 2357 1194 Aristocrat,
2398 1119 2886 1210 642—643.)

1629 1258 1811 1334 837.

544 1368 636 1444 In
674 1363 1118 1468 Areopago,
1175 1365 1304 1442 ubi
1357 1365 1480 1442 lex
1538 1365 1630 1442 de
1686 1367 1916 1442 caede
1975 1367 2099 1466 agi
2154 1368 2497 1444 concedit
2532 1377 2611 1444 et
2634 1367 2895 1470 jubet,
2952 1371 3101 1470 pri·-

334 1521 532 1570 mum
567 1493 648 1568 in
686 1493 990 1570 exitium
1050 1493 1164 1568 sui
1219 1491 1448 1592 ipsius
1507 1502 1582 1566 et
1635 1492 1887 1592 gentis
1944 1501 2021 1567 et
2074 1493 2401 1570 familiae
2454 1519 2633 1570 suae
2678 1494 2965 1594 jurabit
2998 1496 3061 1570 is
3082 1551 3103 1585 ‚

335 1622 458 1722 qui
495 1619 826 1718 aliquem
859 1619 1030 1694 talis
1068 1617 1420 1694 facinoris
1455 1617 1931 1715 criminatum
1970 1617 2241 1696 deinde
2280 1645 2433 1698 non
2470 1621 2781 1720 vulgare
2800 1618 3105 1717 aliquod

335 1746 474 1822 hoc
497 1742 1030 1846 jusjurandum
1070 1741 1277 1818 dabit
1297 1799 1316 1836 ,
1371 1741 1502 1818 sed
1537 1739 1756 1842 quale
1795 1767 2017 1818 nemo
2056 1743 2135 1820 in
2172 1745 2329 1822 ulla
2364 1771 2445 1822 re
2484 1746 2635 1824 alia
2676 1747 2923 1846 jurat,
2994 1745 3103 1820 in-

335 1872 602 1946 sistens
637 1865 1093 1945 consecratis
1131 1865 1482 1942 carnibus
1521 1867 1686 1967 apri
1724 1878 1804 1942 et
1835 1867 2091 1944 arietis
2130 1878 2206 1944 et
2262 1868 2495 1963 tauri,
2551 1869 2789 1968 iisque
2827 1879 3101 1944 macta·-

333 1995 430 2070 tis
466 2005 626 2069 tum
664 2020 711 2068 a
746 1994 1012 2094 quibus
1049 2001 1349 2093 oportet
1383 2007 1540 2068 tum
1586 1991 1730 2068 illis
1788 1992 2053 2068 diebus
2076 2051 2095 2088 ,
2150 1995 2423 2094 quibus
2460 1996 2852 2089 convenit,
2912 2006 2995 2074 ut
3031 2006 3109 2070 et

333 2145 383 2194 a
415 2131 749 2220 tempore
787 2127 865 2194 et
901 2117 998 2194 ab
1036 2117 1462 2194 hominibus
1505 2119 2003 2194 tractantibus
2060 2145 2279 2195 omne
2308 2121 2434 2220 jus
2473 2121 2735 2221 fasque
2774 2131 3103 2222 praeste-

333 2257 471 2322 tur.
551 2244 752 2320 Tum
791 2269 1234 2345 quamquam
1275 2268 1353 2319 se
1413 2244 1544 2318 tali
1593 2229 2083 2345 jurejurando
2144 2243 2549 2342 obligavit,
2607 2245 2939 2320 nondum
2994 2255 3101 2320 ta-

331 2397 508 2447 men
544 2367 864 2446 habetur
899 2368 1008 2444 illi
1045 2369 1272 2464 fides,
1333 2368 1460 2443 sed
1499 2369 1561 2443 si
1611 2370 1985 2444 mendacii
2041 2371 2424 2446 convictus
2482 2371 2745 2462 fuerit,
2804 2369 3109 2472 perjurii

335 2495 642 2572 exitium
679 2493 1102 2570 mercedem
1139 2495 1533 2589 auferens,
1591 2495 1740 2570 suis
1795 2495 2049 2569 liberis
2114 2505 2189 2570 et
2233 2495 2443 2595 genti
2474 2495 2666 2571 nihil
2703 2495 3111 2595 quidquam

331 2621 758 2698 lucrabitur.
835 2619 967 2696 Sin
1011 2622 1185 2722 jure
1243 2645 1625 2696 accusasse
1682 2621 2023 2697 videatur
2070 2634 2147 2697 et
2187 2613 2395 2698 reum
2434 2622 2684 2700 caedis
2721 2633 3106 2724 perpetra-

331 2762 450 2824 tae
491 2747 940 2842 convicerit,
999 2773 1140 2824 nec
1179 2747 1284 2822 sic
1321 2747 1620 2846 quidem
1678 2746 2107 2824 damnatum
2144 2749 2221 2822 in
2261 2773 2395 2824 sua
2431 2757 2803 2848 potestate
2840 2747 3109 2840 habet,

331 2874 462 2951 sed
516 2873 907 2973 infligendi
962 2873 1307 2975 supplicii
1361 2873 1762 2951 auctoritas
1817 2898 2051 2975 penes
2108 2874 2317 2975 leges
2374 2885 2487 2951 est
2542 2883 2617 2950 et
2671 2899 2799 2950 eos
2836 2874 3107 2975 quibus

331 3004 478 3080 hoc
537 3013 654 3078 est
705 3001 1140 3077 mandatum
1160 3057 1179 3093 ,
1251 3000 1606 3076 interesse
1661 3009 1913 3075 autem
1980 2998 2404 3101 spectaculo
2464 2996 2849 3101 supplicii,
2908 2999 3106 3100 quod

332 3129 772 3205 damnatum
807 3153 848 3203 e
887 3128 1056 3225 lege
1093 3125 1466 3226 sequitur,
1505 3125 1682 3201 licet
1715 3124 1859 3219 illi,
1898 3150 2039 3201 nec
2077 3136 2375 3227 praeter
2408 3125 2487 3201 id
2524 3128 2918 3226 quicquam
2956 3130 3107 3200 am-

333 3257 554 3357 plius.
631 3254 730 3329 Et
763 3252 951 3329 haec
991 3262 1202 3346 sunt,
1262 3274 1451 3350 quae
1489 3251 1583 3326 ad
1631 3260 2138 3326 accusatorem
2177 3250 2595 3352 pertinent3
2650 3275 2822 3328 reus
2860 3261 3111 3327 autem

323 3377 851 3481 jusjurandum
889 3375 1152 3452 eodem
1190 3376 1414 3453 modo
1454 3385 1822 3476 praestat,
1882 3376 2054 3451 licet
2101 3386 2349 3450 autem
2387 3376 2455 3450 ei
2492 3376 2827 3452 oratione
2864 3376 3107 3478 primo

334 3506 505 3581 loco
543 3504 743 3580 dicta
778 3501 1019 3579 solum
1056 3512 1385 3597 vertere,
1440 3501 1517 3577 id
1559 3502 1758 3602 quod
1793 3528 2039 3603 neque
2080 3513 2466 3578 accusator
2521 3526 2765 3603 neque
2813 3501 3107 3602 judices

337 3657 586 3731 neque
625 3628 810 3706 alius
846 3629 1231 3705 hominum
1269 3628 1660 3729 quisquam
1697 3628 2095 3728 prohibere
2129 3638 2397 3730 potest.

1628 3789 1805 3864 838.

557 3911 784 3991 Metui
822 3910 966 3989 τὸν
1004 3910 1372 4012 πρότερον
1413 3910 1659 4016 λόγον
1696 3872 1935 4003 ἔξεστι
1974 3920 2291 4015 φυγεῖν,
2351 3906 2551 4002 πλὴν
2586 3910 2664 3985 εἴ
2690 3940 2804 3999 τις
2841 3894 3110 4014 γονέας

338 4044 455 4134 εἴη
493 4037 959 4126 ἀπεκτονώς.
1634 4149 1794 4223 838
2079 4038 2391 4132 (Pollux
2427 4039 2636 4133 VIII,
2681 4038 2897 4132 117.)

555 4279 736 4354 Post
773 4277 1093 4379 primam
1149 4274 1558 4351 orationem
1613 4274 1835 4349 liceat
1890 4298 2021 4347 reo
2068 4271 2306 4347 solum
2363 4282 2653 4349 vertere
2676 4330 2695 4368 ,
2748 4272 2893 4349 nisi
2949 4274 3112 4375 quis

339 4403 824 4507 parricidium
861 4401 1368 4479 commisisset.

1636 4509 1814 4585 839.

557 4638 926 4726 Πωληταὶ
984 4629 1496 4733 πιπράσκουσι
1551 4627 1685 4718 τοὶς
1739 4630 1898 4707 τῶν
1951 4637 2029 4721 ἐξ
2078 4626 2393 4730 Ἀρείου
2451 4626 2705 4734 πάγου
2734 4626 2931 4729 μετὰ
2970 4627 3114 4706 τὸν

343 4760 718 4863 πρότερον
754 4758 996 4874 λόγον
1033 4757 1449 4861 φυγόντων
1487 4752 1779 4843 οὐσίας.
2127 4759 2439 4853 (Pollux
2479 4759 2688 4857 VIII,
2730 4762 2898 4851 99.)

1634 4922 1813 5000 839.

559 5032 1009 5112 Venditores
1047 5030 1386 5108 vendunt
1441 5056 1698 5109 eorum
1753 5028 2252 5125 substantias,
2313 5030 2437 5129 qui
2471 5040 2647 5131 post
2682 5028 3001 5129 primam
3036 5024 3115 5100 in

349 5162 750 5265 Areopago
787 5158 1216 5261 apologiam
1251 5158 1510 5237 exules
1545 5166 1736 5233 sunt.
2564 5274 2690 5338 14*
