3725 5850
603 445 760 521 418
1474 468 2091 522 conmenrsmus
2128 467 2236 518 An
2276 461 2364 522 16.
2404 463 2494 520 18.

601 661 682 737 in
719 661 1032 738 alterum
1068 672 1319 738 autem
1356 686 1583 762 quum
1619 659 1993 761 legitimae
2030 661 2217 736 fiunt
2264 657 2568 757 aetatis;
2624 656 2852 735 ethic
2886 657 3117 736 index
3152 678 3381 734 voea-

601 795 722 862 tur
774 787 1099 865 album
1155 789 1580 881 civium.)

811 931 886 1007 N
887 958 988 1008 on
1018 933 1209 1010 bene
1241 933 1464 1032 igitur
1489 932 1876 1030 distinguit
1910 931 1975 1006 Β
1997 941 2041 1007 ὃ
2062 931 2111 1008 h
2129 956 2181 1006 n
2202 953 2243 1006 e
2261 955 2303 1006 c
2321 928 2376 1006 k
2396 953 2437 1006 e
2475 927 2659 1008 duas
2694 929 3142 1010 maturitatis
3178 935 3383 1006 aeta·

598 1064 751 1150 tes,
809 1082 1123 1156 quarum
1177 1083 1330 1134 una
1385 1057 1692 1136 cuilibet
1733 1055 2298 1138 Atheniensium
2342 1054 2475 1156 jus
2528 1054 2626 1132 ad
2673 1053 3387 1159 apprehendendam

598 1193 988 1282 paternam
1025 1185 1542 1277 substantiam,
1581 1184 1814 1262 altera
1850 1209 2031 1260 vero
2055 1182 2183 1283 jus
2219 1181 2541 1260 civitatis
2578 1181 2859 1260 tribuit.
2896 1182 2991 1262 V.
3030 1181 3085 1260 S
3103 1208 3146 1260 c
3164 1179 3217 1257 h
3234 1207 3283 1258 a
3304 1204 3381 1256 e-

602 1307 792 1386 fer:
827 1308 1372 1388 Demosthenes
1406 1308 1558 1388 und
1593 1310 1797 1388 scine
1835 1308 2019 1386 Zeit.
2077 1307 2294 1385 Tom.
2334 1307 2470 1386 111.
2511 1335 2583 1411 p.
2626 1308 2749 1385 26.

813 1447 1057 1530 Schol.
1115 1451 1596 1556 Aristophan.
1655 1450 1883 1552 Vesp.
1944 1450 2138 1525 578:
2202 1441 2727 1548 Ἀριστοτέλης
2781 1446 2867 1523 δέ
2918 1472 3155 1543 φησιν
3173 1503 3195 1537 ,
3252 1441 3381 1522 ὅτι

603 1572 846 1675 ψήφῳ
903 1577 979 1651 οἱ
1033 1572 1604 1680 ἐγγραφόμενοι
1662 1571 2223 1672 δοκιμάζονται
2251 1631 2274 1663 ,
2334 1576 2410 1650 εἰ
2462 1570 2813 1675 νεώτεροι
2858 1570 2968 1672 μὴ
3026 1571 3221 1651 ἐτῶν
3273 1569 3373 1663 ιη’

599 1699 774 1780 εἶεν.
832 1701 1312 1799 (Aristoteles
1349 1703 1549 1798 dicit,
1587 1702 1787 1805 quod
1820 1701 2156 1806 inscripti
2192 1702 2553 1804 suffragio
2590 1700 3093 1806 explorentur,
3132 1701 3385 1778 utrum

597 1855 752 1908 non
789 1829 944 1906 sint
970 1829 1308 1932 juniores
1347 1827 1760 1907 octodecim
1795 1829 2078 1924 annis.)

812 1974 904 2051 In
955 1973 1284 2050 virorum
1340 1974 1592 2052 album
1649 1973 1907 2051 referri
1960 1973 2161 2050 idem
2194 1986 2305 2052 est
2341 1997 2431 2052 ac
2480 1971 2785 2076 probari
2834 1963 3383 2070 (δοκιμασθῆ-

598 2101 769 2191 ναι)
809 2111 884 2176 et
920 2101 1045 2200 qui
1079 2099 1414 2180 nondum
1448 2100 1526 2177 in
1564 2101 1821 2178 album
1855 2099 2129 2178 relatus
2166 2110 2315 2195 est,
2354 2126 2511 2178 non
2549 2102 2911 2204 probatus
2948 2099 3257 2194 dicitur,
3294 2103 3385 2172 ut

595 2225 853 2304 scribit
888 2223 1386 2330 Harpocratio
1428 2249 1483 2303 s.
1524 2253 1594 2302 v.
1634 2218 2181 2322 ἀδοκίμαστος.

811 2369 903 2448 In
945 2368 1195 2446 album
1234 2367 1492 2446 referri
1531 2367 1917 2448 dicebatur
1972 2369 2194 2447 etiam
2253 2361 2811 2466 δημοτεύεσθαι
2830 2422 2855 2457 ,
2908 2367 2987 2446 id
3026 2376 3137 2446 est
3157 2423 3179 2459 ,
3234 2391 3379 2469 po·

598 2495 778 2596 pulo
817 2495 1212 2572 accenseri.
1291 2493 1600 2593 Legitur
1650 2493 1795 2570 hoc
1849 2495 1930 2572 in
1967 2494 2257 2572 Lexicis
2296 2494 2601 2596 Seguer.
2658 2521 2732 2596 p.
2778 2495 2953 2588 186,
3010 2519 3067 2570 s.
3104 2521 3177 2572 v.
3236 2488 3377 2583 δη-

595 2613 1063 2694 ιιοτεύεσθαι
1085 2649 1110 2691 .·
1165 2613 1254 2694 τό
1313 2613 1847 2721 ἐγγράφεσθαι
1904 2621 2011 2704 εἰς
2060 2623 2199 2694 ἕνα
2234 2617 2393 2695 τῶν
2430 2616 2687 2720 δήμων
2724 2623 2863 2695 καὶ
2902 2613 3105 2695 εἶναι
3138 2623 3227 2695 ἐν
3261 2615 3377 2718 τῷ

597 2741 1068 2844 ληξιαρχικῷ
1107 2744 1602 2848 γραμματείῳ
1642 2738 2203 2840 δημοτεύεσθαι
2236 2749 2608 2824 ἐκαλεῖτο.

813 2890 1037 2993 Apud
1074 2885 1749 2985 Lacedaemonios,
1807 2889 1871 2966 si
1928 2889 2092 2992 quis
2148 2890 2425 2967 civium
2479 2917 2639 2969 non
2684 2895 3067 2994 pateretur
3103 2919 3373 2998 puero-

599 3046 766 3098 rum
799 3021 1362 3116 institutionem,
1403 3020 1464 3095 is
1486 3019 1657 3123 jure
1695 3019 2015 3097 civitatis
2055 3021 2606 3099 excludebatur.
2651 3022 2757 3117 (Ρ
2776 3020 2802 3098 1
2821 3048 2871 3097 u
2890 3033 2921 3098 t
2941 3049 2987 3100 a
3004 3050 3042 3098 r
3059 3049 3100 3100 c
3118 3022 3189 3099 h.
3229 3024 3267 3101 I
3285 3049 3373 3098 n-

597 3149 960 3225 stituta
994 3146 1342 3225 Lacon.
1391 3145 1555 3239 21.)

1809 3321 1961 3408 Ad
2012 3324 2159 3407 18.

810 3503 947 3585 Vir
985 3506 1445 3590 doctissimus
1483 3508 1903 3611 Stephanus
1944 3510 2035 3589 A.
2076 3508 2552 3591 Cumanudes
2602 3510 2747 3589 luci
2785 3512 3131 3616 publicae
3165 3508 3373 3588 dedit

595 3632 676 3713 in
713 3629 1108 3732 Πανδώρᾳ
1166 3634 1520 3728 (Athenis
1561 3636 1792 3733 1866,
1848 3636 2065 3715 Tom.
2104 3637 2314 3717 XVI.
2377 3664 2550 3739 pag.
2593 3638 2787 3732 511)
2842 3638 3037 3715 hanc
3091 3662 3371 3716 memo-

599 3772 763 3838 ratu
817 3760 1128 3859 dignam
1179 3759 1741 3863 inscriptionem
1777 3761 2153 3841 Graecam
2177 3820 2196 3859 ,
2254 3788 2446 3863 quae
2505 3760 2600 3840 ad
2653 3764 3211 3866 cooptationem
3263 3764 3366 3840 ci-

598 3888 800 3963 vium
835 3896 1076 3963 aetate
1114 3884 1598 3965 Macedonica
1633 3887 1986 3965 refertur:
2016 3881 2197 3962 Ἐπὶ
2238 3889 2659 3965 Διονυσίου
2698 3879 3084 3987 ἄρχοντος
3128 3882 3373 3963 Ἐλα-
3420 3878 3426 3885 ’

599 4007 1084 4109 φηβολιῶνος
1122 4005 1459 4107 δευτέραι
1501 4014 1568 4107 ¹)
1597 4017 1768 4108 μετ’
1807 4007 2165 4101 εἰκάδας,
2222 4015 2597 4105 ἐκκλησία
2634 4019 2729 4112 ἐμ
2766 4018 3161 4117 Πειραιεῖ,
3218 4017 3371 4087 Νι-

596 4138 774 4221 κίας
848 4138 1308 4225 Πολυξένου
1364 4132 1658 4237 Πόριος
1731 4134 1980 4213 εἶπενι·
2054 4134 2306 4230 ἐπειδὴ
2374 4133 2882 4239 Ἀλέξανδρος
2942 4132 3371 4240 εὔχρηστον

601 4255 884 4336 ἑαυτὸν
922 4258 1486 4359 παρασκευάζει
1521 4266 1660 4338 καὶ
1697 4274 1955 4341 κοινεῖ
1988 4267 2053 4361 ²)
2108 4269 2248 4339 καί
2287 4261 2483 4340 ἰδέαι
2519 4269 2585 4362 ⁸)
2638 4276 2801 4354 τοῖς
2836 4263 3369 4363 ἐντυνχάνου-

601 4409 725 4461 σιν
775 4383 936 4460 τῶν
993 4386 1370 4478 πολιτῶν,
1429 4383 1723 4492 ἀγαθεῖ
1755 4387 1972 4485 τύχει
2010 4394 2075 4486 ⁴)
2134 4388 2511 4488 δεδόχθαι
2566 4400 2685 4469 τεῖ
2732 4394 3005 4493 βουλεῖ
3036 4399 3127 4490 ⁵),
3182 4388 3371 4481 τούς

598 4508 986 4606 λαχόντας
1023 4510 1434 4613 προέδρους
1469 4518 1576 4601 εἰς
1613 4512 1756 4608 τη“ν
1793 4516 2167 4592 ἐπιοῦσαν
2222 4520 2647 4609 ἐκκλησίαν
2689 4522 3162 4620 χρηματίσαι
3200 4523 3370 4619 περὶ

597 4632 945 4727 τούτων,
1002 4634 1313 4743 γνώμην
1353 4636 1430 4715 δὲ
1469 4639 2050 4742 ξυμβάλλεσθαι
2086 4642 2220 4735 τῆς
2256 4642 2546 4744 βουλῆς
2588 4647 2695 4730 εἰς
2730 4640 2874 4721 τόν
2912 4642 3184 4743 δῆμον,
3242 4638 3368 4719 ὅτι

601 4759 825 4837 δοκεῖ
855 4772 970 4837 τεῖ
999 4765 1274 4865 βουλεῖ
1304 4766 1396 4861 ⁶),
1456 4770 1843 4842 ἐπαινέσαι
1890 4763 2409 4869 Ἀλέξανδρον
2455 4766 3039 4870 Καλλιστράτου
3083 4776 3369 4847 &ewa-

599 4882 746 4965 λόν
800 4890 941 4963 καί
998 4888 1479 4987 στεφανῶσαι
1540 4894 1842 4970 θαλλοῦ
1904 4892 2281 4993 στεφάνωι
2318 4902 2431 4991 ⁷),
2492 4892 2862 4971 δεδόσθαι
2902 4893 2983 4971 δὲ
3020 4891 3272 4973 αὐτωῖ
3303 4904 3371 4993 ⁸)

819 5120 1220 5217 fidem-spot.
1272 5158 1351 5171 --
1408 5129 1485 5204 2)
1515 5122 1736 5217 κοινῇ..
1779 5164 1856 5175 -·
1914 5130 1989 5206 3)
2030 5125 2197 5219 ἰδίᾳ.
2249 5164 2329 5178 -
2382 5133 2463 5211 4)
2510 5124 2761 5225 ἀγαθῇ
2796 5128 2988 5223 τύχῃ.
3041 5166 3121 5182 -—
3180 5138 3256 5213 5)
3288 5126 3371 5223 τῇ

598 5220 831 5317 βουλῇ.
865 5264 951 5277 --—
985 5233 1062 5308 6)
1093 5222 1176 5318 τῇ
1205 5224 1444 5322 βουλῇ.
1479 5264 1558 5281 —-—
1597 5234 1673 5314 7)
1703 5231 2037 5327 στεφάνῳ.
2071 5270 2154 5287 -——-
2187 5236 2265 5319 8)
2296 5233 2507 5329 αὐτῷ.
