3725 5850
1032 438 1649 492 coMMEermus
1686 438 1791 490 An
1835 436 1958 491 126.
2001 437 2124 491 128.
2169 438 2292 493 130.
2337 438 2458 493 131.
2964 418 3118 494 433

318 660 541 735 quae
579 635 1069 713 continebant
1104 660 1305 729 rem,
1368 634 1460 710 de
1518 657 1667 733 qua
1722 632 2156 710 deliberatio
2212 644 2408 711 esset
2443 644 2518 709 et
2555 634 2654 711 ob
2693 662 2911 736 quam
2949 660 3122 712 con-

315 760 897 859 gregabantur,
958 769 1034 835 et
1081 759 1611 861 proponebant
1661 784 1785 833 eas
1822 768 1996 835 ante
2037 760 2512 852 concionem,
2576 773 2655 838 ut
2691 788 2949 838 omnes
2987 764 3124 838 sci-

320 898 555 983 rent,
596 886 689 967 de
730 912 879 987 qua
914 910 995 963 re
1034 886 1129 962 sit
1166 886 1413 963 futura
1452 885 1780 976 concio.)

1528 1095 1681 1177 Ad
1733 1094 1950 1177 120.

564 1262 833 1342 Suidas
889 1290 945 1339 s.
993 1290 1062 1339 v,
1104 1269 1452 1357 σημεῖονε
1512 1260 1704 1337 Cum
1760 1261 2057 1335 comitia
2113 1260 2462 1337 habenda
2517 1272 2764 1356 erant,
2825 1263 3126 1361 signum

322 1389 932 1492 proponebatur.
1010 1388 1364 1467 Similiter
1416 1386 1645 1488 igitur
1684 1412 1855 1463 cum
1895 1398 1968 1462 et
2002 1387 2351 1463 mulieres
2388 1389 2465 1463 in
2505 1388 3122 1490 Thesmophoriis

324 1516 641 1591 comitia
678 1514 1071 1593 habiturae
1114 1526 1364 1610 erant,
1422 1515 1721 1613 signum
1767 1515 2234 1614 propositum
2293 1526 2425 1590 est.
2507 1512 2788 1590 Alludit
2826 1514 2920 1590 ad
2960 1512 3131 1593 Ari-

326 1641 730 1742 stophanis
768 1641 1578 1743 Thesmophoriazusas
1620 1640 2112 1734 (277-278,
2155 1643 2305 1734 V.):

538 1756 919 1841 ’Ἑσπευδε
956 1770 1243 1860 ταχέως
1266 1793 1280 1806 ·
1324 1756 1425 1849 ὦς
1462 1760 1553 1839 τὸ
1592 1762 1722 1854 τῆς
1760 1766 2176 1855 ἐκκλησίας
2215 1775 2530 1863 σημεῖον
2567 1771 2652 1840 ἐν
2694 1763 2803 1863 τῷ
2833 1770 3129 1864 &copto-

328 1894 599 1990 φορίῳ
655 1894 1033 1985 φαίνεται.
1130 1893 1504 1994 (Propera
1559 1892 1944 1989 celeriter;
2017 1917 2192 1968 nam
2250 1892 2628 1971 concionis
2689 1893 2994 1993 signum
3047 1895 3125 1977 in

328 2020 945 2122 Thesmophorio
985 2021 1367 2121 apparet.)

1526 2139 1679 2221 Ad
1730 2140 1948 2225 128.

561 2307 1197 2412 Aristophan.
1256 2306 1669 2385 Acharn.
1732 2304 2066 2382 17-22,
2108 2333 2175 2382 v.
2255 2308 2370 2383 Ex
2427 2333 2578 2407 quo
2627 2333 2745 2383 me
2787 2308 3126 2387 sordibus

326 2434 645 2536 purgari
676 2459 855 2510 curo
877 2433 1157 2532 (inquit
1175 2431 1715 2533 Dicaeopolis),
1757 2456 2142 2532 nunquam
2181 2432 2582 2534 supercilia
2619 2458 2790 2511 mea
2825 2436 2932 2511 sic
2969 2460 3124 2511 mo-

328 2558 617 2635 mordit
650 2558 985 2637 lixivium
1008 2614 1025 2647 ‚
1085 2570 1167 2633 ut
1203 2582 1442 2653 nunc,
1502 2583 1733 2657 quum
1768 2567 2106 2657 tempore
2149 2556 2530 2655 legitimae
2573 2561 2960 2637 concionis
2997 2561 3124 2637 de-

330 2694 543 2763 serta
579 2696 691 2761 est
726 2684 969 2784 Pnyx.
1045 2681 1146 2762 At
1180 2682 1287 2759 illi
1328 2683 1908 2759 confabulantur
1943 2683 2024 2757 in
2061 2683 2264 2777 for0,
2327 2695 2400 2759 et
2437 2710 2728 2761 sursum
2768 2685 3118 2763 deorsum

330 2810 669 2911 fugitant
722 2808 1127 2887 rubrica
1195 2810 1619 2885 tinctum
1687 2810 2018 2886 funem
2091 2802 2218 2904 (τὸ
2281 2811 2643 2902 σχοινίον
2703 2804 2790 2883 τὸ
2840 2814 3130 2907 μεμιλ-,

328 2940 739 3034 τωμένον).

552 3059 820 3138 Suidas
860 3089 915 3138 s.
953 3089 1022 3137 v.
1053 3061 1365 3156 μίλτοςε
1424 3057 1924 3138 Athenienses
1961 3062 2038 3136 in
2079 3063 2522 3138 concionem
2557 3063 3118 3164 compelleban-

329 3199 455 3268 tur
495 3188 676 3268 fune
718 3187 1062 3282 miniatO,
1121 3212 1267 3287 quo
1305 3186 1551 3264 forum
1588 3184 2206 3264 circumdabatur.

1518 3398 1672 3483 Ad
1719 3398 1938 3482 130.

552 3567 904 3644 Pollux
944 3565 1153 3658 VIII,
1199 3565 1389 3640 104:
1448 3567 1924 3645 Peristiarchi
1962 3567 2308 3667 porcellis
2345 3566 2764 3644 minoribus
2801 3568 3119 3670 expiant

328 3694 771 3770 concionem
810 3703 887 3768 et
922 3691 1310 3768 theatrum.
1381 3693 1759 3769 Lustratio
1812 3703 2060 3770 autem
2117 3691 2304 3768 haec
2364 3693 2742 3794 porcellus
2801 3697 3112 3792 (χοιρί-

332 3815 551 3912 διον)
592 3816 998 3896 dicebatur.

549 3945 902 4022 Suidas
940 3974 994 4022 S.
1036 3975 1105 4022 v.
1150 3946 1747 4049 Περισγίαρχοςε
1804 3946 1952 4040 Qui
1994 3947 2336 4041 domum,
2400 3948 2854 4023 concionem·
2880 3959 2954 4022 et
2992 3973 3110 4023 ur-

327 4076 507 4151 bem
543 4074 829 4149 lustrat.
904 4071 1023 4149 Ab
1064 4071 1273 4144 ὲστία
1314 4073 1433 4148 vel
1471 4099 1515 4147 a
1553 4072 2096 4166 περιστείχειν,
2155 4072 2231 4148 id
2273 4083 2424 4166 est,
2479 4099 2522 4148 a
2563 4072 3109 4150 circumeundo.

328 4203 528 4279 Ister
562 4208 813 4275 autem
846 4199 925 4273 in
967 4196 1171 4277 Atti
1194 4199 1335 4274 cis
1385 4197 1562 4273 dicit
1597 4198 1936 4274 victimas
1974 4195 2313 4273 lustrales
2352 4196 2716 4299 appellari
2743 4199 3107 4295 περίστια,

326 4351 605 4426 eosque
662 4325 787 4426 qui
844 4325 1126 4424 templa
1178 4323 1597 4400 lustrabant
1664 4318 2260 4418 περιστιάρχους.
2364 4323 2852 4402 Extrinsecus
2910 4328 3110 4403 enim

327 4451 859 4544 circumibant,
936 4474 1385 4551 unoquoque
1464 4449 1931 4526 sacerdotum
1999 4450 2410 4551 porcellum
2468 4451 2800 4546 ferente,
2885 4453 3107 4528 aedes

326 4575 665 4678 publicas
704 4578 1245 4652 circumeuntes
1284 4586 1358 4652 et
1395 4576 1755 4652 ambitum
1794 4588 2123 4676 agenteS.
2167 4619 2260 4630 -·-
2307 4578 2500 4654 Item
2553 4577 3104 4678 peristiarchus,

328 4705 457 4805 qui
493 4703 573 4777 in
610 4703 972 4778 concione
1010 4701 1574 4780 lustrationibus
1613 4712 1932 4803 praeest.

1480 4887 1678 4996 'Ad
1727 4915 1926 4997 131.

545 5077 843 5156 Bekker
882 5077 1162 5156 Anecd.
1201 5107 1313 5179 gr.
1352 5082 1410 5176 Ι,
1450 5108 1523 5182 p.
1566 5079 1755 5155 290:
1800 5082 1892 5151 Π
1905 5075 2133 5176 ρόεδ
2148 5106 2254 5177 ρο
2281 5107 2306 5152 ι
2349 5141 2363 5158 .
2409 5141 2423 5158 .
2467 5141 2482 5160 .
2526 5140 2541 5159 .
2587 5075 3101 5178 κληρούμενοι

326 5194 485 5284 ὑπὸ
542 5200 698 5282 τῶν
756 5199 1201 5303 πρυτάνεων
1253 5208 1446 5278 καθ’
1488 5201 1821 5296 ἑκάστην
1877 5207 2300 5297 ἐκκλησίαν
2359 5213 2436 5297 ἐξ
2478 5202 2793 5294 ἑκάστης
2833 5201 3098 5300 φυλῆς.

2585 5329 2672 5397 28
