3725 5850
1165 460 1778 519 commem-Amas
1825 463 1929 517 An
1968 464 2270 525 σοι-605.
2944 437 3101 524 498

323 668 574 734 autem
637 660 715 729 K
729 652 914 731 ατὰ
962 651 1406 753 Ὀνήτορος.
1485 656 1580 733 Et
1633 668 1833 733 recte
1898 660 2235 759 quidem3
2291 660 2467 761 quia
2521 658 2599 735 in
2654 656 2771 735 his
2817 658 3105 736 duabus

326 785 792 861 orationibus
833 786 1078 885 agitur
1116 785 1208 860 de
1246 786 1474 884 jure
1533 794 2230 879 controvers03
2290 784 2651 884 Aphobus
2688 784 2907 877 enirn,
2945 786 3093 860 De-

317 910 734 985 mosthenis
771 920 1010 995 tutor,
1071 910 1279 987 duxit
1337 908 1684 985 Onetoris
1742 935 2093 987 sororem.
2172 909 2321 987 Sed
2371 908 2698 1004 Onetor,
2748 910 2914 1009 Jam
2966 933 3101 985 reo

321 1034 524 1109 facto
565 1032 926 1135 Aphob0‚
968 1044 1431 1110 commentus
1472 1034 1911 1130 divortium,
1973 1060 2307 1112 sororem
2344 1036 2438 1111 ad
2479 1061 2557 1111 se
2596 1034 2953 1128 abduxit,
2992 1044 3101 1108 at-

317 1184 468 1257 que
509 1159 1093 1236 Demosthenem
1128 1160 1206 1235 in
1247 1159 1573 1237 damnati
1613 1157 1915 1258 Aphobi
1958 1158 2162 1237 bona
2198 1171 2273 1237 et
2306 1159 2579 1237 fundos
2617 1158 3097 1235 invadentem

317 1285 652 1386 expulit,
693 1284 950 1361 dicens
991 1287 1268 1363 sororis
1307 1310 1466 1361 esse
1506 1284 1799 1360 fundos.

536 1426 684 1505 Sed
747 1427 1130 1505 videamus
1182 1426 1440 1503 ordine
1493 1427 1911 1515 orationes,
1973 1452 2161 1527 quae
2200 1422 2403 1501 κατά
2443 1453 2646 1512 τινος
2684 1426 3103 1501 inscribun-

319 1564 480 1645 tur,
542 1564 624 1627 ut
680 1550 968 1627 eluceat
1023 1553 1102 1629 in
1162 1552 1250 1627 iis
1306 1551 1653 1626 omnibus
1710 1577 1865 1625 non
1922 1561 2076 1627 tam
2116 1552 2207 1627 de
2233 1554 2407 1654 jure
2448 1552 2769 1651 quodam
2808 1560 3099 1625 contro-

323 1704 585 1771 vers0,
626 1704 850 1778 quam
891 1679 1134 1777 potius
1173 1676 1264 1751 de
1305 1677 1557 1776 iniquo
1601 1677 1800 1751 facto
1839 1678 1981 1777 agi.
2060 1678 2447 1779 Ejusmodi
2487 1688 2661 1753 sunt

544 1820 693 1896 1-0.
751 1820 1279 1897 Demosthenis
1332 1812 1592 1889 κατὰ
1645 1811 2013 1914 Ἀφόβου
2054 1816 2473 1913 ἐπιτροπῆς.
2546 1820 2913 1922 Aphobus
2949 1846 3105 1899 non

322 1943 536 2027 duxit
571 1946 1097 2023 Demosthenis
1138 1946 1370 2046 patris
1407 1972 1760 2040 uxorem,
1819 1957 1903 2021 ut
1940 1971 1980 2021 e
2027 1957 2476 2023 testamento
2518 1946 2933 2043 debuisset,
2974 1971 3101 2023 ne-

322 2097 468 2171 que
523 2072 1052 2173 patrimonium
1106 2071 1592 2147 Demostheni
1651 2071 1976 2149 tradidit.
2064 2072 2237 2147 Non
2297 2073 2672 2172 quaeritur
2724 2072 2954 2170 igitur
3009 2070 3101 2150 de

316 2198 530 2297 jure,
589 2197 720 2273 sed
760 2198 852 2273 de
893 2198 1108 2273 famo.

541 2341 698 2417 2-0.
754 2340 1282 2417 Demosthenis
1337 2330 1594 2410 κατὰ
1653 2330 2078 2429 Στεφάνου
2141 2337 2268 2415 1-a
2324 2350 2399 2413 et
2456 2339 2607 2415 2-a.
2682 2335 3101 2437 Agitur-de

323 2465 516 2541 falso
555 2467 998 2542 testimoniO.
1055 2466 1258 2563 Ergo
1297 2463 1390 2541 de
1431 2465 1649 2541 facto,

542 2609 694 2685 3·o.
751 2608 1276 2685 Demosthenis
1315 2598 1570 2680 κατὰ
1616 2600 1959 2707 Εὐέργου
1996 2606 2137 2679 καὶ
2178 2600 2765 2703 Μνησιβούλον,
2822 2608 3101 2688 Iterum

324 2733 414 2811 de
457 2735 648 2811 falso
689 2734 1126 2812 testimonio.

542 2880 691 2956 4-0.
758 2875 1288 2956 Demosthenis
1344 2867 1604 2946 κατά
1655 2866 2321 2969 Ὀλυμπιοδώρου.
2394 2874 2512 2950 De
2576 2872 2752 2951 dato
2808 2874 3098 2954 damno·

325 3006 566 3103 Igitur
605 3006 696 3080 de
733 3005 987 3104 iniquo
1027 3003 1248 3078 factO.

544 3152 693 3223 5-0.
750 3145 1271 3224 Demosthenis
1320 3136 1578 3216 κατὰ
1632 3136 2013 3226 Κόνωνος.
2091 3141 2337 3242 Aristo
2390 3139 2777 3217 Cononem
2835 3140 3096 3217 verbe-

327 3275 635 3352 rationis
673 3282 1012 3366 accusat,
1053 3282 1127 3346 et
1166 3271 1323 3370 ejus
1372 3269 1618 3345 facti
1667 3280 1895 3345 testes
1932 3266 2295 3369 producit.

543 3419 694 3493 6-0.
752 3413 1280 3491 Demosthenis
1345 3404 1602 3484 κατὰ
1677 3402 2294 3507 Διονυσοδώρου.
2404 3411 2685 3488 Iterum
2760 3409 2851 3487 de
2924 3407 3099 3486 dato

327 3543 622 3621 damno.

542 3668 690 3744 ’7-0.
749 3663 1022 3767 Lysiae
1073 3659 1326 3738 κατὰ
1381 3666 1889 3768 Διογείτονος.
1968 3664 2337 3750 Diodotus
2382 3665 2459 3740 in
2504 3659 2752 3741 Asiam
2792 3663 3096 3776 naviga·

324 3807 534 3872 turus
590 3804 1117 3870 testamentum
1175 3793 1504 3870 condidit
1559 3795 2035 3895 puerulisque
2096 3792 2247 3868 suis
2314 3802 2635 3868 tutorem
2688 3791 3101 3890 assignavit

321 3921 826 4022 Diogitonem.
902 3917 1228 3996 Diodoto
1263 3931 1595 4013 mortu0‚
1656 3944 1885 4018 quum
1922 3916 2285 4015 Diogiton
2341 3917 2591 3992 omnia
2644 3915 3097 4018 pupillorum

327 4048 530 4124 bona
564 4046 1150 4123 administrasset
1188 4055 1262 4120 et
1299 4069 1390 4120 ex
1428 4044 1680 4144 ampla
1719 4043 2021 4118 fortuna
2057 4042 2145 4117 iis
2183 4040 2367 4117 nihil
2407 4040 2768 4130 dedisset,
2810 4041 2905 4116 ab
2948 4065 3097 4116 uno

330 4198 776 4273 puerorum,
836 4172 960 4271 qui
1009 4170 1302 4247 virilem
1341 4181 1594 4267 togam
1631 4182 2089 4268 sumpserat,
2150 4167 2343 4243 male
2384 4165 2942 4278 administratae
2983 4177 3094 4241 tu-

325 4296 552 4394 telae,
594 4322 774 4396 ergo
811 4291 1042 4396 iniqui
1083 4297 1120 4373 f
1136 4321 1240 4373 ac
1261 4295 1372 4387 ti,
1413 4305 1818 4371 accusatur.

547 4440 702 4516 8-0.
763 4439 1034 4542 Lysiae
1083 4441 1290 4510 κατ’
1328 4429 1720 4520 Εὐκλέους
1747 4434 2069 4530 χωρίου.
2132 4435 2467 4534 (Fragm.
2512 4433 2685 4510 100.
2727 4431 2840 4510 ed.
2894 4429 3097 4509 Car.

334 4565 755 4657 Mfiller.)
813 4563 1073 4641 Oratio
1115 4565 1268 4662 egit
1306 4564 1398 4640 de
1439 4563 1673 4639 fundo
1695 4617 1717 4655 ,
1776 4576 1846 4638 et
1894 4561 2194 4661 quidem
2248 4555 2735 4662 probabiliter
2770 4557 2844 4634 vi
2883 4580 3095 4631 occu·

330 4703 528 4793 pato.
601 4691 904 4766 Poterat
961 4689 1190 4787 igitur
1242 4689 1553 4764 fortasse
1614 4688 1837 4764 etiam
1894 4687 2085 4762 actio
2143 4685 2438 4787 privata
2472 4678 2781 4771 ἐξούλης
2819 4679 3097 4758 institui

283 4829 288 4834 ·
325 4845 382 4888 κ
405 4843 451 4888 α
473 4845 516 4888 τ
537 4811 584 4886 ά
618 4841 860 4901 τινος,
903 4816 1138 4891 sinon
1159 4814 1652 4913 quaerebatur
1673 4839 1846 4890 num
1875 4813 2046 4914 jure
2086 4811 2247 4911 quis
2284 4809 2597 4887 fundum
2637 4815 3096 4907 occupasset,

335 4942 464 5020 sed
521 4942 685 5042 ipsa
741 4939 1075 5016 violenta
1125 4940 1318 5015 actio
1341 4999 1359 5034 ,
1435 4951 1806 5038 tamquam
1863 4939 2195 5037 iniquum
2252 4937 2528 5012 factum
2588 4931 3097 5010 accusabatur.

333 5067 500 5144 Hoc
531 5067 758 5142 modo
793 5065 1018 5164 igitur
1058 5089 1316 5140 verum
1357 5064 1662 5142 dixisset
1711 5063 1762 5139 S
1785 5089 1826 5140 c
1845 5063 1895 5139 h
1918 5090 1962 5138 o
1985 5088 2023 5140 e
2043 5087 2115 5137 m
2138 5087 2183 5137 a
2202 5087 2253 5136 n
2277 5086 2326 5136 n
2347 5088 2396 5137 u
2415 5087 2489 5156 s,
2530 5060 2755 5136 etiam
2791 5049 3099 5144 ἐξούλης

330 5194 700 5273 actionem
739 5191 964 5268 fuisse
1015 5216 1068 5260 κ
1091 5213 1138 5261 α
1159 5215 1201 5260 τ
1223 5183 1270 5260 ἀ
1309 5215 1537 5273 τινος.
