<?xml version="1.0" encoding="UTF-8"?>
<!DOCTYPE html PUBLIC "-//W3C//DTD XHTML 1.0 Transitional//EN"
    "http://www.w3.org/TR/xhtml1/DTD/xhtml1-transitional.dtd">
<html xmlns="http://www.w3.org/1999/xhtml" xml:lang="en" lang="en">
 <head>
  <title>
</title>
<meta http-equiv="Content-Type" content="text/html;charset=utf-8" />
  <meta name='ocr-system' content='tesseract 3.04.00' />
  <meta name='ocr-capabilities' content='ocr_page ocr_carea ocr_par ocr_line ocrx_word'/>
</head>
<body>
  <div class='ocr_page' id='page_1' title='image "./synaggtnattiknn01tlgoog_0383.png"; bbox 0 0 3725 5850; ppageno 0'>
   <div class='ocr_carea' id='block_1_1' title="bbox 1089 467 3053 555">
    <p class='ocr_par' dir='ltr' id='par_1_1' title="bbox 1089 467 3053 555">
     <span class='ocr_line' id='line_1_1' title="bbox 1089 467 3053 555; baseline 0.003 -16"><span class='ocrx_word' id='word_1_1' title='bbox 1089 489 1474 540; x_wconf 71' lang='lat' dir='ltr'><strong>successio</strong></span> <span class='ocrx_word' id='word_1_2' title='bbox 1516 487 1558 538; x_wconf 69' lang='lat' dir='ltr'><strong>a</strong></span> <span class='ocrx_word' id='word_1_3' title='bbox 1591 488 2241 555; x_wconf 73' lang='lat' dir='ltr'><strong>PnomemrA&#39;rE.</strong></span> <span class='ocrx_word' id='word_1_4' title='bbox 2897 467 3053 544; x_wconf 77' lang='lat'><strong>357</strong></span> 
     </span>
    </p>
   </div>
   <div class='ocr_carea' id='block_1_2' title="bbox 487 680 3061 911">
    <p class='ocr_par' dir='ltr' id='par_1_2' title="bbox 487 680 3061 911">
     <span class='ocr_line' id='line_1_2' title="bbox 1556 680 1781 755; baseline 0.009 -2"><span class='ocrx_word' id='word_1_5' title='bbox 1556 680 1781 755; x_wconf 86' lang='grc'><strong>1390.</strong></span> 
     </span>
     <span class='ocr_line' id='line_1_3' title="bbox 487 805 3061 911; baseline 0.001 -29"><span class='ocrx_word' id='word_1_6' title='bbox 487 806 778 884; x_wconf 83' lang='lat' dir='ltr'><strong>Liberis</strong></span> <span class='ocrx_word' id='word_1_7' title='bbox 837 835 882 884; x_wconf 82' lang='lat' dir='ltr'>a</span> <span class='ocrx_word' id='word_1_8' title='bbox 937 807 1090 884; x_wconf 84' lang='lat' dir='ltr'><strong>filia</strong></span> <span class='ocrx_word' id='word_1_9' title='bbox 1143 805 1476 904; x_wconf 84' lang='lat' dir='ltr'><strong>legitima</strong></span> <span class='ocrx_word' id='word_1_10' title='bbox 1531 807 1941 906; x_wconf 83' lang='lat' dir='ltr'><strong>procreatis</strong></span> <span class='ocrx_word' id='word_1_11' title='bbox 1996 805 2349 886; x_wconf 49' lang='lat' dir='ltr'><strong>unibersa</strong></span> <span class='ocrx_word' id='word_1_12' title='bbox 2423 807 2787 911; x_wconf 79' lang='lat' dir='ltr'><strong>competit</strong></span> <span class='ocrx_word' id='word_1_13' title='bbox 2861 809 3061 885; x_wconf 81' lang='lat' dir='ltr'><strong>avita</strong></span> 
     </span>
    </p>
   </div>
   <div class='ocr_carea' id='block_1_3' title="bbox 297 931 1774 1118">
    <p class='ocr_par' dir='ltr' id='par_1_3' title="bbox 297 931 1774 1118">
     <span class='ocr_line' id='line_1_4' title="bbox 297 931 664 1010; baseline 0.005 -4"><span class='ocrx_word' id='word_1_14' title='bbox 297 931 664 1010; x_wconf 81' lang='lat' dir='ltr'><strong>hereditas.</strong></span> 
     </span>
     <span class='ocr_line' id='line_1_5' title="bbox 1546 1041 1774 1118; baseline 0.009 -2"><span class='ocrx_word' id='word_1_15' title='bbox 1546 1041 1774 1118; x_wconf 87' lang='lat'><strong>1391.</strong></span> 
     </span>
    </p>
   </div>
   <div class='ocr_carea' id='block_1_4' title="bbox 489 1176 3053 1286">
    <p class='ocr_par' dir='ltr' id='par_1_4' title="bbox 489 1176 3053 1286">
     <span class='ocr_line' id='line_1_6' title="bbox 489 1176 3053 1286; baseline -0.001 -26"><span class='ocrx_word' id='word_1_16' title='bbox 489 1187 590 1260; x_wconf 79' lang='grc' dir='ltr'><strong>Εἰ</strong></span> <span class='ocrx_word' id='word_1_17' title='bbox 621 1183 731 1284; x_wconf 74' lang='grc' dir='ltr'><strong>τῷ</strong></span> <span class='ocrx_word' id='word_1_18' title='bbox 771 1184 918 1286; x_wconf 68' lang='grc' dir='ltr'><strong>υἱῷ</strong></span> <span class='ocrx_word' id='word_1_19' title='bbox 946 1182 1054 1283; x_wconf 75' lang='grc' dir='ltr'><strong>μὴ</strong></span> <span class='ocrx_word' id='word_1_20' title='bbox 1099 1189 1334 1277; x_wconf 73' lang='grc' dir='ltr'><strong><em>ἔξεστι</em></strong></span> <span class='ocrx_word' id='word_1_21' title='bbox 1377 1183 1792 1272; x_wconf 76' lang='grc' dir='ltr'><strong><em>διαθέσθαι</em></strong></span> <span class='ocrx_word' id='word_1_22' title='bbox 1821 1240 1838 1271; x_wconf 86' lang='grc'><strong>,</strong></span> <span class='ocrx_word' id='word_1_23' title='bbox 1898 1183 2045 1258; x_wconf 76' lang='grc' dir='ltr'><strong>τοῦ</strong></span> <span class='ocrx_word' id='word_1_24' title='bbox 2102 1180 2380 1282; x_wconf 83' lang='grc' dir='ltr'><strong><em>πατρός</em></strong></span> <span class='ocrx_word' id='word_1_25' title='bbox 2417 1191 2625 1258; x_wconf 78' lang='grc' dir='ltr'><strong><em>ἐστιν</em></strong></span> <span class='ocrx_word' id='word_1_26' title='bbox 2664 1176 2706 1260; x_wconf 81' lang='grc' dir='ltr'>ὁ</span> <span class='ocrx_word' id='word_1_27' title='bbox 2750 1183 3053 1282; x_wconf 79' lang='grc' dir='ltr'><strong>κλῆρος.</strong></span> 
     </span>
    </p>
   </div>
   <div class='ocr_carea' id='block_1_5' title="bbox 1415 1307 2833 1414">
    <p class='ocr_par' dir='ltr' id='par_1_5' title="bbox 1415 1307 2833 1414">
     <span class='ocr_line' id='line_1_7' title="bbox 1415 1307 2833 1414; baseline -0.001 -24"><span class='ocrx_word' id='word_1_28' title='bbox 1415 1315 1706 1408; x_wconf 83' lang='lat' dir='ltr'><strong>(Isaeus</strong></span> <span class='ocrx_word' id='word_1_29' title='bbox 1743 1312 1834 1388; x_wconf 86' lang='lat' dir='ltr'><strong>de</strong></span> <span class='ocrx_word' id='word_1_30' title='bbox 1879 1311 2313 1390; x_wconf 84' lang='lat' dir='ltr'><strong>Philoctem.</strong></span> <span class='ocrx_word' id='word_1_31' title='bbox 2353 1312 2508 1388; x_wconf 91' lang='lat' dir='ltr'><strong>her.</strong></span> <span class='ocrx_word' id='word_1_32' title='bbox 2556 1307 2623 1414; x_wconf 64' lang='grc' dir='ltr'><strong>ξ.</strong></span> <span class='ocrx_word' id='word_1_33' title='bbox 2668 1314 2833 1404; x_wconf 85' lang='grc'><strong>56.)</strong></span> 
     </span>
    </p>
   </div>
   <div class='ocr_carea' id='block_1_6' title="bbox 491 1471 3050 1704">
    <p class='ocr_par' dir='ltr' id='par_1_6' title="bbox 491 1471 3050 1704">
     <span class='ocr_line' id='line_1_8' title="bbox 1553 1471 1784 1547; baseline 0.004 -1"><span class='ocrx_word' id='word_1_34' title='bbox 1553 1471 1784 1547; x_wconf 89' lang='grc'><strong>1391.</strong></span> 
     </span>
     <span class='ocr_line' id='line_1_9' title="bbox 491 1599 3050 1704; baseline 0 -28"><span class='ocrx_word' id='word_1_35' title='bbox 491 1599 566 1676; x_wconf 83' lang='lat' dir='ltr'><strong>Si</strong></span> <span class='ocrx_word' id='word_1_36' title='bbox 605 1601 756 1676; x_wconf 87' lang='lat' dir='ltr'><strong>filio</strong></span> <span class='ocrx_word' id='word_1_37' title='bbox 799 1626 950 1676; x_wconf 89' lang='lat' dir='ltr'><strong>non</strong></span> <span class='ocrx_word' id='word_1_38' title='bbox 989 1599 1164 1677; x_wconf 84' lang='lat' dir='ltr'><strong>licet</strong></span> <span class='ocrx_word' id='word_1_39' title='bbox 1199 1627 1335 1704; x_wconf 88' lang='lat' dir='ltr'><strong>per</strong></span> <span class='ocrx_word' id='word_1_40' title='bbox 1390 1611 1919 1678; x_wconf 85' lang='lat' dir='ltr'><strong>testamentum</strong></span> <span class='ocrx_word' id='word_1_41' title='bbox 1982 1600 2433 1676; x_wconf 81' lang='lat' dir='ltr'><strong>constituere</strong></span> <span class='ocrx_word' id='word_1_42' title='bbox 2474 1600 2564 1676; x_wconf 87' lang='lat' dir='ltr'><strong>de</strong></span> <span class='ocrx_word' id='word_1_43' title='bbox 2604 1600 2861 1694; x_wconf 70' lang='lat' dir='ltr'><strong>horfia,</strong></span> <span class='ocrx_word' id='word_1_44' title='bbox 2918 1625 3050 1702; x_wconf 81' lang='lat' dir='ltr'><strong>pa·</strong></span> 
     </span>
    </p>
   </div>
   <div class='ocr_carea' id='block_1_7' title="bbox 297 1725 1782 1906">
    <p class='ocr_par' dir='ltr' id='par_1_7' title="bbox 297 1725 1782 1906">
     <span class='ocr_line' id='line_1_10' title="bbox 297 1725 988 1802; baseline 0 -2"><span class='ocrx_word' id='word_1_45' title='bbox 297 1727 413 1801; x_wconf 88' lang='lat' dir='ltr'><strong>tris</strong></span> <span class='ocrx_word' id='word_1_46' title='bbox 449 1737 557 1802; x_wconf 84' lang='lat' dir='ltr'><strong>est</strong></span> <span class='ocrx_word' id='word_1_47' title='bbox 594 1725 988 1802; x_wconf 79' lang='lat' dir='ltr'><strong>hereditas,</strong></span> 
     </span>
     <span class='ocr_line' id='line_1_11' title="bbox 1557 1833 1782 1906; baseline 0 0"><span class='ocrx_word' id='word_1_48' title='bbox 1557 1833 1782 1906; x_wconf 88' lang='grc'><strong>1392.</strong></span> 
     </span>
    </p>
   </div>
   <div class='ocr_carea' id='block_1_8' title="bbox 298 1947 3057 2308">
    <p class='ocr_par' dir='ltr' id='par_1_8' title="bbox 298 1947 3057 2308">
     <span class='ocr_line' id='line_1_12' title="bbox 494 1947 3052 2059; baseline -0 -28"><span class='ocrx_word' id='word_1_49' title='bbox 494 1962 644 2031; x_wconf 79' lang='grc' dir='ltr'><strong>Καὶ</strong></span> <span class='ocrx_word' id='word_1_50' title='bbox 683 1956 774 2054; x_wconf 82' lang='grc' dir='ltr'><strong>τῇ</strong></span> <span class='ocrx_word' id='word_1_51' title='bbox 806 1959 1034 2059; x_wconf 82' lang='grc' dir='ltr'><strong><em>μητρὶ</em></strong></span> <span class='ocrx_word' id='word_1_52' title='bbox 1075 1955 1434 2055; x_wconf 80' lang='grc' dir='ltr'><strong><em>προσήκει</em></strong></span> <span class='ocrx_word' id='word_1_53' title='bbox 1471 1955 1598 2048; x_wconf 81' lang='grc' dir='ltr'><strong>τῆς</strong></span> <span class='ocrx_word' id='word_1_54' title='bbox 1638 1952 2087 2059; x_wconf 76' lang='grc' dir='ltr'><em>ἀγχιστείας</em></span> <span class='ocrx_word' id='word_1_55' title='bbox 2124 1953 2269 2029; x_wconf 79' lang='grc' dir='ltr'><strong>τοῦ</strong></span> <span class='ocrx_word' id='word_1_56' title='bbox 2308 1947 2549 2046; x_wconf 77' lang='grc' dir='ltr'><strong><em>αὗτῆς</em></strong></span> <span class='ocrx_word' id='word_1_57' title='bbox 2586 1957 2809 2046; x_wconf 75' lang='grc' dir='ltr'><strong><em>υἱέος,</em></strong></span> <span class='ocrx_word' id='word_1_58' title='bbox 2850 1951 3052 2045; x_wconf 70' lang='grc' dir='ltr'><strong><em>ὥστ’,</em></strong></span> 
     </span>
     <span class='ocr_line' id='line_1_13' title="bbox 298 2077 3057 2184; baseline 0 -28"><span class='ocrx_word' id='word_1_59' title='bbox 298 2079 420 2156; x_wconf 77' lang='grc' dir='ltr'><strong>ἐὰν</strong></span> <span class='ocrx_word' id='word_1_60' title='bbox 453 2079 792 2184; x_wconf 80' lang='grc' dir='ltr'><em>ἀγωνίσῃ</em></span> <span class='ocrx_word' id='word_1_61' title='bbox 831 2079 1015 2182; x_wconf 83' lang='grc' dir='ltr'><em>πρὸς</em></span> <span class='ocrx_word' id='word_1_62' title='bbox 1053 2080 1233 2168; x_wconf 79' lang='grc' dir='ltr'><strong>τούς</strong></span> <span class='ocrx_word' id='word_1_63' title='bbox 1283 2080 1524 2180; x_wconf 79' lang='grc' dir='ltr'><strong><em>μηδὲν</em></strong></span> <span class='ocrx_word' id='word_1_64' title='bbox 1580 2091 1777 2184; x_wconf 73' lang='grc' dir='ltr'><strong><em>γένει</em></strong></span> <span class='ocrx_word' id='word_1_65' title='bbox 1835 2077 2411 2178; x_wconf 77' lang='grc' dir='ltr'><strong><em>προσήκοντας,</em></strong></span> <span class='ocrx_word' id='word_1_66' title='bbox 2474 2083 2747 2179; x_wconf 80' lang='grc' dir='ltr'><em>λαβεῖν</em></span> <span class='ocrx_word' id='word_1_67' title='bbox 2805 2078 3057 2172; x_wconf 75' lang='grc' dir='ltr'><strong><em>αὐτήν</em></strong></span> 
     </span>
     <span class='ocr_line' id='line_1_14' title="bbox 301 2202 3049 2308; baseline 0.001 -26"><span class='ocrx_word' id='word_1_68' title='bbox 301 2205 424 2284; x_wconf 83' lang='grc' dir='ltr'><strong>τὸν</strong></span> <span class='ocrx_word' id='word_1_69' title='bbox 455 2208 788 2307; x_wconf 80' lang='grc' dir='ltr'><strong><em>κλῆρον,</em></strong></span> <span class='ocrx_word' id='word_1_70' title='bbox 837 2207 1078 2308; x_wconf 61' lang='grc' dir='ltr'><strong><em>τοῦτο</em></strong></span> <span class='ocrx_word' id='word_1_71' title='bbox 1116 2208 1259 2286; x_wconf 84' lang='grc' dir='ltr'><strong>τοῦ</strong></span> <span class='ocrx_word' id='word_1_72' title='bbox 1301 2207 1618 2286; x_wconf 77' lang='grc' dir='ltr'><strong><em>δικαίου</em></strong></span> <span class='ocrx_word' id='word_1_73' title='bbox 1656 2213 1796 2283; x_wconf 82' lang='grc' dir='ltr'><strong>καὶ</strong></span> <span class='ocrx_word' id='word_1_74' title='bbox 1835 2205 1992 2282; x_wconf 84' lang='grc' dir='ltr'><strong>τῶν</strong></span> <span class='ocrx_word' id='word_1_75' title='bbox 2029 2202 2294 2304; x_wconf 82' lang='grc' dir='ltr'><strong><em>νόμων</em></strong></span> <span class='ocrx_word' id='word_1_76' title='bbox 2332 2203 2533 2304; x_wconf 82' lang='grc' dir='ltr'><strong><em>αὐτῇ</em></strong></span> <span class='ocrx_word' id='word_1_77' title='bbox 2592 2205 3049 2284; x_wconf 79' lang='grc' dir='ltr'><strong><em>δεδοκότων.</em></strong></span> 
     </span>
    </p>
   </div>
   <div class='ocr_carea' id='block_1_9' title="bbox 1718 2335 2979 2435">
    <p class='ocr_par' dir='ltr' id='par_1_9' title="bbox 1718 2335 2979 2435">
     <span class='ocr_line' id='line_1_15' title="bbox 1718 2335 2979 2435; baseline -0.003 -21"><span class='ocrx_word' id='word_1_78' title='bbox 1718 2339 2013 2429; x_wconf 80' lang='lat' dir='ltr'><strong>(Isaeus</strong></span> <span class='ocrx_word' id='word_1_79' title='bbox 2053 2335 2142 2414; x_wconf 90' lang='lat' dir='ltr'><strong>de</strong></span> <span class='ocrx_word' id='word_1_80' title='bbox 2187 2337 2437 2435; x_wconf 87' lang='lat' dir='ltr'><strong>Hagn.</strong></span> <span class='ocrx_word' id='word_1_81' title='bbox 2478 2337 2633 2414; x_wconf 88' lang='lat' dir='ltr'><strong>her.</strong></span> <span class='ocrx_word' id='word_1_82' title='bbox 2673 2339 2841 2432; x_wconf 84' lang='grc'><strong>30.)</strong></span> <span class='ocrx_word' id='word_1_83' title='bbox 2972 2401 2979 2410; x_wconf 93' lang='grc'><strong>.</strong></span> 
     </span>
    </p>
   </div>
   <div class='ocr_carea' id='block_1_10' title="bbox 298 2500 3085 2978">
    <p class='ocr_par' dir='ltr' id='par_1_10' title="bbox 1555 2500 1783 2576">
     <span class='ocr_line' id='line_1_16' title="bbox 1555 2500 1783 2576; baseline 0.009 -3"><span class='ocrx_word' id='word_1_84' title='bbox 1555 2500 1783 2576; x_wconf 79' lang='grc'><strong>1392.</strong></span> 
     </span>
    </p>

    <p class='ocr_par' dir='ltr' id='par_1_11' title="bbox 492 2617 3085 2726">
     <span class='ocr_line' id='line_1_17' title="bbox 492 2617 3085 2726; baseline 0 -24"><span class='ocrx_word' id='word_1_85' title='bbox 492 2625 708 2702; x_wconf 82' lang='lat' dir='ltr'><strong>Matri</strong></span> <span class='ocrx_word' id='word_1_86' title='bbox 763 2650 1058 2726; x_wconf 88' lang='lat' dir='ltr'><strong>quoque</strong></span> <span class='ocrx_word' id='word_1_87' title='bbox 1115 2625 1371 2701; x_wconf 80' lang='lat' dir='ltr'><strong>titulus</strong></span> <span class='ocrx_word' id='word_1_88' title='bbox 1430 2626 1902 2724; x_wconf 74' lang='lat' dir='ltr'>cognationis</span> <span class='ocrx_word' id='word_1_89' title='bbox 1949 2651 2116 2701; x_wconf 84' lang='lat' dir='ltr'><strong>eum</strong></span> <span class='ocrx_word' id='word_1_90' title='bbox 2152 2624 2302 2701; x_wconf 91' lang='lat' dir='ltr'><strong>filio</strong></span> <span class='ocrx_word' id='word_1_91' title='bbox 2342 2651 2478 2700; x_wconf 81' lang='lat' dir='ltr'><strong>suo</strong></span> <span class='ocrx_word' id='word_1_92' title='bbox 2516 2617 2913 2726; x_wconf 78' lang='lat' dir='ltr'><strong>competit,</strong></span> <span class='ocrx_word' id='word_1_93' title='bbox 2972 2637 3085 2702; x_wconf 72' lang='lat' dir='ltr'><strong>ut¹</strong></span> 
     </span>
    </p>

    <p class='ocr_par' dir='ltr' id='par_1_12' title="bbox 298 2750 3053 2978">
     <span class='ocr_line' id='line_1_18' title="bbox 299 2750 3053 2851; baseline 0.001 -27"><span class='ocrx_word' id='word_1_94' title='bbox 299 2750 351 2824; x_wconf 88' lang='lat' dir='ltr'><strong>si</strong></span> <span class='ocrx_word' id='word_1_95' title='bbox 387 2752 930 2828; x_wconf 84' lang='lat' dir='ltr'><strong>contentionem</strong></span> <span class='ocrx_word' id='word_1_96' title='bbox 966 2750 1214 2826; x_wconf 88' lang='lat' dir='ltr'><strong>inierit</strong></span> <span class='ocrx_word' id='word_1_97' title='bbox 1251 2777 1420 2828; x_wconf 84' lang='lat' dir='ltr'><strong>cum</strong></span> <span class='ocrx_word' id='word_1_98' title='bbox 1457 2750 1586 2845; x_wconf 83' lang='lat' dir='ltr'><strong>iis,</strong></span> <span class='ocrx_word' id='word_1_99' title='bbox 1647 2752 1774 2850; x_wconf 91' lang='lat' dir='ltr'><strong>qui</strong></span> <span class='ocrx_word' id='word_1_100' title='bbox 1833 2750 2068 2825; x_wconf 89' lang='lat' dir='ltr'><strong>filium</strong></span> <span class='ocrx_word' id='word_1_101' title='bbox 2126 2751 2287 2851; x_wconf 84' lang='lat' dir='ltr'><strong>ejus</strong></span> <span class='ocrx_word' id='word_1_102' title='bbox 2318 2753 2727 2828; x_wconf 73' lang='lat' dir='ltr'><strong>‘mortuum</strong></span> <span class='ocrx_word' id='word_1_103' title='bbox 2782 2777 3053 2851; x_wconf 82' lang='lat' dir='ltr'><strong>cogna-</strong></span> 
     </span>
     <span class='ocr_line' id='line_1_19' title="bbox 298 2874 3052 2978; baseline 0.001 -28"><span class='ocrx_word' id='word_1_104' title='bbox 298 2877 484 2953; x_wconf 85' lang='lat' dir='ltr'><strong>tione</strong></span> <span class='ocrx_word' id='word_1_105' title='bbox 519 2903 823 2978; x_wconf 81' lang='lat' dir='ltr'><strong>prorsus</strong></span> <span class='ocrx_word' id='word_1_106' title='bbox 859 2876 1066 2952; x_wconf 87' lang='lat' dir='ltr'><strong>nulla</strong></span> <span class='ocrx_word' id='word_1_107' title='bbox 1104 2877 1520 2974; x_wconf 85' lang='lat' dir='ltr'><strong>attingunt,</strong></span> <span class='ocrx_word' id='word_1_108' title='bbox 1581 2874 2077 2952; x_wconf 86' lang='lat' dir='ltr'><strong>hereditatem</strong></span> <span class='ocrx_word' id='word_1_109' title='bbox 2117 2874 2249 2951; x_wconf 90' lang='lat' dir='ltr'><strong>filii</strong></span> <span class='ocrx_word' id='word_1_110' title='bbox 2289 2876 2665 2971; x_wconf 84' lang='lat' dir='ltr'><strong>obtineat,</strong></span> <span class='ocrx_word' id='word_1_111' title='bbox 2724 2902 2949 2978; x_wconf 84' lang='lat' dir='ltr'><strong>quam</strong></span> <span class='ocrx_word' id='word_1_112' title='bbox 2986 2877 3052 2953; x_wconf 92' lang='lat' dir='ltr'><strong>ei</strong></span> 
     </span>
    </p>
   </div>
   <div class='ocr_carea' id='block_1_11' title="bbox 298 3000 1780 3184">
    <p class='ocr_par' dir='ltr' id='par_1_13' title="bbox 298 3000 1780 3184">
     <span class='ocr_line' id='line_1_20' title="bbox 298 3000 1034 3104; baseline -0.003 -26"><span class='ocrx_word' id='word_1_113' title='bbox 298 3014 367 3078; x_wconf 90' lang='lat' dir='ltr'><strong>et</strong></span> <span class='ocrx_word' id='word_1_114' title='bbox 393 3003 502 3104; x_wconf 84' lang='lat' dir='ltr'><strong>jus</strong></span> <span class='ocrx_word' id='word_1_115' title='bbox 539 3002 664 3079; x_wconf 85' lang='lat' dir='ltr'><strong>dat</strong></span> <span class='ocrx_word' id='word_1_116' title='bbox 701 3015 776 3079; x_wconf 91' lang='lat' dir='ltr'><strong>et</strong></span> <span class='ocrx_word' id='word_1_117' title='bbox 809 3000 1034 3102; x_wconf 85' lang='lat' dir='ltr'><strong>leges.</strong></span> 
     </span>
     <span class='ocr_line' id='line_1_21' title="bbox 1555 3108 1780 3184; baseline 0.009 -2"><span class='ocrx_word' id='word_1_118' title='bbox 1555 3108 1780 3184; x_wconf 86' lang='lat'><strong>1393.</strong></span> 
     </span>
    </p>
   </div>
   <div class='ocr_carea' id='block_1_12' title="bbox 291 3227 3051 3713">
    <p class='ocr_par' dir='ltr' id='par_1_14' title="bbox 291 3227 3051 3713">
     <span class='ocr_line' id='line_1_22' title="bbox 483 3227 3050 3337; baseline 0 -30"><span class='ocrx_word' id='word_1_119' title='bbox 483 3230 888 3328; x_wconf 75' lang='grc' dir='ltr'><strong><em>Ἀδελφῶν</em></strong></span> <span class='ocrx_word' id='word_1_120' title='bbox 915 3236 1066 3330; x_wconf 79' lang='grc' dir='ltr'><strong>μὲν</strong></span> <span class='ocrx_word' id='word_1_121' title='bbox 1099 3228 1411 3329; x_wconf 62' lang='grc' dir='ltr'><strong><em>κλήρων</em></strong></span> <span class='ocrx_word' id='word_1_122' title='bbox 1448 3228 1889 3307; x_wconf 76' lang='grc' dir='ltr'><strong><em>ἐπιδικασία</em></strong></span> <span class='ocrx_word' id='word_1_123' title='bbox 1930 3230 2171 3306; x_wconf 79' lang='grc' dir='ltr'><strong><em>πᾶσίν</em></strong></span> <span class='ocrx_word' id='word_1_124' title='bbox 2208 3238 2415 3307; x_wconf 77' lang='grc' dir='ltr'><strong><em>ἐστιν</em></strong></span> <span class='ocrx_word' id='word_1_125' title='bbox 2435 3289 2457 3322; x_wconf 84' lang='grc'>,</span> <span class='ocrx_word' id='word_1_126' title='bbox 2518 3227 2674 3333; x_wconf 74' lang='grc' dir='ltr'><strong>ὅτῳ</strong></span> <span class='ocrx_word' id='word_1_127' title='bbox 2726 3228 2800 3307; x_wconf 73' lang='grc' dir='ltr'><strong>δὲ</strong></span> <span class='ocrx_word' id='word_1_128' title='bbox 2842 3230 3050 3337; x_wconf 66' lang='grc' dir='ltr'><strong><em>γόνῳ</em></strong></span> 
     </span>
     <span class='ocr_line' id='line_1_23' title="bbox 291 3348 3051 3462; baseline 0.001 -31"><span class='ocrx_word' id='word_1_129' title='bbox 291 3358 640 3462; x_wconf 67' lang='grc' dir='ltr'><strong><em>γεγόνασι</em></strong></span> <span class='ocrx_word' id='word_1_130' title='bbox 715 3354 1012 3462; x_wconf 68' lang='grc' dir='ltr'><strong><em>γνήσιοι</em></strong></span> <span class='ocrx_word' id='word_1_131' title='bbox 1090 3355 1390 3446; x_wconf 76' lang='grc' dir='ltr'><strong><em>παῖδες,</em></strong></span> <span class='ocrx_word' id='word_1_132' title='bbox 1471 3350 1735 3431; x_wconf 77' lang='grc' dir='ltr'><strong><em>οὐδενὶ</em></strong></span> <span class='ocrx_word' id='word_1_133' title='bbox 1793 3353 2381 3449; x_wconf 74' lang='grc' dir='ltr'><strong><em>ἐπιδικάζεσθαι</em></strong></span> <span class='ocrx_word' id='word_1_134' title='bbox 2447 3356 2607 3433; x_wconf 75' lang='grc' dir='ltr'><strong>τῶν</strong></span> <span class='ocrx_word' id='word_1_135' title='bbox 2681 3348 3051 3457; x_wconf 75' lang='grc' dir='ltr'><strong><em>πατρῴων</em></strong></span> 
     </span>
     <span class='ocr_line' id='line_1_24' title="bbox 300 3479 3047 3587; baseline 0.001 -31"><span class='ocrx_word' id='word_1_136' title='bbox 300 3483 678 3581; x_wconf 76' lang='grc' dir='ltr'><strong><em>προσήκει·</em></strong></span> <span class='ocrx_word' id='word_1_137' title='bbox 735 3480 1060 3570; x_wconf 76' lang='grc' dir='ltr'><strong><em>ἅπαντες</em></strong></span> <span class='ocrx_word' id='word_1_138' title='bbox 1115 3479 1262 3585; x_wconf 74' lang='grc' dir='ltr'><strong>γάρ</strong></span> <span class='ocrx_word' id='word_1_139' title='bbox 1320 3485 1392 3557; x_wconf 83' lang='grc' dir='ltr'><strong>οἱ</strong></span> <span class='ocrx_word' id='word_1_140' title='bbox 1452 3486 1756 3557; x_wconf 85' lang='grc' dir='ltr'><strong><em>πολῖται</em></strong></span> <span class='ocrx_word' id='word_1_141' title='bbox 1815 3480 2231 3587; x_wconf 61' lang='grc' dir='ltr'><strong><em>ἀνεπίδικα</em></strong></span> <span class='ocrx_word' id='word_1_142' title='bbox 2290 3485 2553 3578; x_wconf 54' lang='grc' dir='ltr'><strong><em>ἐῇγουσι</em></strong></span> <span class='ocrx_word' id='word_1_143' title='bbox 2612 3482 2707 3557; x_wconf 79' lang='grc' dir='ltr'><strong>τοὶ</strong></span> <span class='ocrx_word' id='word_1_144' title='bbox 2754 3484 3047 3560; x_wconf 74' lang='grc' dir='ltr'><strong><em>ἑαυτῶν</em></strong></span> 
     </span>
     <span class='ocr_line' id='line_1_25' title="bbox 299 3606 2827 3713; baseline -0 -28"><span class='ocrx_word' id='word_1_145' title='bbox 299 3616 586 3685; x_wconf 73' lang='grc' dir='ltr'><strong><em>ἕκαστοι</em></strong></span> <span class='ocrx_word' id='word_1_146' title='bbox 626 3608 960 3709; x_wconf 75' lang='grc' dir='ltr'><strong>πατρῷα.</strong></span> <span class='ocrx_word' id='word_1_147' title='bbox 1591 3614 1883 3706; x_wconf 84' lang='lat' dir='ltr'><strong>(Isaeus</strong></span> <span class='ocrx_word' id='word_1_148' title='bbox 1926 3611 2013 3687; x_wconf 88' lang='lat' dir='ltr'><strong>de</strong></span> <span class='ocrx_word' id='word_1_149' title='bbox 2055 3612 2315 3712; x_wconf 81' lang='lat' dir='ltr'><strong>Pyrrh.</strong></span> <span class='ocrx_word' id='word_1_150' title='bbox 2357 3613 2508 3688; x_wconf 92' lang='lat' dir='ltr'><strong>her.</strong></span> <span class='ocrx_word' id='word_1_151' title='bbox 2550 3606 2617 3713; x_wconf 64' lang='grc' dir='ltr'><strong>ξ.</strong></span> <span class='ocrx_word' id='word_1_152' title='bbox 2660 3613 2827 3703; x_wconf 74' lang='lat'>59.)</span> 
     </span>
    </p>
   </div>
   <div class='ocr_carea' id='block_1_13' title="bbox 297 3900 3049 4255">
    <p class='ocr_par' dir='ltr' id='par_1_15' title="bbox 297 3900 3049 4255">
     <span class='ocr_line' id='line_1_26' title="bbox 493 3900 3049 4009; baseline -0 -33"><span class='ocrx_word' id='word_1_153' title='bbox 493 3902 704 3976; x_wconf 82' lang='lat' dir='ltr'><strong>Licet</strong></span> <span class='ocrx_word' id='word_1_154' title='bbox 761 3902 1073 3979; x_wconf 82' lang='lat' dir='ltr'><strong>fratrum</strong></span> <span class='ocrx_word' id='word_1_155' title='bbox 1129 3900 1579 3979; x_wconf 83' lang='lat' dir='ltr'><strong>hereditates</strong></span> <span class='ocrx_word' id='word_1_156' title='bbox 1636 3902 1716 3975; x_wconf 90' lang='lat' dir='ltr'><strong>in</strong></span> <span class='ocrx_word' id='word_1_157' title='bbox 1761 3901 1932 4002; x_wconf 89' lang='lat' dir='ltr'><strong>jure</strong></span> <span class='ocrx_word' id='word_1_158' title='bbox 1993 3913 2247 4004; x_wconf 90' lang='lat' dir='ltr'><strong>petere</strong></span> <span class='ocrx_word' id='word_1_159' title='bbox 2270 3925 2307 3992; x_wconf 72' lang='grc' dir='ltr'><strong>ς·</strong></span> <span class='ocrx_word' id='word_1_160' title='bbox 2350 3902 2487 4009; x_wconf 18' lang='lat' dir='ltr'><strong>&#39;sed</strong></span> <span class='ocrx_word' id='word_1_161' title='bbox 2546 3900 2813 4001; x_wconf 86' lang='lat' dir='ltr'><strong>quibus</strong></span> <span class='ocrx_word' id='word_1_162' title='bbox 2870 3912 3049 3977; x_wconf 80' lang='lat' dir='ltr'><strong>natu</strong></span> 
     </span>
     <span class='ocr_line' id='line_1_27' title="bbox 297 4024 3046 4128; baseline 0.002 -30"><span class='ocrx_word' id='word_1_163' title='bbox 297 4026 487 4103; x_wconf 89' lang='lat' dir='ltr'><strong>liberi</strong></span> <span class='ocrx_word' id='word_1_164' title='bbox 523 4038 716 4121; x_wconf 82' lang='lat' dir='ltr'><strong>sunt,</strong></span> <span class='ocrx_word' id='word_1_165' title='bbox 758 4052 1008 4103; x_wconf 88' lang='lat' dir='ltr'><strong>eorum</strong></span> <span class='ocrx_word' id='word_1_166' title='bbox 1045 4024 1244 4101; x_wconf 85' lang='lat' dir='ltr'><strong>bona</strong></span> <span class='ocrx_word' id='word_1_167' title='bbox 1279 4027 1357 4101; x_wconf 89' lang='lat' dir='ltr'><strong>in</strong></span> <span class='ocrx_word' id='word_1_168' title='bbox 1384 4026 1560 4128; x_wconf 85' lang='lat' dir='ltr'><strong>jura</strong></span> <span class='ocrx_word' id='word_1_169' title='bbox 1595 4036 1852 4128; x_wconf 86' lang='lat' dir='ltr'><strong>petere</strong></span> <span class='ocrx_word' id='word_1_170' title='bbox 1892 4028 2169 4102; x_wconf 91' lang='lat' dir='ltr'><strong>nemini</strong></span> <span class='ocrx_word' id='word_1_171' title='bbox 2209 4053 2506 4125; x_wconf 83' lang='lat' dir='ltr'><strong>prorsus</strong></span> <span class='ocrx_word' id='word_1_172' title='bbox 2544 4027 2749 4124; x_wconf 81' lang='lat' dir='ltr'><strong>licet3</strong></span> <span class='ocrx_word' id='word_1_173' title='bbox 2788 4053 3046 4103; x_wconf 88' lang='lat' dir='ltr'><strong>omnes</strong></span> 
     </span>
     <span class='ocr_line' id='line_1_28' title="bbox 299 4152 2489 4255; baseline -0.001 -26"><span class='ocrx_word' id='word_1_174' title='bbox 299 4153 476 4229; x_wconf 88' lang='lat' dir='ltr'><strong>enim</strong></span> <span class='ocrx_word' id='word_1_175' title='bbox 511 4154 712 4230; x_wconf 78' lang='lat' dir='ltr'><strong>cives</strong></span> <span class='ocrx_word' id='word_1_176' title='bbox 751 4163 1049 4254; x_wconf 83' lang='lat' dir='ltr'><strong>patrum</strong></span> <span class='ocrx_word' id='word_1_177' title='bbox 1089 4154 1540 4255; x_wconf 80' lang='lat' dir='ltr'><strong>patrimonia</strong></span> <span class='ocrx_word' id='word_1_178' title='bbox 1575 4164 1833 4230; x_wconf 88' lang='lat' dir='ltr'><strong>tenent</strong></span> <span class='ocrx_word' id='word_1_179' title='bbox 1869 4152 2489 4230; x_wconf 84' lang='lat' dir='ltr'><strong>incontestabilia.</strong></span> 
     </span>
    </p>
   </div>
   <div class='ocr_carea' id='block_1_14' title="bbox 301 4312 3043 4791">
    <p class='ocr_par' dir='ltr' id='par_1_16' title="bbox 301 4312 3043 4791">
     <span class='ocr_line' id='line_1_29' title="bbox 1561 4312 1782 4388; baseline 0.009 -2"><span class='ocrx_word' id='word_1_180' title='bbox 1561 4312 1782 4388; x_wconf 87' lang='grc'><strong>1394.</strong></span> 
     </span>
     <span class='ocr_line' id='line_1_30' title="bbox 470 4430 3042 4536; baseline 0.001 -25"><span class='ocrx_word' id='word_1_181' title='bbox 470 4430 820 4527; x_wconf 71' lang='grc' dir='ltr'><strong><em>’Ἔξεστιν</em></strong></span> <span class='ocrx_word' id='word_1_182' title='bbox 857 4432 1424 4535; x_wconf 76' lang='grc' dir='ltr'><strong><em>ἀμφισβητῆσαι</em></strong></span> <span class='ocrx_word' id='word_1_183' title='bbox 1462 4434 1570 4536; x_wconf 76' lang='grc' dir='ltr'><strong>τῷ</strong></span> <span class='ocrx_word' id='word_1_184' title='bbox 1608 4436 2061 4535; x_wconf 73' lang='grc' dir='ltr'><strong><em>βουλομένῳ</em></strong></span> <span class='ocrx_word' id='word_1_185' title='bbox 2118 4430 2259 4510; x_wconf 84' lang='grc' dir='ltr'><strong>καὶ</strong></span> <span class='ocrx_word' id='word_1_186' title='bbox 2316 4433 2741 4536; x_wconf 75' lang='grc' dir='ltr'><strong><em>εὐθυδικίᾳ</em></strong></span> <span class='ocrx_word' id='word_1_187' title='bbox 2798 4442 3042 4513; x_wconf 78' lang='grc' dir='ltr'><strong><em>εἰσελ-</em></strong></span> 
     </span>
     <span class='ocr_line' id='line_1_31' title="bbox 303 4557 3043 4665; baseline 0.002 -32"><span class='ocrx_word' id='word_1_188' title='bbox 303 4559 507 4635; x_wconf 70' lang='grc' dir='ltr'><strong><em>θόντι</em></strong></span> <span class='ocrx_word' id='word_1_189' title='bbox 559 4565 664 4647; x_wconf 81' lang='grc' dir='ltr'><strong>εἰς</strong></span> <span class='ocrx_word' id='word_1_190' title='bbox 719 4557 904 4647; x_wconf 81' lang='grc' dir='ltr'><strong>τούς</strong></span> <span class='ocrx_word' id='word_1_191' title='bbox 963 4559 1368 4651; x_wconf 80' lang='grc' dir='ltr'><strong><em>δικαστάς,</em></strong></span> <span class='ocrx_word' id='word_1_192' title='bbox 1439 4565 1513 4635; x_wconf 83' lang='grc' dir='ltr'><strong>εἰ</strong></span> <span class='ocrx_word' id='word_1_193' title='bbox 1561 4564 1930 4656; x_wconf 83' lang='grc' dir='ltr'><strong><em>φαίνοιτο</em></strong></span> <span class='ocrx_word' id='word_1_194' title='bbox 1992 4558 2429 4657; x_wconf 76' lang='grc' dir='ltr'><strong><em>δικαιότερα</em></strong></span> <span class='ocrx_word' id='word_1_195' title='bbox 2489 4565 2771 4665; x_wconf 77' lang='grc' dir='ltr'><strong><em>λέγων,</em></strong></span> <span class='ocrx_word' id='word_1_196' title='bbox 2834 4566 3043 4659; x_wconf 53' lang='grc' dir='ltr'><strong><em>ἔχειν</em></strong></span> 
     </span>
     <span class='ocr_line' id='line_1_32' title="bbox 301 4682 2827 4791; baseline 0.004 -34"><span class='ocrx_word' id='word_1_197' title='bbox 301 4682 426 4760; x_wconf 80' lang='grc' dir='ltr'><strong>τὸν</strong></span> <span class='ocrx_word' id='word_1_198' title='bbox 458 4686 769 4786; x_wconf 76' lang='grc' dir='ltr'><strong><em>κλῆρον.</em></strong></span> <span class='ocrx_word' id='word_1_199' title='bbox 1291 4733 1296 4739; x_wconf 95' lang='grc'>-</span> <span class='ocrx_word' id='word_1_200' title='bbox 1467 4692 1761 4782; x_wconf 82' lang='lat' dir='ltr'><strong>(Isaeus</strong></span> <span class='ocrx_word' id='word_1_201' title='bbox 1801 4688 1893 4766; x_wconf 88' lang='lat' dir='ltr'><strong>de</strong></span> <span class='ocrx_word' id='word_1_202' title='bbox 1935 4689 2369 4765; x_wconf 82' lang='lat' dir='ltr'><strong>Philoctem.</strong></span> <span class='ocrx_word' id='word_1_203' title='bbox 2410 4689 2561 4766; x_wconf 90' lang='lat' dir='ltr'><strong>her.</strong></span> <span class='ocrx_word' id='word_1_204' title='bbox 2606 4686 2672 4791; x_wconf 66' lang='grc' dir='ltr'><strong>ξ.</strong></span> <span class='ocrx_word' id='word_1_205' title='bbox 2716 4692 2827 4784; x_wconf 85' lang='grc'><strong>3.)</strong></span> 
     </span>
    </p>
   </div>
   <div class='ocr_carea' id='block_1_15' title="bbox 302 4853 3044 5307">
    <p class='ocr_par' dir='ltr' id='par_1_17' title="bbox 302 4853 3044 5307">
     <span class='ocr_line' id='line_1_33' title="bbox 1555 4853 1781 4929; baseline 0.009 -3"><span class='ocrx_word' id='word_1_206' title='bbox 1555 4853 1781 4929; x_wconf 87' lang='grc'><strong>1394.</strong></span> 
     </span>
     <span class='ocr_line' id='line_1_34' title="bbox 493 4976 3044 5079; baseline 0 -26"><span class='ocrx_word' id='word_1_207' title='bbox 493 4976 776 5077; x_wconf 80' lang='lat' dir='ltr'><strong>Cuique</strong></span> <span class='ocrx_word' id='word_1_208' title='bbox 815 4978 986 5055; x_wconf 85' lang='lat' dir='ltr'><strong>lieet</strong></span> <span class='ocrx_word' id='word_1_209' title='bbox 1026 4980 1114 5055; x_wconf 85' lang='lat' dir='ltr'><strong>de</strong></span> <span class='ocrx_word' id='word_1_210' title='bbox 1155 4980 1586 5056; x_wconf 76' lang='lat' dir='ltr'><strong>vacuefacta</strong></span> <span class='ocrx_word' id='word_1_211' title='bbox 1625 5005 2065 5079; x_wconf 80' lang='lat' dir='ltr'><strong>quacunque</strong></span> <span class='ocrx_word' id='word_1_212' title='bbox 2126 4980 2535 5056; x_wconf 79' lang='lat' dir='ltr'><strong>hereditate</strong></span> <span class='ocrx_word' id='word_1_213' title='bbox 2590 4990 2908 5073; x_wconf 83' lang='lat' dir='ltr'><strong>certare,</strong></span> <span class='ocrx_word' id='word_1_214' title='bbox 2970 4990 3044 5055; x_wconf 92' lang='lat' dir='ltr'><strong>et</strong></span> 
     </span>
     <span class='ocr_line' id='line_1_35' title="bbox 303 5101 3039 5206; baseline 0.003 -34"><span class='ocrx_word' id='word_1_215' title='bbox 303 5111 482 5175; x_wconf 83' lang='lat' dir='ltr'><strong>recto</strong></span> <span class='ocrx_word' id='word_1_216' title='bbox 504 5101 785 5201; x_wconf 81' lang='lat' dir='ltr'><strong>judicio</strong></span> <span class='ocrx_word' id='word_1_217' title='bbox 823 5106 1101 5201; x_wconf 87' lang='lat' dir='ltr'><strong>utenti,</strong></span> <span class='ocrx_word' id='word_1_218' title='bbox 1159 5105 1219 5180; x_wconf 81' lang='lat' dir='ltr'><strong>si</strong></span> <span class='ocrx_word' id='word_1_219' title='bbox 1275 5106 1572 5206; x_wconf 86' lang='lat' dir='ltr'><strong>potiora</strong></span> <span class='ocrx_word' id='word_1_220' title='bbox 1625 5104 2023 5205; x_wconf 83' lang='lat' dir='ltr'><strong>protulisse</strong></span> <span class='ocrx_word' id='word_1_221' title='bbox 2094 5105 2299 5180; x_wconf 83' lang='lat' dir='ltr'><strong>visus</strong></span> <span class='ocrx_word' id='word_1_222' title='bbox 2356 5103 2614 5199; x_wconf 85' lang='lat' dir='ltr'><strong>fuerit,</strong></span> <span class='ocrx_word' id='word_1_223' title='bbox 2674 5102 3039 5179; x_wconf 78' lang='lat' dir='ltr'><strong>heredita-</strong></span> 
     </span>
     <span class='ocr_line' id='line_1_36' title="bbox 302 5228 2953 5307; baseline 0.003 -8"><span class='ocrx_word' id='word_1_224' title='bbox 302 5234 440 5301; x_wconf 84' lang='lat' dir='ltr'><strong>tem</strong></span> <span class='ocrx_word' id='word_1_225' title='bbox 470 5228 604 5306; x_wconf 74' lang='lat' dir='ltr'><strong>sibi</strong></span> <span class='ocrx_word' id='word_1_226' title='bbox 641 5230 953 5307; x_wconf 83' lang='lat' dir='ltr'><strong>auferre.</strong></span> <span class='ocrx_word' id='word_1_227' title='bbox 2951 5241 2953 5243; x_wconf 75' lang='grc'>’</span> 
     </span>
    </p>
   </div>
  </div>
 </body>
</html>
