3725 5850
736 484 892 563 558
1550 507 2170 561 consummamus
2207 506 2314 557 An
2355 504 2516 559 που.
2557 504 2716 560 11⁰⁷.

728 701 1255 779 lumniatorum
1327 726 1536 779 secus
1614 700 1916 795 fecerit,
1994 700 2219 777 licere
2293 721 2422 774 eos
2484 697 2800 775 indicari
2873 707 2948 771 et
3001 696 3080 771 in
3137 716 3510 771 carcerem

732 828 1022 905 abduci.
2898 822 2910 835 ⁰

946 952 1387 1031 Charondae
1445 951 1855 1028 calumniae
1915 950 2276 1027 convictis
2330 950 2528 1027 hanc
2583 972 2903 1050 poenam
2957 945 3328 1045 irrogavit
3349 1002 3366 1037 ,
3429 956 3512 1019 ut

731 1079 1009 1183 myrica
1057 1080 1395 1155 coronati
1446 1102 1582 1177 per
1640 1076 1904 1152 urbem
1960 1075 2726 1163 circumducerentur,
2787 1098 2936 1174 quo
2990 1070 3384 1148 manifeste
3421 1068 3514 1145 ad

729 1230 1099 1281 summum
1176 1204 1549 1304 nequitiae
1622 1200 1940 1299 gradum
2015 1200 2181 1277 illos
2241 1202 2676 1303 pervenisse
2733 1198 3022 1276 civibus
3097 1206 3514 1299 appareret.

731 1331 1157 1408 Nonnullos
1198 1356 1399 1429 ergo,
1442 1332 1539 1432 ob
1579 1330 1724 1406 hoc
1760 1327 2124 1426 flagitium
2163 1327 2696 1404 condemnatos
2721 1385 2738 1419 ,
2778 1326 2975 1426 quod
3013 1333 3267 1401 tantae
3303 1322 3516 1421 igno-

730 1456 1003 1533 miniae
1044 1456 1368 1533 dedecus
1408 1456 1739 1560 perferre
1778 1480 1930 1529 non
1968 1466 2319 1556 possent,
2375 1455 2580 1555 ipsos
2627 1452 2772 1529 sibi
2809 1460 3074 1553 sponte
3113 1450 3350 1526 vitam
3387 1447 3516 1525 ab·

730 1582 1023 1683 rupisse
1062 1582 1384 1658 tradunt.
1426 1582 1589 1659 Hac
1625 1583 1879 1680 itaque
1919 1580 2107 1679 legis
2147 1581 2542 1657 severitate
2580 1578 2924 1653 effectum
2963 1587 3098 1671 est,
3139 1584 3242 1669 ut,
3283 1598 3518 1673 quum

730 1706 913 1805 fuga
968 1732 1061 1784 ex
1114 1707 1302 1783 urbe
1362 1708 1898 1809 dissiparentur
1955 1708 2346 1783 calumniis
2402 1706 2678 1781 assveti
2700 1762 2717 1797 ‚
2799 1700 3180 1805 republica
3233 1699 3329 1777 ab
3388 1697 3518 1775 illa

733 1842 941 1930 peste
979 1842 1406 1934 repurgata,
1444 1833 1749 1910 beatam
1788 1831 2143 1933 deinceps
2181 1833 2417 1907 vitam
2453 1832 2653 1905 cives
2693 1836 3022 1927 agerent.
3078 1826 3300 1920 (Dio
3322 1823 3442 1901 do
3463 1850 3516 1899 r.

731 1956 905 2053 XII,
949 1956 1112 2050 12.)

1892 2075 2045 2158 Ad
2092 2076 2361 2161 noe.

950 2244 1270 2349 Sopater
1322 2247 1400 2323 in
1438 2244 1891 2346 Hermogen.
1951 2258 2084 2321 art.
2151 2245 2339 2323 rhet.
2394 2245 2592 2319 207:
2651 2236 2796 2317 τὸν
2835 2244 2991 2340 τρὶς
3031 2236 3277 2341 ψευδῆ
3309 2267 3524 2338 μαρ-

734 2362 1159 2467 τυρήσαντα
1203 2362 1489 2468 ἄτιμον
1526 2364 1744 2449 εἶναι.
1806 2370 1994 2465 (Qui
2035 2383 2148 2447 ter
2187 2370 2461 2449 falsum
2502 2369 2686 2447 dixit
2723 2370 3264 2465 testimonium,
3323 2368 3522 2445 infa-

736 2496 877 2572 mis
916 2499 1139 2589 esto.)

949 2621 1243 2700 Theon.
1266 2649 1822 2727 progymnasm.
1849 2623 1970 2698 56.
2011 2648 2171 2725 cap.
2193 2622 2406 2702 XIII:
2445 2611 2488 2695 ὅ
2525 2617 3206 2721 ψευδομαρτυριῶν
3244 2610 3524 2705 ἁλούς,

735 2748 893 2845 τρὶς
936 2750 1202 2839 χιλίας
1260 2742 1553 2820 διδότω.
1636 2749 1880 2843 (Falsi
1921 2748 2324 2825 testimonii
2374 2749 2801 2845 convictus,
2859 2760 2974 2825 ter
3011 2748 3212 2827 mille
3251 2746 3524 2825 drach-

737 2898 895 2951 mas
935 2874 1240 2968 solvat.)

951 3001 1170 3079 Plato
1209 3001 1648 3104 praescribit
1681 3002 1760 3077 in
1801 3000 2130 3103 Legibus
2186 2999 2407 3097 (937,
2451 3000 2596 3093 O):
2656 3000 2733 3078 Si
2771 3003 2936 3103 quis
2974 3003 3092 3078 bis
3131 2999 3526 3079 convictus

740 3138 852 3204 est
888 3126 1055 3203 falsi
1112 3129 1559 3224 testimonii,
1620 3155 1790 3205 eum
1846 3127 2052 3205 nulla
2107 3109 2424 3230 amplius
2480 3128 2606 3206 lex
2671 3129 2955 3228 cogite,
3011 3127 3526 3205 testimonium

739 3250 1031 3351 dicere3
1088 3254 1148 3328 si
1184 3263 1333 3346 ter,
1374 3279 1469 3329 ne
1510 3253 1828 3355 amplius
1869 3253 1936 3328 ei
1973 3252 2253 3330 licitum
2293 3262 2456 3328 esto
2497 3253 2897 3330 testificari.
2957 3252 3036 3330 Si
3075 3279 3254 3330 vero
3297 3277 3530 3328 ausus

741 3378 969 3454 fuerit
1004 3376 1424 3474 testificari,
1486 3377 1611 3476 qui
1668 3378 1872 3454 volet
1929 3379 2024 3454 ad
2088 3377 2607 3477 magistratum
2666 3403 2841 3454 eum
2896 3376 3225 3473 deferte,
3281 3377 3528 3476 magi-

740 3514 1010 3580 stratus
1071 3515 1318 3582 autem
1364 3502 1645 3605 judicio
1706 3529 1873 3581 eum
1932 3504 2247 3600 tradito,
2308 3531 2352 3581 a
2391 3531 2538 3604 quo
2587 3503 3122 3582 condemnatus
3159 3503 3221 3580 si
3259 3501 3529 3598 fuerit,

740 3641 977 3708 morte
1016 3628 1378 3734 plectitor.

956 3755 1171 3859 Lycii
1208 3757 1377 3834 falsi
1414 3757 1821 3837 testimonii
1862 3756 2246 3835 convictos
2287 3757 2826 3851 divendebant‚
2885 3758 3225 3857 bonaque
3265 3781 3532 3834 eorum

742 3879 1245 3982 publicabant.
1308 3885 1424 3980 (H
1449 3913 1546 3964 er
1570 3883 1945 3962 aclides
1983 3883 2046 3958 P
2071 3895 2256 3962 ont.
2298 3883 2388 3961 de
2430 3885 2584 3962 reb.
2625 3883 2828 3988 publ.
2877 3885 3038 3976 15.)

962 4005 1180 4110 Apud
1237 4011 1614 4088 Romanos
1673 4037 1712 4086 e
1771 4011 1940 4108 lege
1997 4007 2167 4088 XII.
2227 4009 2647 4087 tabularum
2705 4009 2832 4110 qui
2887 4008 3154 4085 falsum
3191 4011 3530 4086 testimo-

742 4133 946 4208 nium
987 4131 1261 4210 dixisse
1313 4137 1699 4212 convictus
1739 4146 1974 4230 esset,
2035 4160 2074 4209 e
2115 4160 2296 4212 saxo
2336 4133 2658 4236 Tarpeio
2697 4133 3205 4234 dejiciebatur.
3263 4131 3444 4229 (Ge
3467 4135 3528 4210 l-

742 4256 935 4334 lius
976 4259 1245 4335 Noct.
1289 4257 1500 4337 Ath.
1542 4259 1711 4357 XX,
1761 4259 1831 4356 1,
1876 4257 2041 4350 53.)

958 4382 1107 4462 Sed
1168 4410 1207 4459 e
1267 4384 1461 4461 Livii
1520 4385 1943 4461 narratione
2001 4385 2178 4480 (III,
2223 4384 2348 4480 24,
2389 4385 2534 4477 29)
2574 4395 2817 4485 patet,
2867 4387 3028 4487 jam
3068 4395 3241 4462 ante
3280 4384 3530 4485 legem

742 4507 910 4585 XII.
949 4509 1372 4588 tabularum
1412 4509 1832 4608 Volscium‚
1894 4510 2096 4611 quod
2147 4511 2378 4590 falsus
2418 4512 2625 4588 testis
2663 4511 2742 4586 in
2781 4510 3198 4590 Caesonem
3237 4513 3524 4590 extitis-

742 4643 893 4726 set,
956 4649 1385 4715 accusatum
1425 4649 1495 4712 et
1533 4637 1966 4715 damnatum
2004 4637 2424 4717 Lanuvium
2461 4639 2541 4714 in
2580 4639 2885 4715 exilium
2926 4637 3271 4716 abivisse.

1906 4868 2058 4952 Ad
2101 4870 2368 4950 1107.

962 5029 1393 5109 Secundum
1429 5031 1764 5109 Platonis
1804 5033 2048 5133 Leges
2107 5033 2322 5128 (938,
2365 5033 2526 5108 B--
2541 5031 2666 5127 O),
2723 5032 2781 5108 si
2833 5031 2994 5131 quis
3033 5033 3289 5110 conari
3329 5032 3526 5111 vide·

744 5169 865 5235 tur
890 5161 1258 5261 justitiam
1296 5159 1374 5233 in
1400 5158 1739 5260 judicum
1778 5161 2039 5237 animis
2075 5159 2154 5235 in
2190 5159 2560 5236 contraria
2595 5171 2887 5235 vertere
2909 5169 2981 5234 et
3005 5161 3526 5260 intempestive

746 5285 1021 5362 multas
1060 5287 1225 5388 ejus
1278 5285 1578 5386 generis
1634 5285 1801 5364 lites
1858 5285 2247 5365 intendere
2286 5284 2411 5362 vel
2448 5286 2634 5362 alios
2673 5281 3107 5382 defendere,
3168 5287 3295 5386 qui
3333 5286 3528 5361 volet
