3725 5850
651 450 754 525 64
1547 458 1550 463 ’
1751 478 1883 531 ms
1912 474 2335 529 mancum.

1946 668 2123 743 245.

859 806 1057 886 Viris
1095 807 1406 911 triginta
1439 810 1951 887 committatur
1985 807 2425 912 respublica.

1947 972 2126 1048 246.

856 1106 1083 1185 Μετὰ
1141 1106 1285 1201 τὴν
1336 1106 1765 1187 κατάλυσιν
1817 1109 1978 1185 τῶν
2009 1106 2437 1215 τριάκοντα
2460 1112 3090 1210 χειροτονεῖσθαι
3126 1099 3414 1206 ἄνδρας

646 1231 833 1311 δέκα
857 1262 873 1278 ·
930 1240 1068 1312 καί
1107 1240 1550 1327 καλεῖσθαι,
1577 1232 1883 1312 τούτων
1930 1240 2267 1313 ἕκαστον
2299 1232 2458 1311 τῶν
2495 1227 2904 1335 ἀρχόντων
2940 1228 3412 1328 δεκαδῦχον.

1587 1353 2163 1467 (Harpocratidz
2204 1358 2408 1473 Bs'xa
2445 1365 2584 1436 καὶ
2625 1354 3199 1461 δεκαδοῦχος.).

1940 1526 2117 1603 246.

857 1667 1041 1747 Post
1092 1669 1534 1767 abrogatum
1591 1666 1767 1743 viris
1817 1667 2126 1767 triginta
2159 1667 2558 1772 imperium
2612 1667 2984 1767 eligantur
3036 1664 3413 1766 suffragiis

644 1794 792 1870 viri
822 1792 1125 1891 decem3
1179 1805 1256 1870 et
1291 1793 1556 1871 horum
1593 1792 2168 1891 magistratuum
2204 1794 2517 1895 quisque
2557 1785 3042 1883 δεκαδοῦχος
3078 1800 3410 1868 vocatur.

1934 1956 2111 2031 247.

841 2088 1209 2172 Ἕλέσθαι
1265 2086 1548 2196 ἄνδρος
1602 2094 1894 2171 εἴκοσι·
1972 2092 2296 2183 τούτους
2352 2090 2429 2172 δὲ
2486 2098 3010 2195 ἐπιμελεῖσθαι
3062 2090 3194 2185 τῆς
3248 2090 3402 2169 πό-

641 2226 820 2309 λεως
841 2277 864 2312 ,
921 2226 1055 2308 ἕως
1111 2214 1220 2297 ἄν
1275 2222 1350 2296 οἱ
1405 2216 1632 2322 νόμοι
1686 2224 2005 2301 τεθεῖεν.
2088 2225 2283 2306 Τέως
2334 2216 2413 2297 δὲ
2453 2220 2806 2322 χρῆσθαι
2841 2230 3001 2309 τοῖς
3038 2217 3406 2306 Σόλωνος

643 2343 906 2447 νόμοις
943 2348 1084 2419 καὶ
1121 2355 1281 2432 τοῖς
1320 2340 1766 2443 Δράκοντος
1808 2350 2145 2445 θεσμοῖς.

1976 2472 2378 2568 (Andocid.
2420 2472 2514 2551 de
2550 2484 2851 2579 myster.
2892 2468 2963 2575 β.
3002 2472 3191 2569 81.).

1941 2636 2119 2711 247.

853 2778 1220 2859 Oreentur
1258 2779 1705 2879 vigintiviri‚
1766 2778 1892 2878 qui
1930 2778 2214 2855 civitati
2250 2777 2624 2878 praesint,
2685 2778 2927 2857 donec
2962 2778 3173 2879 leges
3208 2778 3407 2858 latae

640 2908 956 3004 fuerint3
1009 2904 1308 2983 interim
1362 2931 1544 2982 vero
1582 2901 1878 2983 Solonis
1932 2902 2227 3006 legibus
2284 2913 2359 2980 et
2392 2902 2795 2982 Dracontis
2848 2904 3141 2983 statutis
3192 2915 3409 2982 uten-

639 3033 821 3111 dum
856 3042 989 3111 est.

1932 3138 2110 3214 248.

838 3273 1234 3356 ςΕκοίστου
1272 3275 1516 3378 δήμου
1555 3270 1598 3356 ὁ
1639 3275 2059 3378 κατάρχων
2097 3275 2482 3378 δήμαρχος
2518 3281 2831 3384 λέγεται.

1926 3515 2107 3592 248.
2313 3405 2659 3500 (Suidast
2716 3401 3190 3504 δήμαρχος.)

841 3657 982 3759 Ouj
988 3683 1224 3760 usque
1261 3656 1440 3763 pagi
1474 3658 1828 3760 princeps
1866 3665 2174 3734 vocatur
2212 3654 2670 3734 demarchus.

1936 3818 2113 3894 249.

853 3959 951 4037 Οἱ
988 3956 1372 4060 δήμαρχοι
1407 3957 1546 4048 τὰς
1580 3955 2044 4066 ἀπογραφὰς
2082 3957 2493 4036 ποιοῦνται
2530 3957 2688 4034 τῶν
2724 3957 3167 4057 προσόντων
3204 3957 3407 4035 ἑκά-

637 4083 1041 4190 στῳδὴμῳ
1079 4087 1398 4186 χωρίων
1419 4112 1437 4130 ·
1493 4087 1603 4164 ἔτι
1661 4084 1742 4163 δὲ
1800 4093 1941 4162 καὶ
1998 4083 2093 4162 τὰ
2150 4081 2608 4186 ληξιαρχικὰ
2660 4096 3138 4190 γραμματεῖα
3192 4085 3405 4185 παροὶ

637 4212 942 4302 τούτοις
974 4219 1132 4292 ἐστι
1149 4267 1174 4303 ,
1235 4215 1374 4288 καὶ
1411 4206 1835 4316 συνάγουσι
1874 4209 2060 4299 τούς
2098 4209 2388 4312 δήμους
2426 4204 2471 4290 ὅ
2480 4208 2661 4289 πότε
2697 4208 3029 4304 δεήσειεν
3064 4214 3201 4287 καὶ
3237 4211 3405 4314 ψῆ-

638 4367 800 4436 φον
836 4334 1102 4427 αὐτοῖς
1141 4336 1462 4419 διδοῦσι.
2058 4343 2597 4444 (Harpocratio
2628 4371 2644 4418 z
2705 4335 3183 4440 δήμαρχος.)

702 4474 710 4486 ’
1934 4503 2109 4578 249.

847 4645 1234 4748 Principes
1289 4670 1660 4748 pagorum
1711 4671 1935 4744 agros
2000 4645 2092 4723 ad
2132 4646 2469 4747 singulos
2504 4672 2741 4749 pagos
2778 4649 3227 4750 pertinentes
3267 4650 3399 4727 de-

633 4771 1001 4869 scribunt,
1078 4770 1370 4849 tabulas
1428 4769 1916 4850 lexiarchicas
1978 4769 2442 4868 custodiunt,
2522 4796 2908 4874 pagosque
2979 4799 3205 4875 quum
3274 4799 3403 4851 res

633 4897 996 4999 postulet,
1051 4904 1472 4974 convocant
1509 4904 1584 4972 et
1619 4894 1698 4970 in
1733 4894 2095 4996 suffragia
2130 4894 2450 4972 mittunt.
