3725 5850
881 424 984 476 nr.
1019 419 1487 477 Anumtnlo.
1526 437 1593 450 —
1634 417 1735 471 m:
1771 399 2395 474 Muncxromntffi.
2863 391 3007 469 301

275 619 570 694 εἰσιέναι
626 613 786 690 τῶν
840 608 1138 688 παίδων
1192 607 1425 687 ἔνδον
1491 601 1787 702 ὄντων,
1870 606 2011 687 ἐὰν
2054 604 2162 709 μὴ
2222 607 2383 699 υἱὸς
2442 604 2918 686 διδασκάλου
2977 599 3025 699 ἢ

274 738 590 838 ἀδελφὸς
625 735 671 832 ἢ
712 731 1097 842 θυγατρὸς
1135 729 1369 834 ἆνὴρ·
1423 727 1564 812 ἐὰν
1601 731 1685 812 δέ
1714 763 1828 824 τις
1866 729 2070 837 παρὰ
2124 731 2342 810 ταῦτ’
2397 737 2596 832 εἰσίῃ
2619 789 2640 822 ,
2703 727 3023 832 θανάτῳ

277 861 724 967 ζημιούσθὼ.
767 867 924 940 Καὶ
962 864 1036 938 οἱ
1066 857 1640 966 γυμνασιάρχαι
1674 870 1834 950 τοῖς
1876 853 2279 964 Ἑρμαίοις
2306 855 2414 961 μὴ
2453 854 2795 940 ἐάτωσαν
2833 883 3025 962 συγ-

275 997 626 1070 καθιέναι
671 987 965 1090 μηδένα
1017 985 1177 1064 τῶν
1231 993 1317 1064 ἐν
1371 977 1640 1090 ἡλικίᾳ
1689 981 1952 1090 τρόπῳ
1998 982 2313 1086 μηδενί·
2369 981 2515 1064 ἐὰν
2548 983 2625 1062 δὲ
2666 989 3020 1084 ἐπιτρέπῃ

277 1120 394 1192 καὶ
421 1113 538 1216 μὴ
579 1123 878 1226 ἐξείργῃ
912 1113 1056 1195 τοῦ
1095 1118 1533 1222 γυμνασίου
1552 1172 1576 1208 ,
1635 1117 1913 1218 ἔνοχος
1970 1117 2159 1194 ἔστω
2215 1107 2260 1194 ὅ
2302 1110 2868 1222 γυμνασιάρχης
2913 1101 3024 1215 τῷ

279 1241 388 1336 τῆς
425 1247 859 1346 ἐλευθέρων
893 1241 1205 1343 φθορᾶς
1239 1239 1482 1346 νόμῳ.

813 1372 1016 1468 (Lex
1053 1371 1354 1453 Solonis
1392 1369 1593 1476 apud
1630 1366 1982 1452 Aeschin.
2020 1397 2084 1450 c.
2124 1370 2497 1450 Timarch.
2535 1364 2604 1474 ξ.
2649 1369 2813 1463 12.)

1539 1533 1768 1612 1183.

473 1677 886 1756 Puerorum
937 1677 1270 1777 magistri
1325 1678 1546 1757 ludos
1599 1687 1775 1756 ante
1831 1673 2009 1758 solis
2049 1687 2294 1757 ortum
2330 1703 2426 1756 ne
2462 1674 2855 1778 aperiunto
2880 1731 2899 1770 ,
2955 1681 3068 1769 et·

279 1814 432 1880 ante
471 1828 818 1882 occasum
851 1803 1121 1882 iterum
1153 1797 1596 1907 :clauduntm
1669 1801 1931 1906 Neque
1968 1803 2081 1882 fas
2118 1814 2279 1882 esto
2316 1803 2447 1899 iis,
2502 1803 2630 1905 qui
2664 1799 3038 1906 puerilem

279 1939 588 2009 aetatem
625 1941 1141 2025 excesserunt,
1201 1956 1291 2008 eo
1329 1927 1658 2030 ingredi,
1717 1927 1895 2008 dum
1948 1926 2161 2033 pueri
2216 1941 2393 2006 suut
2433 1929 2630 2008 intus
2654 1987 2675 2026 ,
2731 1937 3029 2030 praeter

279 2055 502 2132 filium
538 2053 875 2152 magistri
913 2064 1042 2134 aut
1077 2055 1385 2134 fratrem
1420 2065 1552 2135 aut
1582 2080 1989 2156 generum:
2044 2055 2160 2132 his
2197 2055 2529 2158 exceptis
2566 2056 2627 2134 si
2666 2053 2831 2156 quis
2868 2052 3025 2130 fue·

281 2179 366 2254 rit
397 2179 823 2280 ingressae,
879 2181 1126 2282 capite
1165 2181 1584 2261 mulctator.
1657 2181 1758 2260 Et
1804 2179 2428 2283 gymnasiarchae
2466 2177 3029 2257 Mercurialibus

277 2303 472 2380 nullo
525 2302 749 2382 modo
806 2330 1231 2406 quenquam
1286 2305 1622 2384 adultum
1675 2304 1968 2406 ingredi
2022 2332 2193 2384 cum
2230 2305 2481 2408 pueris
2518 2287 2857 2381 sinunto:
2914 2302 3029 2378 sin

275 2428 685 2530 permiserit
721 2453 962 2530 neque
997 2431 1390 2531 gymnasio
1445 2427 1878 2524 excluserit,
1934 2439 2279 2508 teneatur
2312 2425 2887 2534 gymnasiarcho.
2922 2424 3027 2504 le·
3066 2443 3073 2450 ‘

275 2577 361 2654 ge
398 2553 494 2631 de
533 2553 960 2658 corruptela
995 2553 1489 2654 ingenuorum
1526 2581 1947 2657 puerorum.

1533 2715 1758 2797 1184.

475 2861 762 2947 Keadas
799 2856 1252 2958 ζημιοῦνται
1289 2859 1370 2935 αἱ
1407 2852 1610 2935 κατὰ
1650 2853 1784 2947 τὰς
1834 2849 2077 2946 ὁδούς
2116 2853 2611 2957 ἄκοσμοῦσαι
2647 2865 3028 2960 γυναῖκες.

1543 3094 1750 3171 1¹84
1934 2986 2280 3083 (Suidasz
2338 2980 2459 3061 ὅτι
2485 2986 2815 3080 χιλίας.)

482 3238 686 3317 Mille
726 3239 1093 3319 drachmis
1129 3240 1574 3319 mulctantur
1611 3241 1962 3321 mulieres
1984 3300 2003 3339 ,
2046 3267 2234 3343 quae
2272 3267 2540 3345 parum
2578 3239 2913 3318 modeste
2950 3240 3029 3317 iu

275 3364 575 3465 publico
611 3375 1026 3444 versantur.
1055 3355 1064 3369 ⁸

1489 3537 1830 3669 Μέροςί.

1239 3700 1505 3793 Περὶ
1577 3698 2073 3794 ἐμπόρων.

1476 3938 1664 4005 Pars
1726 3942 1827 4009 10.

1141 4066 1277 4133 De
1349 4066 2161 4139 mercatoribus.

1545 4234 1774 4311 1185.

497 4347 658 4427 Τὸν
691 4347 1402 4468 ἐπιδεδανεισμένον
1437 4360 1532 4432 ἐκ
1566 4356 1709 4433 τοῦ
1750 4362 2127 4459 ἐμπορίου
2163 4355 2410 4434 πολλὰ
2435 4355 2799 4457 χρήματα
2808 4412 2831 4447 ,
2889 4359 3029 4431 καὶ

269 4486 427 4564 τοῖς
471 4474 902 4565 δανεισταῖς
939 4472 1038 4554 οὗ
1077 4478 1574 4580 παρασχόντα
1627 4478 1764 4570 τοὶς
1799 4476 2253 4575 ὖποθὴκας,
2318 4481 2637 4584 θανάτῳ
2678 4482 3025 4582 ζημιοῦν,

267 4605 872 4707 εἰσαγγελθέντα
909 4609 996 4680 ἐν
1029 4603 1141 4705 τῷ
1177 4601 1410 4707 δήμῳ.
1534 4612 1955 4713 (Demosth.
1995 4612 2089 4691 ad
2128 4612 2555 4694 Phormion.
2597 4612 2816 4705 922.)

1535 4788 1573 4864 1
1593 4788 1762 4868 185.

487 4910 637 5025 Qui
671 4936 714 4990 e
751 4923 1080 4992 mercatu
1130 4938 1484 5013 magnam
1537 4917 1933 5018 pecuniam
1979 4942 2203 5021 super
2238 4920 2443 5022 prius
2480 4916 2833 4997 creditam
2868 4942 3023 4993 mu-

267 5046 530 5113 tuatus
579 5038 802 5116 fuerit
854 5052 930 5115 et
981 5038 1466 5119 creditoribus
1514 5042 1832 5144 pignora
1868 5068 2019 5122 non
2057 5042 2512 5141 exhibuerit,
2568 5044 2811 5146 capite
2846 5067 3019 5123 con-

268 5158 668 5242 demnetur
702 5160 1188 5246 denunciatus
1227 5165 1426 5271 apud
1461 5166 1846 5271 populum.
