3725 5850
609 399 792 477 6322
1497 413 2118 472 connum-Amos
2156 415 2265 467 An
2304 407 2467 468 1500.

613 615 678 694 ei
711 630 976 695 usuras
1009 612 1438 713 exegissent
1455 667 1475 707 ‚
1522 612 1616 690 de
1651 610 1768 688 his
1801 607 2201 686 reddendis
2239 631 2373 710 per
2406 630 2675 685 manue
2710 606 3190 709 injectionem
3222 629 3395 682 cum

615 743 722 820 eie
755 751 1130 844 ageretur.
1187 739 1463 845 (Gaji
1500 739 1827 820 Instit.
1867 735 2002 831 IV,
2042 737 2214 828 23.)

1756 948 1912 1033 Μ
1946 947 2235 1032 1⁸08.

829 1117 1354 1222 Harpocratio:
1390 1107 1506 1190 ”A
1525 1137 1632 1188 στ
1652 1142 1681 1188 ι
1700 1145 1755 1188 κ
1771 1143 1816 1188 τ
1837 1141 1883 1187 ο
1904 1141 1953 1189 ν
1976 1139 2043 1210 χ
2063 1141 2123 1206 ω
2140 1139 2185 1211 ρ
2207 1115 2236 1187 ί
2258 1142 2301 1187 ο
2322 1141 2371 1190 ν
2404 1109 2495 1188 τὸ
2527 1108 2638 1211 μή
2680 1105 3213 1213 ὖποκείμενον
3251 1111 3398 1188 δα-

614 1241 911 1342 νειστῇ·
968 1237 1164 1319 ὅταν
1197 1237 1348 1347 γάρ
1383 1233 1850 1332 ὑποκέηται,
1910 1237 2196 1314 εἴωθεν
2249 1231 2293 1314 ὁ
2352 1236 2705 1327 δανείσας
2744 1235 2941 1315 αὐτὸ
2979 1235 3217 1315 τοῦτο
3260 1235 3400 1330 δη-

615 1367 818 1446 λοῦν
852 1363 982 1444 διά
1017 1363 1496 1472 γραμμάτων
1539 1362 1889 1443 ἐπόντων
1940 1364 2051 1466 τῷ
2088 1368 2401 1466 χωρίῳ·
2458 1361 2551 1441 τὸ
2590 1362 2660 1442 δ’
2700 1361 2899 1442 αὐτὸ
2936 1369 3075 1440 καί
3116 1371 3233 1442 ἐπ’
3274 1367 3403 1440 οἰ-

614 1497 800 1583 κίας
861 1496 1182 1600 γίνεται.
1257 1495 1575 1598 (Ager
1643 1495 2129 1573 creditori
2190 1520 2379 1572 non
2431 1494 2967 1588 obnoxiue;
3040 1519 3220 1571 nam
3278 1494 3407 1594 qui

619 1622 994 1703 obnoxius
1029 1634 1191 1701 erat
1209 1680 1229 1720 ‚
1287 1647 1426 1727 per
1467 1623 1858 1725 impositae
1898 1621 2443 1724 inscriptusque
2478 1621 2915 1700 columellae
2952 1645 2999 1697 a
3032 1619 3409 1700 creditore

619 1749 1169 1852 designabatur.
1241 1748 1600 1852 Idemque
1635 1751 1716 1827 in
1763 1748 2073 1828 aedibus
2110 1748 2273 1826 fieri
2306 1745 2661 1842 solebat.)

837 1865 1110 1953 Pollux
1128 1875 1422 1969 111,85:
1462 1875 1858 1953 Terminus
1894 1866 2155 1972 (ὅρος)
2192 1885 2355 1952 erut
2387 1873 2583 1974 lapis
2620 1884 2751 1950 aut
2784 1873 3137 1953 columna
3172 1895 3405 1972 quae·

541 2005 544 2007 *
619 2000 794 2078 dam
832 1999 1276 2096 ostendens,
1337 1998 1540 2100 quod
1595 1999 1806 2078 locus
1861 2009 2059 2078 emet
2110 2023 2283 2077 uere
2322 2000 2566 2076 alieno
2604 1998 3028 2076 obstrietus.
3100 1999 3219 2074 De
3260 1997 3411 2076 hoc

621 2136 869 2204 autem
927 2125 1281 2207 dicebant
1333 2125 1612 2204 locus
1667 2125 2135 2225 signatus
2190 2136 2342 2204 eet
2397 2123 2811 2218 (ἐστίχθαι
2864 2116 2954 2196 τὸ
3001 2122 3408 2219 χωρίον);

613 2235 704 2328 ἰιι
737 2249 1188 2330 eontrarium
1245 2251 1406 2352 ojus
1461 2263 1616 2346 eet,
1672 2275 1862 2328 non
1918 2253 2381 2351 signatus
2436 2239 2914 2345 (ἄστικτον).
2986 2251 3233 2328 Locus
3276 2275 3406 2328 au-

621 2389 776 2455 tem
811 2403 984 2454 aere
1021 2377 1269 2454 alieno
1307 2376 1706 2455 obstrictus
1743 2376 1969 2454 etiam
2007 2378 2549 2479 oppigneratus
2586 2366 3076 2474 (ὖπόβολον)
3114 2374 3409 2453 dicitur.

839 2501 956 2580 cf.
983 2500 1260 2580 Schol.
1315 2500 1398 2576 in
1451 2500 1840 2580 Demosth.
1896 2498 2283 2601 Aristogit.
2343 2499 2522 2597 791,
2570 2501 2687 2580 11.
2758 2501 3043 2580 Lexica
3094 2499 3407 2601 Seguer.

623 2659 700 2734 p.
737 2629 916 2736 285.

837 2755 1035 2834 Exe
1055 2753 1314 2860 mpla
1347 2763 1438 2830 te
1459 2751 1792 2831 rmini:
1839 2743 2023 2826 Ἐπὶ
2066 2746 2567 2852 Θεοφράστου
2602 2745 2984 2852 ἄρχοντος
3022 2746 3199 2852 ὅρος
3226 2778 3406 2846 χω-

625 2881 803 2981 ρίου
855 2875 1076 2977 τιμῆς
1130 2878 1713 2973 ἐνοφειλομένης
1771 2872 2294 2978 Φανοστράτῳ
2336 2882 2709 2955 Παιανιεῖ
2736 2884 2908 2957 ΧΧ
2953 2879 3071 2976 (ἱᾶ
3109 2889 3223 2957 est
3282 2873 3405 2953 δι-

627 3008 950 3105 σχιλίων
987 3000 1422 3104 δραχμῶν).

842 3134 986 3213 Hic
1040 3132 1406 3211 terminus
1460 3130 1746 3232 positus
1795 3140 1911 3209 est
1947 3132 2046 3210 ob
2085 3133 2403 3233 pretium
2442 3134 2655 3212 fundi
2693 3134 2925 3237 empti
2959 3158 3115 3209 non
3152 3156 3405 3214 nume-

629 3272 872 3340 ratum
891 3317 911 3357 ‚
965 3257 1098 3335 sed
1154 3256 1488 3337 debitum
1544 3256 1654 3351 ei,
1705 3283 1755 3333 a
1805 3283 1956 3358 quo
2014 3269 2302 3362 emptus
2358 3270 2521 3341 crat
2539 3318 2579 3355 ‚.
2613 3260 3113 3339 Phanostrato
3168 3259 3401 3335 Paea-

627 3388 890 3467 niensi.
945 3382 1475 3479 (Boeckhii
1531 3407 1785 3485 corp.
1841 3382 2133 3462 inser.
2188 3410 2318 3485 gr.
2376 3386 2432 3463 Ι.
2494 3388 2621 3465 Nr.
2662 3385 2885 3479 530.)

825 3502 1066 3607 ’Ὁρος
1123 3507 1384 3592 οἰκίας
1439 3510 1909 3605 πεπραμένης
1974 3511 2099 3583 ἐπὶ
2172 3503 2387 3584 λύσει
2449 3511 2984 3587 πεντακοσίων
3042 3504 3411 3607 δραχμῶν

620 3630 1080 3737 Ἀρχεδήμῳ
1133 3634 1457 3737 Αἰγιλεῖ.

843 3762 1205 3858 Debitor,
1261 3760 1386 3860 qui
1443 3760 1603 3834 500
1655 3759 2045 3839 drachmas
2103 3761 2433 3839 debebat
2486 3761 2955 3841 Archedemo
2976 3822 2995 3859 ,
3070 3761 3409 3841 vendidit

630 3890 808 3969 huic
861 3887 1163 3966 domum
1223 3912 1313 3965 ea
1347 3886 1776 3965 conditione
1799 3947 1816 3982 ‚
1878 3899 1961 3964 ut
1997 3887 2304 3966 redditis
2345 3890 2503 3963 500
2538 3888 2913 3967 drachmis
2936 3948 2954 3983 ‚
3011 3890 3407 3968 redimeret

631 4042 844 4094 suam
882 4012 1207 4091 domum.
1267 4010 1593 4107 (Rossz
1649 4012 1793 4089 Die
1831 4016 2127 4090 Demen
2166 4039 2316 4088 von
2356 4010 2636 4091 Attika.
2678 4016 2807 4093 Nr.
2850 4014 3017 4110 33.)

827 4130 1071 4238 ’Ὅρος
1096 4136 1402 4237 χωρίου
1439 4138 1579 4210 καί
1630 4137 1932 4225 οἰκίας,
1990 4130 2439 4235 ἀποτίμημα
2478 4132 2692 4212 παιδὶ
2732 4132 3057 4239 ὀρφανῷ
3098 4142 3401 4244 Διογεί-

635 4292 861 4351 τονος
899 4262 1467 4365 Προβαλισίου.

851 4390 1141 4493 Aliquis
1195 4416 1426 4493 quum
1479 4390 1680 4467 bona
1720 4390 1851 4467 filii
1908 4392 2073 4468 orbi
2107 4392 2537 4492 Diogitonis
2575 4390 2671 4471 ab
2709 4392 3067 4470 archonte
3104 4402 3179 4469 et
3215 4402 3399 4471 tuto·

635 4519 838 4599 ribus
876 4513 1326 4594 conduceret
1345 4574 1364 4612 ‚
1420 4517 1810 4619 praedium
1871 4541 2041 4594 cum
2078 4516 2298 4595 domo
2336 4545 2475 4622 pro
2513 4519 2734 4595 bonis
2768 4513 3157 4597 conductis
3195 4518 3399 4623 oppi-

635 4643 1005 4749 gneravit.
1060 4641 1523 4737 (Boeekh.
1571 4642 2159 4745 corp.·inecr.
2200 4646 2258 4721 Ι.
2300 4644 2428 4721 Nr.
2474 4644 2696 4737 531.)

833 4778 1075 4885 “0ro
1113 4784 1374 4870 οἰκίας
1408 4786 1550 4859 καὶ
1587 4779 1846 4875 κήπου
1890 4778 2555 4886 ἀποτετιμημένων
2590 4756 2987 4883 προικὶτῇ
3014 4783 3399 4886 Διοδώρου

642 4915 977 5018 θυγατρὶ
1014 4907 1562 5011 Καλλιστράτη.
1622 4914 1771 5009 Qui
1809 4913 2114 4992 Diodori
2152 4916 2384 4993 filiam
2421 4914 2631 4993 duxit
2656 4914 2737 4991 in
2764 4938 3079 4993 uxorem
3115 4944 3255 5018 pro
3290 4942 3397 4993 ae·

639 5051 862 5146 cepta
897 5043 1072 5120 dote
1112 5040 1642 5143 oppigneravit
1695 5040 2013 5121 fundum
2048 5052 2124 5119 et
2157 5041 2473 5119 hortum
2550 5041 2722 5139 (Ro
2742 5066 2874 5120 ss:
2928 5042 3259 5147 inscript.
3296 5066 3395 5143 gr.-

636 5168 892 5249 inedit.
927 5168 1107 5246 fasc.
1143 5166 1241 5262 ΙΙ,
1279 5192 1354 5268 p.
1395 5166 1562 5259 32.)
