3725 5850
1213 469 1312 516 DE
1351 465 1714 522 rawA‘rns
1748 467 2133 520 Anm'rnm.
2855 445 3005 522 uo

287 653 448 734 κατὰ
487 653 732 756 νόμον
766 657 1101 754 αἱρεθείς
1139 651 1397 754 κριτὴς
1420 711 1442 744 ,
1503 650 1879 744 διαιτητὴς
1934 651 2013 732 δὲ
2052 645 2097 730 ὁ
2139 652 2342 731 κατὰ
2384 660 2847 754 συμφωνίαν
2882 658 3005 731 αἱ-

288 787 493 884 ρεθεὶς
529 777 1052 882 συμβιβάσεως
1079 778 1344 880 χάριν.
2016 785 2385 885 (Etymol.
2426 783 2790 877 Gudian.)

1545 907 1720 982 565.

458 1052 711 1130 Judex
748 1062 824 1129 et
859 1054 1140 1129 arbiter
1175 1053 1532 1129 differunt
1569 1051 1767 1127 inter
1801 1075 1904 1128 se.
1982 1051 2037 1128 J
2043 1051 2236 1128 udex
2276 1053 2477 1128 enim
2512 1063 2625 1128 est
2662 1053 2831 1147 ille,
2882 1053 3007 1153 qui

285 1178 650 1257 secundum
706 1180 950 1278 legem
1005 1179 1305 1277 eligitur
1361 1178 1459 1254 ad
1500 1175 2035 1278 judicandum,
2092 1177 2373 1254 arbiter
2430 1204 2610 1255 vero
2656 1203 2792 1281 per
2827 1203 3003 1254 con-

285 1331 543 1382 sensum
581 1305 907 1406 partium
943 1302 1488 1380 conciliationis
1520 1303 1788 1408 gratia.

1541 1483 1719 1559 586.

444 1617 548 1700 ‘0
583 1619 960 1716 διαιτητὴς
997 1622 1086 1700 τὸ
1122 1619 1514 1714 ἐπιεικὲς
1485 1617 1675 1726 ὁρᾷ,
1735 1653 1778 1700 o
1824 1620 1905 1700 δὲ
1944 1620 2307 1715 δικαστὴς
2344 1621 2486 1700 τὸν
2524 1622 2792 1724 νόμον.

1651 1751 2802 1852 (Aristotel.Rhet.1,13,19.)

1548 1913 1724 1990 566.

459 2058 761 2139 Arbiter
797 2023 1248 2161 aequitatem
1283 2060 1652 2154 intuetur,
1695 2057 1934 2161 judex
1968 2084 2149 2136 vero
2187 2058 2451 2158 legem.

1545 2221 1720 2296 567.

451 2357 643 2438 Ἐάν
682 2391 877 2450 τινες
917 2367 1079 2461 περὶ
1121 2365 1624 2464 συμβολαίων
1681 2362 1906 2439 ι’δίων
1961 2357 2147 2462 πρὸς
2195 2357 2564 2455 ἀλλήλους
2622 2355 3015 2461 ἀμφισβη-

282 2487 430 2562 τῶσι
467 2492 603 2562 καί
641 2487 1084 2588 βούλωνται
1126 2485 1517 2578 διαιτητήν
1574 2491 1882 2564 ἑλέσθαι
1939 2479 2357 2578 ὁντινοῦν,
2417 2490 2700 2579 egebam
2755 2481 3019 2574 ἀὐτοῖς

284 2614 680 2710 αἱρεῖσθαι,
739 2609 835 2689 ὃν
873 2607 976 2688 ἂν
1031 2611 1511 2712 βούλωνται·
1571 2609 1889 2690 ἐπειδᾶν
1944 2611 2013 2687 δ’
2052 2617 2371 2689 ἕλωνται
2426 2609 2631 2688 κατὰ
2691 2609 3014 2702 κοινὸν,

277 2745 683 2834 μενέτωσαν
717 2745 804 2814 ἐν
833 2750 998 2824 τοῖς
1035 2729 1198 2814 ὑπὸ
1237 2736 1526 2812 τούτου
1563 2735 2114 2842 διαγνωσθεῖσι
2171 2744 2311 2814 καὶ
2357 2745 2629 2836 μηκέτι
2668 2765 3019 2833 καταφε-

283 2871 586 2960 ρέτωσαν
641 2861 798 2939 ἀπὸ
855 2863 1142 2941 τούτου
1195 2871 1318 2961 ἐφ’
1369 2871 1626 2969 ἕτερον
1681 2862 2179 2964 δικαστήριον
2228 2861 2479 2946 ταύτὰ
2534 2861 2972 2969 ἐγκλήματα
2994 2915 3016 2954 ,

284 2985 420 3065 ἀλλ’
457 2992 646 3069 ἴστω
681 2986 778 3064 τὰ
815 2992 1192 3091 κριθέντα
1229 2983 1392 3071 timi
1432 2990 1578 3066 τοῦ
1620 2988 2011 3081 διαιτητοῦ
2050 2989 2306 3088 κύρια.

1633 3116 2062 3211 (Demosth.
2099 3118 2179 3195 in
2217 3118 2540 3196 Midiam.
2584 3042 2804 3212 545.)

1554 3276 1729 3351 567.

467 3420 544 3498 Si
584 3423 709 3521 qui
749 3422 840 3497 de
880 3419 1190 3522 privatis
1247 3421 1753 3497 contractibus
1809 3418 2173 3519 litigarint
2230 3432 2305 3497 et
2347 3424 2709 3499 arbitrum
2732 3383 3019 3522 eligere

140 3542 142 3609 ἱ
281 3547 620 3623 voluerint
666 3573 1220 3647 quemcunque3
1275 3548 1363 3623 iis
1419 3547 1640 3623 liceat
1695 3546 1975 3649 eligere
2031 3573 2544 3649 quemcunque
2600 3550 3022 3644 voluerint3

285 3684 645 3773 postquam
681 3682 930 3747 autem
968 3675 1458 3748 communiter
1508 3671 1913 3772 elegerint,
1972 3674 2449 3773 acquiescant
2502 3674 2580 3749 in
2616 3672 2801 3775 'ejus
2849 3700 3015 3751 sen-

286 3801 492 3875 tentia
527 3824 767 3900 neque
807 3798 1124 3900 ampHus
1164 3798 1259 3874 ab
1297 3798 1442 3873 hoc
1477 3797 1558 3874 in
1595 3798 1798 3875 aliud
1833 3798 2199 3900 judicium
2256 3800 2558 3877 easdem
2614 3801 2779 3878 lites
2817 3795 3018 3875 defe-

287 3937 464 4021 rant,
522 3924 652 4001 sed
691 3925 787 4000 ab
823 3923 1101 4000 arbitro
1127 3923 1462 4025 judicata
1496 3931 1662 4000 rata
1695 3934 1939 4000 sunto,

1551 4104 1726 4179 568.
1819 4074 1826 4085 ’

460 4242 793 4345 Ἐκεῑνῳ
832 4250 1293 4349 ἐπιτρέπειν,
1354 4239 1436 4331 ὃς
1475 4243 1603 4334 τῆς
1641 4247 1905 4338 τέχνης
1946 4242 2292 4345 ἔμπειρός
2330 4253 2507 4323 ἐστι.

1802 4370 2322 4475 (Aristophan.
2360 4368 2545 4450 Ran.
2588 4366 2809 4469 810.)

1566 4498 1738 4573 568.

472 4642 588 4718 11Ιί
626 4643 1130 4719 committatur
1167 4643 1552 4719 arbitrium
1580 4702 1598 4739 ,
1657 4644 1779 4746 qui
1818 4645 2102 4748 peritus
2141 4644 2320 4723 artis
2358 4655 2489 4721 est.
