3725 5850
1145 495 1764 550 consumamus
1801 494 1909 548 An
1948 494 2039 550 se.
2814 473 2969 561 429

211 683 321 762 die
357 682 767 762 vocabatur
802 685 1249 789 praefectus.
1326 685 1734 766 Sciendum
1771 701 1885 768 est
1920 699 2173 766 autem
2192 747 2211 786 ,
2269 690 2845 790 quinquagenos
2883 692 2969 770 il-

202 811 309 888 los
353 821 656 892 vocatos
713 811 938 892 fuisse
993 841 1047 916 p
1067 840 1106 891 r
1121 840 1174 916 y
1195 824 1290 890 ta
1307 839 1358 889 n
1379 838 1418 892 e
1439 841 1476 892 s
1500 872 1519 911 ,
1578 813 1808 892 denos
1863 843 1917 920 p
1938 844 1975 894 r
1996 841 2041 894 a
2060 841 2101 894 e
2124 843 2160 894 s
2180 816 2208 892 i
2228 817 2275 892 d
2298 840 2337 894 e
2360 842 2395 892 s
2454 809 2973 913 (προέδρους),

205 965 424 1018 unum
455 938 670 1019 illum
707 967 758 1043 p
777 967 814 1018 r
835 967 882 1020 a
901 967 944 1020 e
966 941 1006 1018 f
1019 966 1059 1020 e
1083 951 1240 1018 ctu
1255 969 1334 1018 m
1384 934 1900 1040 (ἐπιστάτην).

403 1063 526 1144 cf.
563 1065 814 1146 Schol.
851 1066 948 1144 ad
984 1065 1372 1146 Demosth.
1413 1065 1854 1148 Androtion.
1896 1069 2075 1164 594,
2116 1069 2238 1146 25.

399 1209 516 1288 Ex
553 1209 898 1288 omnibus
932 1208 1048 1286 his
1087 1209 1268 1286 locis
1306 1219 1520 1313 patet
1537 1267 1556 1304 ,
1615 1209 1764 1290 duo
1819 1210 2047 1290 fuisse
2098 1235 2381 1314 genera
2444 1209 2966 1293 Proedrorum.

197 1335 418 1411 Erant
471 1359 744 1438 nempe
799 1335 1044 1436 primo
1099 1335 1416 1414 Proedri
1455 1360 1498 1412 e
1535 1336 1987 1437 Prytanibus
2045 1336 2220 1414 deni
2276 1337 2372 1414 ad
2408 1347 2758 1438 septenos
2800 1337 2961 1416 dies

195 1471 380 1536 sorte
417 1459 644 1538 creati
663 1515 684 1554 ‚
743 1470 1099 1560 erantque
1159 1485 1292 1561 per
1347 1460 1428 1538 id
1482 1473 1782 1564 tempus
1837 1461 2068 1562 totius
2116 1471 2419 1540 senatus
2454 1462 2833 1564 principes
2870 1489 2959 1540 ac

195 1582 582 1684 praesides.
657 1584 808 1662 Sed
845 1584 940 1661 ab
978 1583 1095 1662 his
1139 1585 1416 1663 diversi
1454 1599 1669 1663 erant
1717 1587 2020 1664 alterius
2074 1587 2371 1686 generis
2426 1587 2778 1684 Proedri,
2834 1589 2963 1688 qui

195 1735 336 1786 non
389 1735 430 1784 e
490 1710 985 1811 Prytanibus,
1053 1709 1185 1790 sed
1255 1737 1295 1788 e
1351 1711 1652 1810 reliquis
1723 1737 2003 1788 novem
2079 1711 2459 1809 tribubus,
2535 1713 2955 1812 prytaniam

196 1859 280 1910 eo
313 1846 642 1937 tempore
691 1862 848 1912 non
897 1835 1330 1936 gerentibus
1352 1895 1370 1931 ,
1429 1846 1626 1913 sorte
1685 1836 2171 1940 capiebantur
2225 1863 2272 1915 a
2326 1837 2743 1940 Prytanum
2782 1840 2954 1940 Epi-

194 1970 419 2056 stata,
479 1961 770 2060 quoties
827 1972 957 2036 aut
1001 1971 1304 2038 senatus
1342 1972 1470 2039 aut
1506 1961 1828 2066 populus
1870 1961 2397 2040 convocandus
2434 1973 2635 2060 erat,
2691 1963 2768 2040 id
2806 1975 2957 2060 est,

197 2085 512 2184 quotidie
550 2087 728 2163 fere.
804 2086 907 2163 Hi
941 2086 1167 2186 igitur
1223 2087 1474 2164 vocari
1532 2100 1846 2191 possunt
1902 2089 2308 2190 proedri
2365 2113 2549 2165 non
2602 2089 2959 2166 contri-

195 2211 240 2285 b
262 2210 411 2287 ule
431 2239 499 2308 s,
558 2212 907 2311 quoniam
945 2236 985 2288 e
1025 2235 1298 2288 novem
1337 2211 1652 2292 diversis
1697 2212 2041 2292 tribubus
2080 2225 2331 2312 erant3
2388 2215 2671 2315 priores
2708 2225 2959 2292 autem

193 2337 292 2414 illi
341 2339 1018 2436 contribules,
1077 2340 1432 2442 quoniam
1489 2340 1830 2441 ejusdem
1888 2353 2103 2417 erant
2158 2367 2413 2418 omnes
2468 2341 2706 2420 tribus
2760 2367 2955 2440 πρυ-

195 2457 665 2552 τανευούσης.
757 2467 874 2542 De
937 2465 1053 2541 his
1121 2492 1313 2542 non
1387 2466 2140 2544 contribulibus
2213 2465 2545 2568 loquitur
2616 2467 2957 2568 superius

193 2588 451 2666 Pollux
510 2589 764 2685 (VIII,
824 2590 989 2683 96).
1086 2590 1181 2667 Et
1232 2590 1310 2665 hi
1366 2591 1670 2691 proedri
1739 2618 1927 2668 non
1986 2591 2619 2668 contribules
2677 2617 2953 2668 novem

192 2727 429 2809 erant,
485 2715 760 2813 singuli
816 2740 856 2791 e
913 2715 1226 2814 singulis
1284 2715 1663 2812 tribubus,
1723 2726 2040 2818 excepta
2100 2743 2191 2794 ea
2211 2776 2230 2813 ,
2269 2725 2477 2817 'quae
2531 2697 2967 2820 prytaniam'

191 2841 534 2937 gerebat,
572 2867 726 2916 non
761 2850 845 2916 ut
892 2841 1522 2918 contribules
1577 2841 1722 2937 illi,
1783 2842 1879 2917 ad
1915 2853 2263 2946 septenos
2303 2842 2461 2918 dies
2484 2900 2503 2938 ,
2562 2841 2694 2918 sed
2732 2841 2828 2918 ad
2866 2843 2951 2919 il-

189 2964 288 3041 las
323 2967 841 3045 tantummodo
881 2969 1097 3045 unius
1137 2967 1282 3045 diei
1321 2967 1586 3064 horas,
1647 2968 1917 3067 quibus
1974 2979 2104 3045 aut
2150 2978 2451 3045 senatus
2490 2977 2617 3043 aut
2654 2969 2953 3044 comitia

191 3091 660 3189 haberentur,
683 3094 932 3169 creati.
975 3092 1068 3187 (S
1092 3121 1133 3168 c
1152 3092 1202 3169 h
1221 3120 1268 3169 o
1288 3120 1328 3169 e
1349 3121 1428 3170 m
1447 3122 1492 3171 a
1512 3120 1561 3169 n
1583 3121 1672 3170 n:
1713 3091 1804 3170 de
1827 3093 2142 3171 comitiis
2164 3090 2433 3169 Athen.
2473 3118 2543 3194 p.
2569 3093 2951 3187 83—85.)

395 3218 715 3296 Causam
771 3219 1086 3322 duplicis
1147 3217 1426 3295 ordinis
1493 3217 1921 3319 praesidum
1973 3220 2078 3295 ita
2134 3218 2446 3321 exponit
2502 3219 2950 3296 clarissimus

191 3342 768 3421 Schoemannius
824 3346 1111 3438 (ibid.
1171 3372 1242 3445 p.
1294 3344 1479 3439 862:
1539 3344 1908 3445 Prytanes
1968 3345 2379 3445 horumque
2439 3344 2814 3445 praesides
2877 3357 2952 3419 et

189 3470 598 3569 praefectus
637 3463 1035 3567 (πρόεδροι
1075 3479 1152 3545 et
1188 3464 1616 3562 ἐπιστάτης)
1675 3469 1893 3545 unius
1953 3494 2213 3545 omnes
2256 3479 2329 3546 et
2365 3469 2700 3573 ejusdem
2738 3482 2951 3547 erant

189 3594 438 3671 tribus.
513 3594 654 3691 Hi,
713 3595 892 3672 dum
941 3597 1021 3673 in
1059 3606 1499 3697 prytaneatu
1538 3606 1787 3693 erant,
1848 3594 2174 3671 universi
2212 3606 2516 3672 senatus
2554 3620 2949 3698 personam

60 3780 62 3807 2
188 3722 567 3818 gerebant.
639 3716 792 3797 Sed
850 3747 996 3821 quo
1036 3720 1429 3824 ampliores
1467 3722 1997 3823 gravioresque
2035 3722 2114 3796 in
2151 3722 2539 3825 republica
2573 3733 2822 3823 partes
2859 3722 2947 3797 iis

188 3848 613 3923 commissae
670 3858 924 3944 erant,
1001 3873 1090 3923 eo
1145 3848 1382 3946 magis
1438 3846 1921 3923 metuendum
1977 3848 2542 3949 cavendumque
2600 3860 2795 3943 erat,
2852 3873 2944 3923 ne

60 4006 62 4079 g
187 3970 472 4068 quando
532 3972 676 4048 hac
732 3982 940 4049 tanta
993 3982 1366 4074 potestate
1423 3972 1616 4048 male
1669 3984 2075 4048 uterentur.
2152 3972 2347 4072 Ipsi,
2405 3971 2756 4067 tribules,
2810 3998 2948 4074 per

60 4140 62 4195 ÷
183 4098 815 4199 trigintaquinque
873 4099 1158 4175 dierum
1207 4099 1529 4202 spatium
1585 4100 2035 4199 reliquarum
2096 4098 2423 4174 tribuum
2470 4098 2942 4173 senatoribus

185 4223 582 4324 praepositi
619 4223 989 4324 totiusque
1021 4224 1473 4326 reipublicae
1514 4224 1933 4325 principes,
1972 4223 2033 4299 si
2075 4221 2375 4322 quando
2412 4250 2581 4299 suas
2621 4249 2943 4321 suaeque

185 4348 410 4425 tribus
465 4349 792 4426 rationes
847 4362 1070 4451 atque
1129 4351 1524 4429 commoda
1568 4376 1612 4425 a
1649 4348 2100 4448 reliquarum
2154 4348 2480 4425 tribuum
2536 4347 2941 4423 commodis

186 4472 533 4550 dissidere
592 4474 974 4571 viderent,
1050 4476 1473 4578 conspirare
1533 4474 1881 4551 facillime
1956 4483 2343 4577 poterant,
2421 4485 2643 4573 atque
2700 4472 2941 4570 magis

185 4598 368 4697 quod
408 4600 547 4675 sibi
587 4599 926 4699 suisque,
988 4628 1206 4703 quam
1263 4600 1462 4703 quod
1518 4600 1862 4676 omnibus
1901 4597 2390 4693 conduceret,
2451 4600 2682 4699 sequi.
2758 4599 2941 4675 Eam

185 4724 271 4797 ob
323 4751 666 4822 causam,
727 4728 1016 4825 quoties
1072 4729 1148 4803 in
1202 4740 1468 4804 senatu
1526 4737 1656 4801 aut
1713 4724 2029 4801 comitiis
2086 4725 2409 4827 publica·
2448 4724 2753 4825 negotia
2787 4735 2933 4799 tra-

185 4850 444 4928 ctanda
478 4862 731 4947 erant,
792 4876 884 4929 ex
921 4851 1009 4928 iis
1048 4878 1344 4952 quoque
1394 4849 1778 4945 tribubus,
1838 4877 2149 4951 quarum
2186 4877 2335 4926 non
2375 4860 2535 4924 erat
2570 4847 2937 4951 prytania‚

187 4974 622 5054 creabantur
659 4978 934 5075 singuli
971 4978 1151 5074 viri,
1207 4979 1331 5079 qui
1369 4975 1712 5053 adessent
1749 4975 2231 5077 prytanibus,
2282 4986 2355 5049 et
2392 4974 2455 5049 si
2495 4974 2671 5071 quid
2713 4975 2807 5048 ab
2850 4973 2959 5047 iis‘

189 5103 331 5176 fieri
370 5102 740 5199 viderent,
793 5106 994 5204 quod
1031 5106 1236 5180 bono
1273 5106 1578 5207 publico
1615 5104 2007 5201 legibusve
2048 5100 2502 5178 contrarium
2540 5111 2775 5193 esset,
2825 5098 2935 5173 in-

185 5227 632 5305 tercederent
669 5240 887 5332 atque
925 5240 1305 5327 vetarent3
1345 5232 1406 5306 si
1444 5227 1622 5330 quid
1659 5227 1841 5329 ipsis
1882 5228 2367 5329 probaretur,
2409 5224 2934 5319 consentirent,
