3725 5850
647 383 824 464 ΜΒ
1467 407 2085 462 consummamus
2124 409 2233 460 An
2273 401 2429 462 11⁷0.
2474 400 2631 462 117⁴.

877 598 1284 694 Zaleucus,
1325 599 1707 700 legislator
1745 598 2233 676 Locrensium
2257 657 2273 693 ,
2300 601 2554 700 jussit,
2594 611 2676 675 ut
2713 599 3054 676 adulterii
3092 599 3440 674 convicto

663 724 859 799 oculi
898 723 1428 804 effoderentur.
1509 723 1699 800 Cum
1739 751 1919 799 vero
1962 724 2155 800 filius
2195 723 2355 824 ejus
2394 724 2787 800 damnatus
2826 722 3209 816 adulterii,
3266 748 3441 823 poe-

663 874 836 924 nam
877 877 916 924 e
953 864 1274 950 paterna
1309 849 1478 948 lege
1515 849 1818 926 daturus
1858 863 2092 944 esset,
2152 876 2246 925 ne
2274 909 2291 942 ,
2346 851 2545 948 quod
2583 849 2815 926 semel
2853 851 3223 926 sancitum
3262 859 3443 940 erat,

661 973 942 1048 irritum
984 976 1230 1072 fieret,
1285 977 1446 1078 ipse
1503 975 1867 1050 Zaleucus
1924 1003 2062 1076 pro
2122 975 2357 1052 altero
2418 974 2796 1051 oculorum
2842 975 2974 1051 filii
3014 999 3231 1050 suum
3266 971 3445 1048 dare

661 1099 1049 1194 sustinuit,
1091 1111 1172 1176 ut
1207 1127 1302 1174 ne
1341 1125 1642 1202 prorsus
1681 1110 2210 1176 excaecaretur
2247 1098 2701 1175 adolescens.
2765 1098 2872 1192 (A
2895 1098 3026 1175 eli
3048 1124 3187 1172 an.
3230 1095 3368 1172 Va
3390 1124 3445 1172 r.

663 1221 885 1299 hist.
925 1223 1137 1320 x111,
1181 1225 1306 1318 24,
1349 1227 1460 1316 5.)

877 1365 1102 1470 Apud
1141 1365 1508 1444 Cumaeos
1549 1363 2095 1468 deprehensam
2127 1367 2207 1442 in
2244 1363 2609 1444 adulterio
2650 1363 3039 1443 mulierem
3076 1365 3158 1442 in
3197 1365 3443 1440 forum

661 1489 1176 1594 producebant
1233 1501 1308 1566 et
1358 1493 1440 1566 in
1495 1489 1747 1592 lapide
1808 1489 2152 1568 omnibus
2226 1491 2634 1592 conspicuo
2710 1488 3113 1582 sistebant,
3175 1486 3448 1564 deinde

659 1617 870 1692 asino
925 1617 1352 1716 impositam
1411 1616 1613 1694 circa
1670 1615 1932 1692 urbem
1973 1615 2668 1713 circumducebant,
2728 1628 2995 1718 postea
3028 1639 3327 1690 rursum
3362 1614 3445 1686 in

663 1741 930 1818 eodem
981 1739 1233 1844 lapide
1287 1751 1534 1817 astare
1595 1752 1857 1818 coacta
1876 1795 1895 1830 ,
1950 1740 2249 1816 infamis
2286 1765 2423 1842 per
2459 1753 2695 1818 totam
2730 1739 3145 1818 habebatur
3184 1739 3445 1830 vitam,

663 1877 740 1940 et
775 1866 1189 1944 vocabatur
1246 1863 1784 1960 Onobatis,
1840 1864 1919 1941 id
1957 1877 2107 1960 est,
2174 1865 2481 1944 Asino
2520 1877 2828 1942 vecta.
2904 1864 3277 1966 Lapidem
3313 1890 3446 1968 au-

659 2001 812 2068 tem
887 1992 986 2067 ob
1061 2017 1226 2068 eam
1302 2019 1460 2069 rem
1534 2005 1616 2066 ut
1688 1989 2059 2092 pollutum
2132 1991 2778 2068 abominabantur.
2878 1989 3349 2084 (Plutarc
3372 1989 3445 2062 h.

661 2116 1053 2212 Quaest.
1109 2141 1428 2218 graec.
1483 2119 1598 2207 2.)
2838 2203 2847 2219 ‚

877 2239 1103 2343 Apud
1159 2241 1536 2318 Tenedios
1595 2243 1847 2340 legem
1885 2268 1931 2316 a
1970 2267 2146 2342 rege
2203 2243 2527 2344 quodam
2585 2243 2813 2318 latam
2854 2241 3151 2336 dicunt,
3210 2265 3251 2316 e
3294 2267 3451 2340 qua

663 2366 724 2441 si
763 2366 926 2464 quis
965 2364 1383 2441 adulterum
1423 2365 2057 2468 deprehenderet,
2117 2368 2571 2442 interficeret
2607 2394 2776 2443 eum
2814 2369 3073 2442 securi.
3150 2367 3447 2467 Depre—

663 2491 899 2566 henso
956 2517 1133 2567 vero
1190 2492 1419 2592 ipsius
1479 2492 1670 2584 filio,
1729 2519 1959 2592 quum
1997 2493 2058 2568 is
2097 2494 2223 2593 qui
2270 2508 2573 2596 ceperat
2629 2495 3127 2592 interrogaret
3182 2517 3449 2588 regem
3534 2582 3545 2592 ο

663 2614 838 2727 quid
879 2614 1305 2692 faciendum
1343 2628 1575 2712 esset,
1603 2617 1918 2716 jussisse
1958 2616 2201 2706 illum,
2240 2629 2320 2694 ut
2354 2617 2521 2718 lege
2564 2629 2911 2695 uteretur.
2990 2617 3099 2692 Ac
3137 2629 3447 2718 propte-

661 2767 792 2817 rea
827 2741 1184 2827 in,numis
1223 2739 1731 2818 Tenediorum
1767 2743 2007 2818 altera
2043 2771 2219 2844 pars
2258 2743 2571 2819 securim
2613 2757 2992 2820 exaratam
3030 2743 3294 2831 habet,
3334 2743 3445 2816 al-

663 2879 822 2944 tera
858 2878 1105 2943 autem
1145 2893 1236 2943 ex
1275 2893 1424 2945 uno
1463 2867 1657 2945 collo
1693 2868 2183 2969 prodeuntem
2222 2868 2489 2944 faciem
2528 2869 2665 2945 viri
2704 2868 3200 2970 mulierisque.
3240 2867 3447 2944 Hinc

663 2992 756 3069 de
813 2990 1038 3068 rebus
1092 2993 1468 3069 atrocibus
1525 2992 1771 3069 dicere
1832 2994 2116 3069 solent:
2174 2994 2617 3071 Tenedia
2672 2998 3003 3071 securi
3062 2996 3443 3099 praeci-

664 3115 711 3192 d
733 3142 772 3192 e
795 3146 831 3193 r
851 3142 912 3192 e.
978 3109 1592 3208 Ἀποκεκόφθαι
1657 3113 1993 3213 Τενεδίῳ
2054 3119 2370 3193 πελέκει.
2449 3118 2583 3213 (Η
2605 3146 2645 3195 e
2667 3147 2769 3196 ra
2788 3119 2989 3195 olid
3011 3146 3050 3196 e
3072 3148 3107 3196 s
3166 3120 3232 3193 P
3251 3148 3295 3194 o
3318 3148 3367 3195 n
3392 3130 3445 3193 t.

662 3241 754 3318 de
793 3242 948 3318 reb.
992 3242 1200 3343 publ.
1241 3240 1416 3337 VII,
1457 3242 1572 3335 3.)

879 3367 1292 3466 Lepreatae
1332 3365 1709 3442 adulteros
1748 3366 2330 3467 comprehensos
2368 3366 2615 3443 triduo
2655 3394 2790 3469 per
2826 3368 3085 3444 urbem
3126 3369 3439 3443 circum-

665 3490 1044 3567 ducebant
1081 3492 1371 3567 vinctos
1408 3503 1482 3566 et
1519 3516 1653 3593 per
1690 3502 1927 3566 totam
1962 3492 2193 3567 vitam
2233 3492 2549 3568 infames
2588 3491 2985 3569 habebant.
3048 3493 3441 3569 Mulierem

665 3627 914 3693 autem
951 3614 1365 3693 adulteram
1401 3613 1736 3691 indutam
1775 3615 2151 3717 pellucida
2186 3627 2395 3693 veste
2435 3618 2593 3691 sine
2636 3618 2961 3717 cingulo,
2982 3618 3060 3692 in
3100 3618 3265 3692 foro
3303 3643 3441 3718 per

666 3740 1010 3817 undecim
1045 3740 1204 3818 dies
1239 3739 1710 3828 statuebant,
1765 3752 1989 3840 atque
2042 3741 2456 3841 ignominia
2509 3743 2894 3819 notabant.
2950 3741 3436 3835 (Heracli-

666 3863 834 3941 des
892 3864 1090 3940 Pon
1115 3875 1162 3939 t.
1223 3862 1314 3939 de
1352 3864 1508 3939 reb.
1549 3863 1754 3963 publ.
1793 3864 2047 3956 XIV.)

879 3988 1313 4092 Gortynae,
1371 3992 1448 4064 in
1499 3989 1738 4066 insula
1775 3991 2043 4085 Creta,
2104 3992 2619 4093 deprehensus
2675 3993 2970 4070 adulter
3026 3993 3441 4069 ducebatur

665 4112 761 4189 ad
819 4115 1292 4215 magistratus
1317 4174 1340 4209 ,
1410 4115 1885 4216 criminisque
1942 4118 2333 4194 convictus
2390 4117 2565 4195 lana
2620 4119 3137 4195 coronabatur.
3232 4120 3440 4197 Haec

667 4262 845 4313 vero
912 4239 1296 4315 coronatio
1354 4237 1856 4337 redarguebat
1914 4268 2086 4317 eum
2140 4267 2301 4319 esse
2342 4242 2715 4319 hominem
2752 4244 3054 4323 mollem
3078 4302 3096 4337 ,
3158 4245 3433 4321 effemi-

666 4369 926 4435 natum
961 4372 1041 4437 et
1072 4362 1167 4439 ad
1205 4363 1549 4442 mulieres
1588 4364 2004 4464 pulchrum.
2074 4366 2171 4443 Et
2212 4367 2740 4445 aestimabatur
2778 4370 2845 4445 ei
2884 4366 3181 4469 publice
3222 4394 3441 4445 causa

667 4483 766 4563 ad
802 4485 1345 4585 quinquaginta
1389 4498 1704 4567 stateres
1727 4548 1745 4583 ,
1803 4499 1883 4565 et
1916 4490 2213 4567 infamis
2250 4492 2474 4594 plane
2513 4504 2713 4589 erat,
2770 4518 3009 4595 neque
3050 4490 3271 4569 ullius
3309 4518 3433 4594 pu·

668 4606 908 4685 blicae
947 4611 1054 4686 rei
1090 4612 1483 4713 particeps.
1541 4610 1650 4707 (A
1674 4613 1968 4692 elian.
2004 4613 2215 4691 Var.
2260 4618 2478 4693 hist.
2520 4618 2693 4714 XII,
2747 4618 2909 4711 12.)

1825 4822 1978 4907 Ad
2018 4826 2284 4907 11⁷4.

881 4988 1258 5089 Byzantiis
1297 4989 1418 5067 lex
1455 5000 1652 5067 erat:
1693 4988 1770 5065 εἴ
1799 5019 1913 5075 τις
1942 4982 2281 5089 ἁρπάσας
2320 4996 2716 5090 παρθένον
2755 4988 3066 5086 φθάσας
3108 4988 3432 5083 ποιήσειε

665 5120 1054 5215 γυναῖκα,
1112 5108 1368 5215 γάμον
1426 5114 1632 5208 ἔχειν
1689 5111 1828 5206 τὴν
1888 5119 2185 5213 ζημίαν.
2262 5119 2350 5195 Id
2389 5131 2537 5196 est:
2596 5119 2674 5196 Si
2711 5121 2875 5220 quis
2916 5122 3280 5219 virginem
3322 5148 3425 5197 ra-
