3725 5850
688 430 841 505 394
1770 456 1896 507 :os
1931 454 2372 509 rva‘rUM.

1967 644 2195 723 1534.

898 774 1209 848 Terram
1250 773 1597 847 effossam
1636 798 1729 849 ne
1769 769 1990 849 liceat
2028 772 2386 851 ullorsum
2425 784 2759 877 portare,
2801 775 2933 853 sed
2969 775 3047 851 in
3087 775 3249 879 ipso
3285 776 3444 863 fun·

685 898 780 975 do
821 898 1255 999 relinquere.

1967 1007 1998 1081 1
2017 1006 2190 1083 535.

748 1224 760 1231 ,
886 1140 991 1221 Ἀ
1008 1174 1056 1251 y
1076 1178 1109 1221 ε
1132 1176 1188 1219 ω
1210 1175 1251 1245 ρ
1273 1176 1318 1249 γ
1344 1150 1372 1219 ί
1394 1176 1436 1221 ο
1459 1175 1505 1220 υ
1564 1143 2021 1238 δικάζεσθαι
2064 1146 2783 1245 σημαίνει,,ἐπειδάν
2824 1178 2950 1236 τις.
2960 1153 3265 1247 χωρίον
3303 1178 3442 1223 πα-

684 1268 1046 1372 ραλαβών
1085 1268 1741 1375 ἆγεώργητονκαί
1784 1266 2257 1375 ἀνέργαστον
2293 1270 2499 1370 ἐάσῃ,
2559 1276 2810 1348 ἔπειτα
2851 1264 2894 1349 ὅ
2939 1269 3291 1365 δεσπότης
3328 1274 3442 1350 δι-

684 1396 1006 1490 κάζηται
1045 1396 1154 1498 τῷ
1197 1395 1741 1497 παραλαβόντι.
2231 1402 2519 1495 (Lexic.
2561 1402 2866 1503 Seguer.
2907 1431 2980 1506 p.
3021 1400 3242 1494 336.)

1959 1525 2182 1603 1535.

899 1648 1112 1730 Actio
1174 1651 1565 1749 neglectae
1622 1650 2121 1751 agriculturae
2179 1664 2333 1749 est,
2393 1680 2622 1754 quum
2679 1654 2843 1753 quis
2889 1662 3202 1754 excepto
3239 1678 3438 1753 prae·

684 1776 845 1865 dic,
902 1776 1085 1855 illud
1144 1777 1507 1851 incultum
1560 1788 1634 1853 et
1686 1776 2236 1855 inelaboratum
2292 1806 2453 1859 esse
2507 1780 2744 1875 sinat,
2805 1777 3076 1857 deinde
3115 1776 3440 1855 dominus

682 1900 887 1978 litem
922 1902 1262 1979 intendat
1296 1901 1403 1977 illi
1442 1902 1568 2001 qui
1606 1904 1998 2002 praedium
2035 1903 2410 1983 conduxit.

1865 2218 2289 2323 Τμῆμας’.

1460 2364 1810 2467 ’Περὶ
1919 2374 2640 2457 κοινωνίας.

1915 2530 2096 2545 WYOEl-F*
2109 2531 2230 2545 &&&&&

1887 2640 2136 2717 Sectio
2191 2642 2264 2717 6.

1626 2786 1777 2863 De
1871 2786 2527 2863 societate.

1961 2984 1998 3057 1
2017 2982 2190 3059 536.

902 3109 980 3176 K
994 3111 1581 3197 οινωνικοὶ,
1642 3109 1714 3181 οἱ
1774 3109 2149 3182 ἑκουσίαν
2204 3109 2634 3182 κοινωνίαν
2688 3111 3155 3204 συνθέμενοι
3213 3110 3434 3202 ἐμπο-

684 3233 847 3328 ρίας
909 3221 955 3319 ἤ
1009 3259 1215 3318 τινος
1272 3225 1559 3324 ἄλλου,
1619 3222 1733 3309 ὦν
1785 3241 2106 3322 ἕκαστος
2164 3227 2320 3308 οὐκ
2381 3233 2538 3328 ἔχει
2593 3228 2684 3307 τὸ
2743 3225 2938 3307 ὅλον
2985 3234 3272 3330 τίμημα
3321 3225 3433 3318 τῆς

684 3353 953 3446 κοινῆς
994 3353 1283 3446 οὐσίας.
2641 3359 3246 3463 (HarpocratiO.)

901 3609 1211 3689 Sodales
1250 3625 1462 3708 sunt,
1522 3614 1646 3714 qui
1686 3613 2184 3689 voluntariam
2218 3615 2414 3689 inter
2451 3639 2530 3690 se
2569 3614 2831 3690 ineunt
2868 3612 3294 3689 societatem
3329 3609 3432 3684 vel

688 3746 1143 3813 mercaturae
1184 3740 1305 3814 vel
1345 3740 1447 3814 rei
1489 3741 1908 3843 cujuspiam
1945 3741 2174 3816 alius:
2229 3766 2545 3840 quorum
2601 3739 2873 3839 singuli
2931 3749 3172 3815 totum
3223 3736 3432 3813 bono·

686 3885 849 3940 rum
888 3863 1391 3944 communium.
1428 3891 1735 3945 censum
1772 3892 1928 3944 non
1965 3867 2266 3944 habent.

1839 4049 1847 4056 ·
1963 4026 2191 4103 1537.
2279 4060 2285 4066 ·

891 4163 1089 4244 Ἐὰν
1126 4166 1202 4242 δὲ
1246 4165 1482 4267 δῆμος
1521 4163 1567 4260 ἢ
1603 4166 1971 4268 φράτορες
2013 4162 2059 4260 ἢ
2095 4165 2320 4267 ἱερῶν
2356 4164 2723 4272 ὀργεῶνες
2784 4161 2830 4257 ἢ
2868 4165 3144 4241 ναῦται
3185 4160 3232 4256 ἢ
3268 4161 3430 4244 σύσ-

694 4315 885 4366 σιτοι
926 4287 974 4384 ἢ
1013 4283 1400 4391 ὅμόταφοι
1438 4289 1487 4386 ἢ
1528 4293 1907 4370 θιασῶται
1966 4289 2015 4385 ἢ
2067 4299 2188 4370 ἐπὶ
2226 4297 2444 4370 λείαν
2501 4289 2901 4390 οἰχόμενοι
2959 4285 3004 4383 ἢ
3059 4295 3165 4380 εἰς
3219 4297 3432 4390 ἐμπο-

690 4421 910 4514 ρίαν,
969 4415 1016 4495 ὅ
1070 4451 1142 4495 τι
1198 4413 1302 4496 ἂν
1356 4416 1653 4497 τούτων
1709 4417 2138 4496 §cuodmua
2193 4416 2379 4517 πρὸς
2435 4414 2852 4509 ἀλλήλους,
2910 4413 3194 4516 κύριον
3230 4413 3426 4504 εἶναι,

690 4541 830 4619 ἐὰν
857 4541 969 4643 μὴ
1010 4541 1495 4650 ἀπαγορεύσῃ
1534 4544 1855 4644 δημόσια
1894 4544 2321 4650 γράμματα.

908 4672 1191 4778 (Gajus
1228 4675 1305 4751 in
1350 4675 1417 4753 1.
1456 4677 1525 4752 3.
1564 4676 1739 4776 Dig.
1780 4675 2094 4768 XLVII,
2136 4675 2238 4750 22
2277 4672 2368 4750 de
2401 4672 2666 4772 colleg.
2697 4672 2860 4750 Lex
2885 4669 3247 4762 Solonis.)

1969 4836 2195 4913 1537.

911 4961 990 5042 Si
1029 4990 1270 5066 pagus
1308 4968 1431 5042 vel
1468 4966 1856 5068 phratores
1897 4958 2021 5042 vel
2059 4987 2432 5040 sacrorum
2489 4961 3064 5037 sacramentales
3121 4956 3242 5034 vel
3279 4983 3426 5034 nau-

690 5101 813 5168 tae
854 5093 978 5167 vel
1016 5091 1639 5206 confrumentales
1694 5093 1817 5167 vel
1875 5089 1999 5190 qui
2044 5089 2122 5164 in
2160 5088 2426 5168 codem
2463 5085 2803 5188 sepulcro
2841 5085 3303 5187 sepeliuntur
3335 5079 3425 5157 vel

690 5217 967 5296 Bacchi
1004 5217 1308 5297 comites
1344 5218 1463 5294 vel
1501 5217 1594 5300 ad
1633 5215 2072 5298 lucrandum
2113 5226 2240 5291 aut
2285 5212 2821 5314 negotiandum
2871 5210 3424 5316 proficiscentes,
