3725 5850
632 432 788 524 354
1718 450 1841 505 1th
1879 444 2317 507 Pur-VA‘FUM.

1899 646 2126 723 1379.

848 796 935 872 In
974 794 1229 870 litibus
1269 792 1773 894 orphanorum
1810 800 2092 867 tutores
2132 799 2420 867 certent
2440 816 2602 867 cum
2625 786 2960 890 quolibet
2994 789 3075 866 in
3099 785 3410 890 judicio.

847 1094 1419 1193 Δοκιμάζονται
1461 1095 1532 1168 οἱ
1570 1100 1691 1189 ἐφ’
1730 1085 2036 1183 ἡλικίας
2094 1088 2472 1188 ὀρφανοὶ,
2531 1094 2605 1165 εἰ
2659 1087 3033 1169 δύνανται
3092 1086 3188 1165 τοὶ
3250 1119 3402 1164 πα·-

636 1221 841 1324 τρῷα
883 1218 1083 1320 παρὰ
1120 1220 1277 1295 τῶν
1313 1216 1737 1320 ἐπιτρόπων
1776 1213 2386 1315 ἀπολαμβάνειν.

1903 1345 2250 1440 (Bekker
2287 1343 2570 1421 Anecd.
2608 1370 2720 1442 gr.
2759 1347 2819 1421 Ι.
2856 1372 2930 1446 p.
2970 1346 3185 1443 235.)

1901 1510 2130 1586 1380.

848 1654 1333 1733 Examinatur
1392 1664 1595 1729 aetas
1648 1649 2193 1752 orphanorum,
2271 1678 2368 1727 an
2423 1651 2715 1754 possint
2768 1651 3300 1751 patrimonium
3353 1678 3398 1729 a

632 1783 998 1873 tutoribus
1038 1782 1401 1884 accipere.

1913 1884 2140 1962 1381.

834 2024 937 2109 ‘O
978 2032 1051 2108 δὲ
1093 2034 1198 2118 εἰς
1236 2025 1739 2128 ληξιαρχικὸν
1775 2036 2303 2133 γραμματεῖον
2339 2030 2744 2130 ἐγγραφεὶς
2784 2016 2922 2117 ηὸη
2958 2020 3052 2101 τοὶ
3088 2024 3398 2126 πατρῷα

637 2154 1236 2259 παραλαμβάνει.
1684 2266 1691 2273 .
1915 2266 2141 2341 ¹38¹
2373 2156 2678 2249 (Pollux
2717 2157 2926 2252 VIII,
2974 2157 3189 2249 104.)

846 2414 995 2509 Qui
1035 2438 1217 2489 vero
1254 2411 1333 2486 in
1371 2411 1896 2489 lexiarchicum
1932 2410 2208 2486 librum
2243 2408 2644 2509 inscriptus
2683 2419 2832 2503 est,
2874 2408 3398 2509 patrimonium

637 2550 971 2643 occupat.

1919 2644 2146 2721 1382.

838 2784 1207 2873 Επειδάν
1262 2818 1373 2874 τις
1426 2784 1773 2892 ἐγγραφῇ
1833 2790 1938 2873 εἰς
1993 2783 2082 2860 τὸ
2141 2782 2646 2884 ληξιαρχικὸν
2697 2795 3224 2887 γραμματεῖον
3267 2788 3394 2859 καὶ

637 2946 818 3005 τους
858 2912 1138 3016 νόμους
1175 2915 1339 3021 γνῷ
1378 2945 1516 2989 και
1558 2912 1720 3011 εἰδῇ
1759 2909 1943 3000 τούς
1979 2912 2108 3006 τῆς
2149 2911 2430 3000 πόλεως
2467 2944 2603 2989 και
2665 2906 2803 3006 ἤδη
2856 2911 3172 3002 δύνηται
3229 2908 3392 2985 δια-

636 3047 1084 3147 λογίζεσθαι
1142 3039 1235 3117 τά
1306 3038 1509 3118 καλὰ
1568 3045 1707 3116 καὶ
1762 3037 1857 3116 τὰ
1909 3037 2066 3138 μὴ,
2124 3037 2386 3116 οὐκέτι
2447 3045 2671 3140 ἑτέρῳ
2711 3038 3178 3145 διαλεγεται,
3235 3033 3391 3111 ἀλλ’

638 3163 777 3260 η’δη
813 3166 1052 3270 αὐτῷ.
1965 3168 2351 3288 (Aeschin.
2390 3195 2450 3246 c.
2491 3168 2862 3246 Timarch.
2899 3165 2972 3272 ξ.
3017 3169 3186 3260 18.)

1906 3314 2130 3393 1382.

850 3459 1255 3560 Postquam
1304 3461 1466 3560 quis
1521 3457 1597 3532 in
1655 3457 1910 3534 album
1969 3459 2242 3534 civium
2285 3459 2686 3561 inscriptus
2746 3455 3008 3551 fuerit,
3071 3469 3146 3532 et
3199 3456 3393 3568 leges

640 3585 957 3663 civitatis
997 3587 1290 3690 noverit
1326 3612 1413 3660 ac
1453 3583 1752 3660 sciverit
1806 3594 1882 3659 et
1931 3585 2094 3685 jam
2146 3586 2341 3660 inter
2379 3585 2694 3660 honesta
2734 3596 2808 3660 et
2845 3583 3094 3684 turpia
3132 3581 3393 3659 discer-

638 3737 815 3788 nere
857 3712 1218 3813 potuerit,
1278 3732 1428 3786 non
1466 3710 1783 3809 amplius
1820 3733 1990 3785 cum
2029 3710 2190 3785 aliis
2231 3711 2423 3808 agit,
2484 3709 2614 3786 sed
2656 3733 2824 3786 cum
2859 3709 3048 3811 ipso.

858 4011 1035 4091 Οὐκ
1075 4009 1446 4090 ἀποδόντι
1485 4010 1724 4119 λόγον
1760 4012 2139 4113 ἐπιτρόπῳ
2175 4015 2649 4119 ἐγκαλοῦσιν
2688 4017 2762 4089 οἱ
2803 4010 3169 4116 ὀρφανοί.

1783 4143 2206 4236 (Demosth.
2246 4145 2415 4222 adv,
2452 4143 2921 4220 Nausimach.
2965 4145 3188 4237 989.)

1917 4305 2142 4382 1383.

855 4429 1215 4546 Tutorem
1254 4431 1580 4510 rationes
1628 4456 1778 4508 non
1818 4426 2259 4508 reddentem
2294 4431 2372 4508 in
2399 4431 2526 4533 jus
2566 4443 2836 4508 vocant
2873 4431 3151 4535 pupilli.

1905 4595 2130 4674 1384.

854 4726 935 4794 Σ
950 4729 1040 4794 ἴτ
1063 4747 1103 4792 ο
1128 4749 1161 4804 ς
1210 4723 1552 4793 καλεῖται
1592 4707 1633 4812 ἦ
1677 4713 2031 4816 διδομένη
2072 4713 2443 4814 πρόσοδος
2480 4717 2585 4804 εἰς
2622 4712 2925 4814 τροφήν
2941 4728 3106 4804 ταῖς
3125 4745 3390 4821 γυναι-

642 4853 765 4939 ξὶν
804 4840 849 4937 ἢ
884 4855 1041 4930 τοῖς
1082 4839 1472 4943 ὀρφανοῖς.
1907 4955 2110 5030 1384
2593 4845 3194 4946 (HarpocratiO.)

854 5083 1115 5160 Victus
1152 5087 1458 5158 voc‘at'ur
1494 5079 1812 5179 redituS‚
1873 5081 1998 5183 qui
2053 5081 2147 5158 ad
2203 5083 2558 5160 alimenta
2613 5081 3044 5159 mulieribus
3091 5081 3225 5159 'vel
3263 5107 3386 5184 pu·

640 5207 835 5312 pillis
860 5210 1289 5310 praebetur.
