3725 5850
651 430 811 515 340
1719 423 1863 511 'ms
1899 452 2337 508 PRIVATUM.

1901 645 2152 723 4315.

876 796 977 871 Οἳ
1024 824 1109 898 γε
1159 791 1324 893 μὴν
1382 800 1476 869 ἐκ
1530 792 1685 867 τῶν
1741 786 2092 890 ἀνεψιῶν
2148 786 2474 883 φύντες,
2553 782 2906 875 ἀλλήλοις
2963 780 3460 884 ἀνεψιάδαι,

660 920 808 997 εἴτε
866 927 945 1011 ἐξ
1002 916 1307 1014 ἀαφοῖν
1364 914 1703 1018 ἀρρένων
1760 914 1914 991 εἷεν
1970 916 2118 992 εἴτε
2179 913 2552 1005 θηλειῶν,
2613 911 2763 986 εἴτε
2818 918 2896 1001 ἐξ
2938 902 3270 1012 ἄρρενος
3313 910 3462 979 καὶ

664 1050 1010 1137 θηλείας·
1070 1050 1208 1120 καὶ
1258 1036 1301 1121 ὃ
1353 1048 1503 1143 μὲν
1557 1038 2036 1144 ἀνεψιαδοῦς
2093 1046 2430 1144 λέγεται,
2491 1030 2531 1131 ἦ
2595 1035 2670 1113 δὲ
2729 1032 3138 1136 ἀνεψιαδῆ.
3222 1036 3335 1113 Οἱ
3380 1030 3462 1108 δὲ

661 1180 754 1253 ἐκ
790 1172 947 1249 τῶν
983 1168 1473 1274 ἀνεψιαδῶν,
1534 1166 1891 1263 ἀλλήλοις
1929 1170 2328 1268 ἐξανεψιοί
2365 1196 2443 1242 τε
2481 1152 2618 1238 ναὶ
2657 1164 3082 1261 ἐξανεψιαί.

2523 1291 2833 1386 (Pollux
2870 1290 3007 1386 ΙΙΙ,
3051 1290 3217 1381 29.)

1941 1402 2166 1481 1315.

876 1552 1024 1646 Qui
1080 1564 1329 1630 autem
1386 1579 1427 1628 e
1486 1551 1841 1629 fratribus
1913 1560 1990 1624 et
2043 1546 2420 1625 sororibus
2483 1541 2944 1648 patruelibus
3006 1540 3159 1617 nati
3216 1548 3451 1631 sunt,

664 1679 945 1756 sobrini
985 1678 1126 1755 sibi
1182 1690 1437 1755 mutuo
1498 1678 1888 1771 dicuntur,
1948 1674 2108 1751 sive
2167 1700 2208 1751 e
2247 1672 2594 1749 masculis
2632 1670 2790 1747 sive
2831 1694 2870 1742 e
2909 1666 3203 1742 feminis
3239 1666 3454 1755 sint,

663 1805 818 1883 sive
858 1830 899 1880 e
934 1830 1135 1881 mare
1174 1817 1249 1880 et
1282 1804 1603 1899 femina;
1658 1814 1733 1880 et
1766 1803 1896 1879 ille
1935 1800 2236 1901 quidem
2273 1798 2650 1891 sobrinus,
2690 1794 2876 1871 haec
2913 1816 3096 1867 vero
3133 1791 3454 1869 sobrina

664 1929 949 2007 dicitur.
1022 1930 1169 2025 Qui
1206 1956 1387 2007 vero
1426 1954 1468 2007 e
1506 1930 1829 2008 sobrinis
1885 1929 2044 2007 nati
2093 1938 2298 2023 sunt,
2357 1921 2790 2005 consobrini
2829 1930 2903 2003 et
2939 1916 3446 1997 consobrinae

664 2067 1043 2135 vocantur.
1228 2063 1233 2069 '

1948 2198 2172 2275 1316.

886 2343 1238 2438 Γαμβροὶ
1278 2337 1399 2428 δὲ,
1460 2341 1533 2413 οὶ
1591 2346 1682 2415 ἐκ
1741 2338 1882 2415 τοῦ
1942 2337 2326 2443 γήμαντος
2381 2345 2677 2431 οἰκίας·
2739 2342 2959 2435 οἷον,
3020 2340 3255 2439 πατὴρ
3291 2341 3433 2414 καί

659 2464 936 2565 μήτηρ·
994 2470 1132 2541 καὶ
1190 2467 1263 2539 οὶ
1321 2457 1546 2539 ἄλλοι
1598 2461 1868 2549 πάντες
1906 2460 2108 2539 κατὰ
2147 2461 2437 2557 ταῦτα,
2500 2470 2571 2543 οἱ
2614 2466 2796 2568 πρὸς
2833 2476 3101 2575 γένους
3139 2468 3246 2567 τῷ
3285 2462 3430 2539 ἀν-

670 2590 831 2689 δρὶ·
892 2596 1257 2690 πενθεροὶ
1318 2588 1393 2665 δὲ
1454 2586 1883 2678 ἀνάπαλιν,
1964 2592 2034 2663 οἱ
2093 2588 2182 2689 τῇ
2243 2596 2720 2696 γεγαμημένῃ
2779 2594 3324 2695 προσήκοντες·
3381 2580 3423 2679 ἦ

660 2718 810 2815 μὲν
847 2719 1326 2821 γεγαμημένη
1365 2712 1631 2814 νύμφη
1668 2719 2016 2790 καλεῖται
2039 2772 2062 2805 ,
2121 2714 2210 2813 τῇ
2263 2716 2402 2793 τοῦ
2461 2716 2845 2823 γήμαντος
2884 2726 3112 2820 μητρὶ
3149 2723 3284 2793 καὶ
3319 2713 3422 2815 τῷ

670 2846 895 2943 πατρὶ
934 2846 1071 2917 καὶ
1112 2838 1414 2932 ε’·ννυός·
1473 2828 1695 2917 οὗτοι
1754 2838 1831 2917 δὲ
1890 2839 1980 2939 τῇ
2042 2838 2355 2942 νύμφῃ,
2417 2842 2686 2945 ἑκυρὸς
2744 2850 2881 2922 καὶ
2933 2844 3213 2946 ἔκυρά·
3269 2833 3418 2936 ἧδὲ

670 2968 816 3044 τοῦ
854 2963 1131 3073 ἀνδρὸς
1169 2964 1463 3064 ἀδελφὴ
1502 2967 1593 3066 τῇ
1637 2971 1947 3045 ἐκείνου
1983 2975 2304 3072 γυναικὶ
2327 3028 2348 3060 ,
2408 2969 2654 3076 γάλως
2679 2997 2694 3014 ·
2749 2966 2794 3051 ὅ
2837 2973 2914 3050 δὲ
2954 2973 3098 3050 τοῦ
3140 2971 3419 3076 γήμαν-

668 3125 797 3183 τος
834 3091 1208 3189 ἀδελφὸς,
1270 3093 1499 3192 δαήρ·
1556 3097 1634 3170 αἱ
1674 3092 1749 3170 δὲ
1793 3090 2155 3190 ἀδελφοῖς
2209 3093 2351 3171 δύο
2402 3100 2959 3190 συνοικοῦσαι,
3019 3096 3418 3194 εἰνάτηρες·

670 3223 745 3295 οἱ
802 3217 878 3295 δὲ
935 3216 1275 3316 ἀδελφὰς
1329 3221 1750 3326 γήμαντες,
1811 3211 2304 3326 ὅμόγαμβροι
2375 3218 2426 3314 ἢ
2496 3222 2984 3328 σύγγαμβροι
3040 3220 3086 3316 ἢ
3131 3221 3423 3322 μᾶλλον

673 3341 1201 3450 συγκηδεσταί.
2316 3350 2626 3442 (Pollux
2664 3354 2798 3449 ΙΙΙ,
2840 3353 3222 3446 31—32.)

1954 3472 2176 3550 1316.

886 3618 1171 3698 Generi
1208 3629 1460 3694 autem
1499 3617 1880 3712 dicuntur,
1924 3617 2049 3718 qui
2088 3644 2127 3694 e
2167 3621 2420 3722 sponsi
2459 3633 2633 3697 sunt
2668 3621 2976 3717 familia,
3015 3633 3270 3722 utpote
3305 3645 3419 3719 pa-

673 3759 786 3823 ter
826 3757 900 3822 et
936 3755 1213 3836 mater,
1276 3755 1349 3819 et
1403 3742 1526 3819 alii
1569 3769 1825 3819 omnes
1862 3743 2008 3818 hoc
2049 3741 2344 3838 ordine,
2405 3746 2528 3846 qui
2567 3759 2740 3823 sunt
2777 3772 2816 3821 e
2854 3745 3100 3823 mariti
3137 3769 3422 3847 genere.

676 3871 931 3949 Soceri
970 3883 1220 3948 autem
1256 3880 1431 3945 sunt
1467 3893 1786 3969 sponsae
1824 3869 2245 3971 propingui.
2292 3871 2548 3973 Nupta
2584 3897 2759 3948 vero
2796 3873 2958 3974 ipsa
2995 3897 3275 3974 sponsa
3307 3893 3422 3943 vo-

676 4007 919 4092 catur,
978 3995 1110 4073 sed
1165 3995 1425 4096 sponsi
1478 3994 1676 4094 patri
1732 4005 1807 4068 et
1860 3995 2078 4070 matri
2134 3995 2355 4070 etiam
2410 4022 2635 4072 nurus
2693 3997 3001 4092 dieitur3
3056 3995 3132 4072 hi
3189 4005 3424 4071 autem

677 4147 993 4223 sponsae
1034 4147 1243 4198 socer
1278 4145 1678 4219 socrusque
1720 4131 2102 4196 vocantur.
2153 4121 2398 4196 Mariti
2435 4146 2642 4198 soror
2679 4123 2840 4223 ejus
2875 4122 3090 4199 uxori
3125 4122 3292 4222 glos
3329 4119 3424 4195 di-

678 4247 905 4342 citur,
970 4248 1213 4325 mariti
1271 4272 1446 4323 vero
1506 4247 1778 4340 frater,
1833 4245 2043 4324 levir.
2121 4247 2332 4340 Quae
2391 4273 2570 4324 vero
2626 4246 2914 4324 duobus
2951 4258 3126 4326 sunt
3162 4259 3426 4347 nuptae

680 4373 1073 4469 fratribus,
1114 4371 1403 4448 adfines
1440 4371 1787 4464 (fi-atriae
1812 4427 1830 4465 ,
1856 4371 2321 4470 janitrices),
2359 4372 2486 4471 qui
2522 4383 2770 4448 autem
2809 4397 3099 4450 sorores
3139 4371 3428 4466 ducunt,

678 4498 874 4574 inter
910 4524 991 4577 se
1026 4495 1323 4596 generi,
1362 4506 1492 4572 aut
1528 4495 1881 4591 cogeneri
1922 4507 2052 4571 aut
2087 4496 2334 4596 potius
2373 4496 2752 4574 coadfines
2791 4506 3172 4576 vocantur.

1965 4673 2188 4750 1317.

884 4813 986 4894 ‘A
1005 4846 1054 4922 γ
1060 4845 1127 4914 χ
1148 4847 1174 4892 ι
1196 4843 1299 4892 στ
1322 4847 1354 4894 ε
1376 4827 1408 4892 ῖ
1425 4849 1458 4904 ς
1478 4873 1500 4906 ,
1559 4819 1635 4891 οὶ
1680 4811 1834 4890 ἀπὸ
1877 4812 2235 4912 ἀδελφῶν
2272 4823 2412 4893 καὶ
2451 4814 2801 4918 ἀνεψιῶν
2835 4822 2973 4892 καὶ
3015 4823 3258 4894 θείων
3291 4847 3427 4894 κα-

683 4944 777 5024 τὰ
838 4952 1119 5044 πατέρα
1172 4949 1310 5019 καί
1358 4949 1641 5042 μητέρα
1694 4939 2084 5047 ἐγγυτάτω
2139 4943 2282 5020 τοῦ
2341 4943 2959 5034 τελευτήσαντος·
3035 4947 3110 5018 οἱ
3165 4943 3246 5022 δὲ
3303 4948 3426 5036 ἔξω

684 5069 981 5148 τούτων
1052 5095 1227 5174 συγ
1252 5097 1475 5174 γενε
1498 5079 1531 5144 ἴ
1545 5101 1579 5156 ς
1642 5065 1906 5167 μόνον
1929 5094 1946 5110 ·
2017 5073 2088 5146 οὶ
2147 5069 2224 5147 δὲ
2298 5077 2472 5144 κατ’
2547 5073 2968 5174 ἐπιγαμίαν
3031 5079 3426 5171 μιχθέντες

683 5209 842 5287 τοῖς
879 5195 1131 5285 οἴκοις
1187 5199 1573 5273 οἰκεῖοι
1628 5199 1982 5302 λέγονται
2281 5201 2508 5298 (Lex.
2549 5199 2853 5300 Seguer.
2893 5228 2966 5303 p.
3008 5199 3227 5295 213.)
