3725 5850
735 507 889 594 342
1811 536 1938 589 ms
1973 534 2419 590 vntn'rvu,

730 734 939 831 τεροί
994 732 1137 806 εἰσι
1185 726 1497 825 μᾶλλον
1556 720 1604 819 ἢ
1659 718 1703 801 o‘
1764 723 1914 849 τοῦ
1969 720 2393 819 ἀδελφιδοῦ
2453 720 2658 819 υἱός,
2713 728 2854 798 καὶ
2892 714 2937 800 o‘
2979 728 3060 816 ἐξ
3100 726 3344 823 ἑτέρου
3383 716 3493 801 ἆῖν

730 857 989 935 οἴκου.
1995 852 2422 947 (Demosth.
2462 854 2627 931 adv.
2671 852 2975 931 Macart.
3020 853 3282 945 1058.)

2013 1016 2238 1090 1322.

942 1161 1224 1239 Rursus
1282 1189 1321 1238 e
1391 1160 1541 1239 'filio
1619 1171 1693 1237 et
1770 1187 1809 1237 e
1867 1161 2020 1236 filia
2089 1170 2308 1236 natus
2385 1158 2576 1235 filius
2667 1170 2841 1235 sunt
2912 1156 3490 1286 conjunctiores3

734 1316 957 1389 quam
995 1288 1366 1364 fratruelis
1408 1286 1601 1361 filius
1640 1296 1713 1361 et
1749 1286 1810 1360 is
1854 1287 1979 1387 qui
2022 1296 2134 1361 est
2175 1309 2264 1360 ex
2306 1284 2451 1359 alia
2490 1284 2790 1360 familia.

1682 1782 2330 1933 Κεφάλαιον
2403 1783 2567 1892 B'.

1204 1986 1537 2129 Περὶ
1614 1980 2123 2116 γονέων
2199 1986 2440 2090 καὶ-
2501 1983 3050 2091 παίδων.

1873 2321 2360 2464 CaputH.

947 2510 2166 2661 De'parentibus
2286 2526 2430 2633 et
2535 2521 3275 2661 prolibus.

956 2931 1157 3021 Τοῦς
1195 2939 1463 3038 γονέας
1503 2931 1694 3010 εἶναι
1739 2937 2059 3034 κυρίους
2099 2930 2192 3009 οὐ
2227 2931 2487 3032 μόνον
2531 2927 3205 3036 θέσθαιτοῧνομα
3241 2943 3316 3028 ἐξ
3354 2930 3479 3034 ἆρ-

725 3061 913 3154 χῆς,
954 3057 1148 3135 ἀλλὰ
1188 3067 1323 3135 καὶ
1366 3057 1601 3136 πάλιν
1637 3066 2079 3158 ἐξαλεῖψαι,
2121 3056 2260 3134 ἐὰν
2297 3055 2770 3158 βούλωνται,
2811 3067 2952 3134 καὶ
2990 3057 3472 3159 ἀποκηρύξαι.

1947 3187 2373 3280 (Demosth.
2414 3187 2582 3263 adv,
2623 3189 2878 3264 Boeot.
2919 3192 2978 3284 Ι,
3023 3189 3285 3282 1006.)

2015 3349 2244 3422 1323.

951 3494 1309 3570 Parentes
1348 3492 1673 3570 habeant
1712 3493 2223 3570 auctoritatem
2273 3519 2422 3568 non
2461 3491 2680 3570 modo
2715 3493 3152 3594 imponendi
3191 3491 3477 3568 nominis

737 3619 831 3695 ab
870 3620 1119 3712 initio,
1161 3618 1291 3694 sed
1332 3619 1596 3714 etiam,
1640 3620 1698 3692 si
1739 3620 2150 3714 voluerint,
2211 3618 2508 3694 delendi
2545 3630 2622 3694 et
2655 3618 3071 3696 abdicandi.

2019 3779 2241 3854 1324.

939 3917 1082 3996 Ἐν
1134 3919 1247 4019 τῷ
1302 3923 1799 4024 γραμματείῳ
1857 3919 2377 4022 ἐγγράφονται
2439 3923 2510 3994 οἱ
2567 3917 2828 4008 παῖδες
2883 3914 3043 4018 ἅμα
3079 3918 3190 4019 τῷ
3227 3947 3472 4023 γεννη-

742 4045 1000 4135 θῆναι.
1734 4047 2022 4140 (Schol.
2060 4047 2140 4122 in
2177 4047 2490 4125 Luciani
2529 4049 2584 4124 J
2589 4076 2707 4124 ov.
2747 4049 3077 4147 tragoed.
3121 4050 3285 4138 26.)

2008 4207 2233 4285 1324.

952 4352 1056 4428 Ut
1090 4353 1407 4453 primum
1448 4354 1659 4456 pueri
1698 4355 1851 4429 nati
1892 4353 2210 4452 fuerint,
2269 4355 2346 4430 in
2384 4355 2640 4431 album
2674 4355 3199 4433 inscribuntur.

1989 4517 2232 4592 1325.

936 4633 1159 4714 ’Ἐστι
1196 4634 1272 4714 δὲ
1312 4647 1470 4726 τοῖς
1506 4636 1906 4741 γεννήταις
1942 4644 2082 4712 καί
2121 4635 2490 4736 φράτορσι
2528 4634 2806 4735 νόμος·
2867 4635 3003 4714 ἐάν
3059 4666 3232 4714 τινα
3277 4632 3468 4734 φύσει

742 4763 1117 4870 γεγονότα
1153 4760 1423 4867 εἰσάγῃ
1460 4794 1571 4850 τις
1594 4821 1613 4852 ,
1672 4768 2097 4840 ἐπιτιθέναι
2153 4767 2410 4837 πίστιν
2455 4760 2657 4837 κατὰ
2697 4762 2856 4838 τῶν
2891 4761 3115 4862 ἱερῶν
3155 4757 3200 4855 ἦ
3227 4759 3378 4862 μὴν
3406 4762 3466 4843 ἐξ

744 4889 973 4986 ᾇστῆς
1010 4885 1347 4990 εἰσάγειν
1382 4895 1521 4963 καί
1562 4888 1938 4994 γεγονότα
1997 4885 2252 4990 ὀρθ-ὧς
2277 4913 2292 4930 ·
2351 4887 2806 4981 ποιήσαντος
2843 4885 2920 4964 δὲ
2961 4889 3102 4964 τοῦ
3143 4885 3464 4992 εἰσάγον-

743 5049 869 5105 τος
907 5013 1145 5091 ταῦτα
1177 5005 1499 5112 μηδὲν
1454 5046 1685 5106 ηττον
1724 5013 2330 5122 διαψηφίζεσθαι
2389 5022 2528 5089 καὶ
2565 5012 2749 5102 τούς
2788 5007 3111 5105 α’λλους,
3169 5045 3323 5090 καν
3357 5005 3462 5085 ὃὸ·-

743 5156 876 5244 gn,
934 5141 1090 5219 τότ’
1132 5143 1236 5226 εἰς
1273 5139 1360 5217 τὸ
1418 5139 1700 5218 κοινὸν
1756 5154 2283 5246 γραμματεῖον
2335 5140 2791 5248 ἐγγράφειν,
2854 5141 3222 5244 πρότερον
3260 5139 3331 5216 δὲ
3359 5131 3458 5238 μῆ

1975 5273 2271 5364 (Isaeus
2311 5271 2402 5345 de
2444 5271 2781 5371 Apollod.
2823 5271 2970 5348 her.
3014 5267 3081 5373 ξ.
3128 5271 3286 5363 16.)
