3725 5850
637 441 792 517 13⁶
1725 465 1850 513 ms
1886 464 2307 518 Punmcuu.

635 658 992 762 praeconi
1029 658 1287 735 literae
1325 667 1602 734 sortem
1623 713 1642 748 ‚
1695 681 1844 757 quo
1902 655 2099 732 facto
2155 681 2429 757 praeco
2482 660 2551 734 ei
2610 657 2963 735 tabellam
3016 669 3095 734 et
3142 659 3406 760 scipio-

641 812 816 861 nem
853 784 1000 860 dat.
1073 785 1241 858 Hoc
1295 781 1518 859 modo
1574 779 1842 857 deinde
1890 781 2196 881 judicat.
2272 781 2355 858 Si
2390 784 2557 883 quis
2594 795 2885 881 autem,
2944 785 3070 884 qui
3108 784 3412 861 sortitus

638 937 789 986 non
830 920 976 1006 est,
1033 907 1425 986 intraverit
1458 909 1537 982 in
1575 906 2095 1001 dicasterium,
2154 919 2546 984 accusatur
2579 919 2657 985 et
2692 908 3112 986 mulctatur.

1934 1085 2114 1162 557.

857 1229 950 1302 Οἱ
996 1232 1464 1326 θεσμοθέται
1524 1233 1784 1323 (ἐννέα
1840 1217 2251 1324 ἄρχοντες)
2308 1224 2513 1302 κατὰ
2553 1223 2816 1323 φυλὴν
2853 1235 3214 1330 ἕκαστος,
3272 1235 3413 1306 καὶ

641 1353 956 1442 δέκατος
995 1346 1038 1430 ὁ
1081 1349 1592 1459 γραμματεύς,
1616 1350 1987 1448 κληροῦσι
2023 1348 2119 1427 τοὶ
2158 1350 2572 1458 γράμματα
2602 1360 2829 1452 μέχρι
2864 1351 3008 1430 τοῦ
3046 1352 3172 1430 κά
3194 1385 3413 1437 ππα.

639 1527 740 1536 -
781 1477 970 1556 Εἶτα
1008 1478 1246 1556 πάλιν
1283 1474 1912 1577 ἆποκληροῦνται
1952 1477 2026 1551 οἱ
2063 1472 2159 1552 τοὶ
2184 1573 2193 1580 .
2218 1475 2581 1574 εἰληχότα
2626 1476 3037 1584 γράμματα
3078 1481 3415 1579 ἔχοντες,

639 1607 837 1702 τίνες
877 1601 1282 1682 δικάσουσι
1320 1607 1459 1679 καί
1497 1606 1697 1690 τίνες
1737 1595 1861 1678 οὕ.

1763 1728 2056 1824 (Schol.
2096 1731 2179 1852 in·
2218 1728 2699 1832 Aristophan.
2739 1731 2933 1809 Plut.
2974 1733 3196 1835 277.)

1938 1892 2112 1967 557.

849 2037 1435 2140 Thesmothetae
1493 2035 1848 2128 (rectiusz
1888 2059 2163 2116 novem
2201 2035 2634 2130 archontes)
2688 2047 2767 2113 et
2802 2037 3423 2117 decimus-scriba

640 2164 976 2262 ‘singulus
1016 2185 1157 2263 per
1188 2163 1462 2237 tribum
1503 2171 1700 2236 sorte
1739 2161 2001 2258 legunt
2036 2161 2289 2238 literas
2326 2185 2561 2261 usque
2602 2162 2721 2238 ka
2743 2189 2865 2264 pp
2892 2189 2955 2240 a.
2998 2201 3099 2217 --·
3121 2165 3419 2242 Deinde

641 2291 764 2390 qui
801 2290 1054 2364 literas
1093 2287 1334 2364 sortiti
1375 2297 1549 2363 sunt
1570 2344 1588 2381 ,
1635 2289 1905 2362 iterum
1940 2287 2390 2380 sortiuntur,
2450 2287 2760 2386 quinam
2796 2287 2950 2365 sint
2974 2288 3379 2391 judicaturi
3402 2347 3422 2384 ‚

642 2414 767 2513 qui
807 2439 960 2488 non
981 2413 1019 2489 ’ἓ

703 2549 710 2554 ·
1940 2519 2116 2594 558.

853 2658 1261 2759 Λαμβάνει
1299 2655 1403 2748 εἷς
1440 2667 1760 2747 ἕκαστος
1797 2659 1955 2735 τῶν
1994 2658 2385 2736 δικαστῶν
2426 2655 2581 2734 ἀπὸ
2630 2659 2763 2750 τῆς
2801 2659 3084 2748 πόλεως
3111 2658 3425 2761 μισθὸν

640 2777 831 2884 ὑπὲρ
869 2785 1017 2861 τοῦ
1055 2783 1370 2860 δικάσαι
1403 2783 1860 2886 τριώβολον.

1577 2912 1868 3008 (Schol.
1908 2915 1987 2989 in
2024 2912 2411 2991 Demosth.
2454 2911 2767 2992 Androt.
2811 2915 2988 3011 593,
3030 2917 3199 3008 24.)

1940 3076 2116 3150 558.

745 3234 750 3241 ·
857 3216 1211 3320 Singulas
1253 3216 1594 3321 judicum
1651 3218 1926 3321 accipit
1989 3243 2033 3293 a
2095 3220 2393 3295 civitate
2450 3244 2586 3321 pro
2633 3218 3022 3321 judicandi
3076 3221 3425 3297 mercede

641 3340 1060 3422 triobolum.

1945 3452 2121 3527 559.

834 3582 1100 3677 “omas
1139 3585 1242 3665 ἂν
1279 3590 1437 3665 τῶν
1474 3588 1862 3668 δικαστῶν
1898 3588 2225 3692 ὕστερον
2262 3596 2458 3689 ἔλθῃ
2497 3591 2638 3668 τοῦ
2681 3598 3019 3691 σημείου,
3059 3590 3148 3669 τὸ
3188 3594 3423 3694 τριώ-

643 3719 892 3817 βολον
935 3711 1030 3790 οὐ
1070 3726 1475 3814 κομιεῖται.
2250 3719 2671 3823 (Aristoph.
2706 3720 2941 3824 Vesp.
2982 3720 3204 3817 689.)

1946 3864 2121 3939 559.

858 4005 1328 4105 Quicumque
1387 4005 1728 4107 judicum
1769 4018 1941 4108 post
1980 4005 2231 4081 datum
2288 4005 2591 4105 signum
2634 4008 2961 4103 venerit,
3021 4006 3433 4088 triobolum

645 4156 797 4206 non
839 4130 1176 4232 accipiet.

805 4240 809 4245 ’
1953 4240 2127 4314 560.

859 4372 1288 4469 Δικᾶζουσι
1350 4374 1425 4454 δὲ
1487 4381 1558 4453 οἱ
1619 4386 1713 4455 ἐκ
1769 4378 1928 4455 τῶν
1984 4382 2358 4481 ἐπιτίμων
2415 4385 2556 4456 καὶ
2602 4376 2713 4479 μὴ
2776 4376 3255 4474 ὀφειλόντων
3308 4382 3433 4483 τῷ

650 4500 1010 4603 δημοσίῳ.
1947 4616 2102 4691 560
2376 4507 2695 4605 (Pollux
2734 4508 2947 4604 VIII,
2991 4509 3204 4605 122.)

862 4756 917 4833 J
921 4756 1226 4833 udicant
1262 4769 1511 4836 autem
1549 4761 1688 4834 viri
1724 4759 1999 4861 integri
2040 4773 2117 4836 et
2145 4760 2442 4838 aerario
2483 4757 2667 4838 nihil
2701 4759 3081 4838 debentes,

1944 4922 2121 4999 561.

851 5054 997 5135 Ἐν
1031 5058 1143 5157 τῷ
1186 5053 1577 5158 Ἀρδηττῷ
1629 5058 1963 5163 δημοσίᾳ
2018 5059 2289 5148 πάντες
2346 5057 2782 5160 ὀμνύουσιν
2824 5058 3243 5154 Ἀθηναῖοι
3276 5064 3437 5145 τὸν

653 5176 903 5285 ὅρκον
937 5180 1082 5263 τὸν
1115 5177 1596 5277 ἦλιαστικόν.
2103 5192 2685 5293 (Ηιτροοηίὶὶοε
2733 5185 3205 5290 ’Morum-,J
