3725 5850
1392 505 1493 559 ΒΕ
1530 502 1799 559 canna.
2815 472 2970 554 285

236 690 398 772 οὐδ’
432 688 597 769 ὅποι
633 688 1040 791 βούλεται,
1098 688 1496 771 κάνταῦθ’
1555 690 1980 793 ἀπαχθεὶς,
2047 688 2218 771 οὐδ’
2275 684 2588 783 ότιοῦν,
2649 696 2830 793 πρὶν
2866 684 2971 768 ἂν

234 818 495 920 κριθῇ,
551 822 877 894 πείσεται
902 878 924 908 ,
982 814 1149 894 ἀλλ’
1186 815 1328 895 ε’ἀν
1353 819 1505 917 μὲν
1538 810 1752 921 ἀλῷ,
1814 816 2139 919 θανάτῳ
2177 817 2773 917 ζημιωθήσεται,
2829 812 2973 896 ἐὰν

234 944 318 1022 δὲ
342 943 437 1043 μή
464 942 859 1043 μεταλάβῃ
894 941 985 1021 τό
1024 951 1369 1044 πέμπτον
1410 948 1639 1044 μέρος
1692 942 1851 1021 τῶν
1901 942 2189 1046 ψήφων
2227 937 2270 1021 ό
2315 941 2785 1049 ἀπαγαγών,
2831 964 2974 1044 χι-ὲ

232 1074 391 1159 λίας
422 1068 931 1171 προςοφλὴσει.
1500 1074 1926 1169 (Demosth.
1964 1101 2026 1154 o.
2065 1074 2496 1155 Aristocrat.
2537 1074 2758 1169 647.)

1473 1237 1701 1314 1131.

428 1379 501 1456 Si
557 1378 721 1481 quis
776 1378 1218 1457 homicidam
1272 1381 1351 1457 in
1407 1381 1707 1484 templis
1766 1393 1841 1459 et
1896 1408 2034 1487 per
2076 1383 2318 1461 forum
2354 1379 2974 1459 obambulantem

228 1506 455 1599 videt,
507 1506 879 1584 abducere
919 1506 1089 1585 lieet
1124 1507 1334 1585 illum
1369 1508 1449 1585 in
1486 1534 1860 1586 carcerem
1881 1565 1900 1601 ‚
1953 1536 2107 1587 non
2144 1508 2444 1586 domum
2465 1566 2484 1601 ‚
2543 1528 2783 1610 neque
2819 1530 2970 1606 quo

228 1630 501 1709 libitum
539 1640 691 1723 est,
734 1657 973 1737 eoque
1010 1630 1415 1728 abductus,
1472 1642 1646 1711 ante
1684 1632 1915 1711 latam
1952 1633 2402 1737 sententiam
2437 1632 2624 1709 nihil
2662 1628 2968 1707 omnino

228 1755 564 1854 patietur,
620 1754 754 1832 sed
812 1756 1197 1833 convietus
1252 1769 1491 1835 morte
1546 1758 1926 1860 punietur,
1982 1770 2058 1835 et
2113 1758 2176 1837 si
2215 1767 2600 1836 aecusator
2634 1755 2970 1858 quintam

230 1881 749 1961 sententiarum
786 1892 1075 1987 partem
1112 1906 1264 1959 non
1303 1883 1591 1980 tulerit,
1648 1882 1850 1964 mille
1913 1882 2304 1962 drachmas
2358 1882 2673 1985 insuper
2704 1880 2966 1959 solvet.

1487 2043 1710 2122 1132.

426 2186 574 2263 Καὶ
613 2180 753 2261 ἐὰν
790 2190 1123 2285 φέροντα
1164 2180 1210 2279 ἢ
1246 2179 1543 2295 ἄγοντα
1596 2190 1739 2290 βίᾳ
1796 2182 2122 2278 ἀδίκως,
2179 2182 2428 2275 εὐθύς
2484 2179 2969 2289 ἀμυνόμενος

228 2314 515 2411 κτείνῃ,
574 2316 915 2405 νηποινεὶ
955 2312 1353 2393 τεθνᾶναι.
1467 2317 1891 2412 (Demosth.
1930 2318 2100 2397 adv,
2141 2316 2490 2397 Aristocr.
2531 2314 2750 2407 638.)

1481 2472 1708 2555 1132.

426 2619 517 2695 Et
554 2619 615 2695 si
653 2644 876 2721 quem
932 2621 1381 2720 spoliantem
1430 2622 1553 2699 vel
1606 2634 2078 2725 grassantem
2135 2648 2270 2725 per
2313 2623 2461 2697 vim
2511 2632 2586 2698 et
2621 2619 2970 2722 injuriam

228 2744 455 2825 statim
492 2768 669 2823 suae
708 2769 932 2823 causa
971 2744 1424 2823 defensionis
1462 2745 1855 2845 occiderit,
1915 2747 2220 2850 impune
2261 2746 2548 2825 occisus
2587 2758 2766 2822 esto.

1470 2907 1697 2986 1133.

426 3049 518 3124 Οἱ
550 3045 737 3136 τούς
774 3047 1137 3137 δεσπότας
1174 3045 1799 3142 ἀποκτείναντες,
1834 3047 1977 3128 ε’·οἱν
2012 3058 2126 3127 ἐπ’
2165 3048 2602 3156 αὐτοφώρῳ
2639 3046 2972 3144 ληφθῶ-α

228 3197 379 3262 σιν,
434 3171 531 3251 οὐ
576 3173 1061 3266 θνήσκουσιν
1092 3166 1229 3254 ὑπ’
1266 3172 1529 3254 αὐτῶν
1564 3175 1723 3254 τῶν
1758 3173 2306 3274 προσηκόντων
2323 3232 2372 3280 ,.
2405 3172 2604 3252 ἀλλά
2642 3171 2972 3276 παραδι-

230 3295 483 3377 δόασιν
526 3297 817 3388 αὐτους
854 3301 943 3400 τῇ
982 3298 1205 3402 ἀρχῇ.
1267 3302 1727 3408 (Antiphon.
1762 3305 1855 3382 de
1895 3304 2124 3384 caede
2161 3305 2440 3384 Herod.
2477 3299 2546 3406 ξ.
2587 3304 2756 3397 48.)

420 3592 673 3688 Servi,
732 3593 856 3696 qui
911 3592 1135 3671 heros
1188 3465 1772 3696 pereme1ri1n3t3et
1824 3595 1904 3669 in
1957 3593 2322 3694 flagrante
2379 3591 2648 3670 delicto
2706 3590 2969 3693 depre-

228 3717 419 3796 hensi
458 3719 775 3819 fuerint,
832 3747 927 3798 ne
967 3723 1075 3798 sio
1130 3721 1430 3823 quidem
1464 3749 1513 3804 a
1554 3747 1944 3805 caesorum
2000 3722 2439 3800 necessariis
2493 3718 2969 3814 occiduntur,

230 3845 343 3922 sed
376 3845 770 3925 traduntur
804 3847 1287 3947 magistratui.
1473 3957 1676 4034 1134

426 4071 588 4155 Τόν
626 4069 919 4153 ἅλόντα
958 4083 1077 4156 ἐπ’
1114 4075 1473 4182 ἀκουσίῳ
1510 4079 1737 4182 φόνῳ
1796 4081 1885 4157 ἕν
1936 4107 2140 4156 τισιν
2183 4070 2624 4180 ὦρισμένοις
2651 4073 2972 4178 χρόνοις

231 4197 579 4280 ἀπελθεῖν
612 4199 906 4295 τακτὴν
942 4195 1140 4282 όδὸν
1191 4210 1329 4282 καὶ
1386 4205 1747 4311 φεύγειν,
1801 4212 1936 4295 ἕως
1991 4199 2094 4282 ἀν
2149 4203 2534 4297 αἰδέσηταί
2586 4233 2760 4280 τινα
2815 4203 2972 4278 τῶν

234 4333 307 4401 ἐν
338 4334 529 4432 γένει
564 4329 715 4406 τοῦ
750 4327 1281 4423 πεπονθότος,
1340 4332 1764 4423 τηνικαῦτα
1823 4327 1893 4406 δ’
1953 4325 2174 4422 ἥκειν
2197 4389 2220 4421 ,
2280 4333 2488 4407 ἔστιν
2523 4325 2622 4408 ὃν
2656 4325 2968 4430 τρόπον,

234 4449 368 4552 οὐχ
404 4445 500 4532 ὃν
536 4447 642 4531 ἄν
676 4453 875 4555 τύχῃ
900 4485 914 4500 ·
972 4452 1169 4534 ἀλλά
1209 4463 1347 4534 καὶ
1392 4456 1630 4535 θῦσαι
1669 4463 1807 4536 καὶ
1846 4457 2381 4559 καθαρθῆναι.

1232 4587 1657 4682 (Demosth.
1700 4616 1761 4666 o.
1801 4588 2230 4668 Aristocrat.
2271 4587 2756 4681 643—644.)

1470 4749 1699 4826 1134.

418 4867 800 4948 Fortuitae
856 4872 1101 4950 caedis
1157 4874 1552 4955 damnatus
1607 4887 1809 4955 certo
1868 4874 2193 4978 quodam
2247 4886 2581 4977 tempore
2637 4877 2716 4951 in
2773 4885 2974 4952 certa

237 4991 337 5070 via
369 4993 585 5071 abeat
621 5006 696 5072 et
731 4999 1015 5093 exulet,
1074 4997 1250 5076 dum
1307 5002 1629 5104 aliquem
1686 5029 1724 5078 e
1782 5003 2151 5103 perempti
2206 5027 2483 5100 genere
2541 4999 2972 5102 placaverit.⁸

238 5111 405 5196 Tum
441 5147 623 5198 vero
661 5120 916 5201 redeat
963 5134 1166 5200 certo
1204 5125 1526 5226 quodam
1562 5129 1743 5223 ritu,
1803 5139 1880 5211 et
1933 5153 2086 5209 non
2127 5127 2474 5224 fortuito,
2532 5125 2665 5203 sed
2704 5135 2777 5203 et
2812 5148 2970 5202 rem

240 5239 537 5326 divinam
573 5249 799 5328 faeiat
836 5259 911 5330 et
948 5249 1305 5356 expietur.
