3725 5850
1418 556 1930 615 snen‘rmmu.
2883 535 3035 611 325

248 739 804 847 ὖποδέχονται
864 758 1021 839 τοῖς
1046 748 1389 827 ·’πεσοῦσι
1446 754 1586 826 καὶ
1644 756 2025 849 κειμένοις
2089 744 2378 827 αὐτόθι
2431 748 2587 826 τῶν
2644 741 3038 841 Ἐλλήνων

250 878 665 979 ἐναγίζειν
699 880 893 953 καθ’
931 882 1266 953 ἕκαστον
1302 873 1685 965 ἐνιαυτόν,
1742 874 2032 952 τοῦτον
2065 872 2211 951 τὸν
2249 872 2578 975 τρόπον·
2633 903 2774 950 του
2814 880 3040 950 Μαι-

239 1000 805 1099 μακτηριῶνος
849 997 1129 1102 μηνὸς,
1208 995 1293 1087 ὅς
1346 1006 1501 1075 ἐστι
1560 994 1761 1099 παρά
1822 1004 2193 1089 Βοιωτοῖς
2237 996 2881 1099 ’Λλαλκομένιος,
2943 997 3036 1097 τῇ

248 1132 471 1223 ἕκτῃ
523 1130 641 1201 ἐπὶ
698 1123 883 1202 δέκα
942 1131 1316 1226 πέμπουσι
1370 1122 1725 1224 πομπὴν,
1795 1115 1879 1217 ἧς
1934 1136 2368 1231 προηγεῖται
2415 1130 2564 1227 μὲν
2618 1121 2748 1223 ἅμ’
2803 1117 3036 1225 ἡμέρᾳ

250 1249 793 1356 σαλπιγκτής,
866 1250 1453 1357 εγκελευόμενος
1525 1247 1612 1326 το“
1688 1248 2162 1353 πολεμικὸν,
2235 1258 2549 1330 ἕπονται
2625 1247 2692 1327 δ’
2751 1247 3038 1351 ἅμαξαι

238 1380 641 1477 μυρρίνης
667 1384 937 1477 μεσταὶ
974 1382 1112 1452 καὶ
1152 1375 1795 1476 στεφανωμάτων,
1854 1381 1993 1451 καὶ
2022 1383 2255 1475 μέλας
2291 1377 2572 1477 ταῦρος
2597 1404 2612 1420 ·
2670 1382 2808 1453 καὶ
2834 1373 3039 1474 χοάς

254 1500 515 1578 οἴνου
548 1508 687 1578 καὶ
725 1500 1105 1607 γάλακτος
1140 1510 1229 1579 ἐν
1264 1499 1786 1603 ἀμφορεῦσιν,
1845 1507 2110 1581 ἐλαίου
2159 1536 2240 1581 τε
2293 1508 2432 1580 καὶ
2478 1502 2738 1603 μύρου
2785 1526 3038 1601 κρωσ-

250 1624 467 1715 σούς
502 1630 901 1703 νεανίσκοι
939 1632 1392 1726 κομίζοντες
1429 1627 1841 1727 ἐλεύθεροι.
1902 1628 2178 1729 Δούλῳ
2218 1625 2364 1734 γάρ
2425 1624 2746 1714 οὐδενὸς
2803 1629 3040 1719 ἔξεστι

256 1750 441 1827 τῶν
478 1758 643 1850 περὶ
678 1749 826 1843 τήν
860 1750 1277 1831 διακονίαν
1313 1758 1620 1846 ἐκείνην
1657 1752 2239 1855 προσάψασθαι,
2281 1752 2407 1830 διά
2444 1752 2532 1831 τὸ
2551 1751 2735 1842 τούς
2755 1746 3041 1855 ἄνδρας

261 1873 725 1953 ἀποθανεῖν
757 1869 948 1985 ὑπὲρ
986 1882 1442 1978 ἐλευθερίας.
1471 1874 1650 1956 Ἐπὶ
1687 1879 1872 1954 πᾶσι
1907 1878 1984 1955 δὲ
2014 1880 2174 1955 τῶν
2205 1884 2660 1957 Πλαταιέων
2682 1871 2724 1957 6
2747 1872 3037 1979 ἅρχων,

258 1991 328 2103 ᾦ
379 2000 537 2079 τὸν
585 1996 833 2080 ἄλλον
872 2003 1177 2105 χρόνον
1232 1997 1411 2081 οὔτε
1469 2002 1777 2105 σιδήρου
1836 2012 2097 2111 θιγεῖν
2152 2007 2479 2098 ἔξεστιν,
2539 1999 2724 2084 οὔθ’
2783 2012 3040 2106 ἑτέραν

258 2126 573 2217 ἐσθῆτα
597 2186 619 2219 ,
678 2126 876 2221 πλὴν
911 2128 1230 2220 λευκῆς,
1290 2126 1760 2229 ἀναλαβεῖν,
1814 2128 1986 2207 τότε
2011 2130 2317 2228 χιτῶνα
2353 2131 2780 2226 φοινικοῦν
2821 2128 3039 2209 ἐνδε-

262 2249 576 2344 ‹svm-«39,
635 2250 1009 2353 ἀράμενός
1042 2284 1121 2329 τε
1156 2245 1442 2354 ’ὑδρίαν
1477 2250 1630 2331 ἀπὸ
1672 2254 1813 2332 τοῦ
1871 2259 2676 2359 γραμματοφυλακίου
2729 2254 3041 2353 ξιφήρης

259 2383 393 2454 ἐπὶ
434 2374 624 2467 τούς
660 2376 952 2475 τάφους
987 2377 1303 2484 προάγει
1344 2378 1469 2455 διά
1500 2385 1724 2478 μέσης
1764 2380 1892 2471 τῆς
1928 2378 2231 2469 πόλεως.
2291 2378 2481 2458 Εἶτα
2533 2378 2802 2484 λαβών
2833 2376 3041 2481 ὕδωρ

264 2500 431 2579 ἀπὸ
473 2503 603 2601 τῆς
640 2508 957 2605 κρήνης,
1014 2501 1247 2593 αὐτὸς
1288 2503 1657 2583 ἀπολούει
1696 2504 1829 2595 τάς
1868 2504 2136 2598 στήλας
2171 2511 2310 2583 καὶ
2339 2505 2566 2609 μύρῳ
2595 2510 2823 2609 χρίει.
2884 2510 3042 2581 Καὶ

262 2626 417 2705 τὸν
476 2630 771 2730 ταῦρον
824 2634 930 2718 εἰς
984 2626 1125 2721 τὴν
1181 2628 1433 2731 πυράν
1492 2630 1824 2729 σφάξας,
1902 2638 2041 2707 καὶ
2095 2629 2663 2731 κατευξάμενος
2720 2634 2857 2707 Διῒ
2901 2637 3041 2708 καὶ

254 2748 515 2857 “Ερμῇ
562 2759 927 2856 χθονίῳ,
1004 2760 1434 2858 παρακαλεῖ
1481 2751 1666 2842 τούς
1725 2751 2082 2859 ἀγαθούς
2139 2750 2426 2857 ἄνδρας
2462 2754 2647 2845 τούς
2682 2749 2872 2857 ὑπὲρ
2901 2756 3044 2848 ,τῆς

256 2874 643 2972 ς,Ελλιῖιδος
716 2876 1260 2971 ἀποθανόντας
1331 2886 1455 2959 ἐπὶ
1527 2877 1617 2959 τὸ
1695 2878 2011 2958 δεῖπνον
2088 2885 2229 2956 καὶ
2295 2879 2437 2973 τὴν
2490 2884 3039 2982 αἱμακουρίαν.

250 3001 587 3086 ’Ἔπειτα
640 3008 976 3111 κρατῆρα
1035 3003 1360 3108 κεράσας
1418 3006 1647 3084 οἴνου
1683 3011 1820 3082 καὶ
1848 3003 2272 3104 χεάμενος,
2331 3012 2688 3112 ἐπιλέγει·
2766 3013 3042 3109 „1190-

274 3138 479 3209 πίνω
535 3145 695 3224 τοῖς
750 3129 1071 3237 ἀνδράσι
1126 3145 1285 3224 τοῖς
1336 3124 1529 3236 ὑπὲρ
1583 3131 1714 3225 τῆς
1750 3136 2190 3234 ἐλευθερίας
2224 3127 2801 3225 τῶν“Ελλήνων
2840 3131 3038 3210 ἀπο-

280 3260 703 3339 θανοῦσι.“
1859 3261 2274 3358 (Plutarch.
2314 3260 2614 3342 Aristid.
2655 3263 2828 3362 21.)

1558 3388 1785 3464 1275.

496 3531 971 3614 conveniant
1023 3533 1417 3638 quotannis
1472 3533 1935 3613 Graecorum
1985 3533 2251 3613 delecti
2288 3535 2385 3612 ad
2422 3533 2833 3641 speetalum
2869 3531 3042 3614 Pla·

281 3671 533 3759 taeas,
588 3659 948 3738 habeatur
1004 3661 1111 3738 ibi
1165 3659 1715 3760 quinquennale
1765 3671 2143 3738 certamen
2181 3659 2814 3757 Eleutheriorum‚
2873 3655 3040 3736 Pla-

280 3797 775 3886 taeensesque
812 3785 1265 3862 sacrosancti
1318 3784 1769 3880 habeantur,
1827 3783 2027 3884 quod
2063 3785 2116 3860 ii
2150 3811 2290 3888 pro
2331 3783 2645 3863 Graecia
2681 3784 3040 3864 sacrifica-

284 3923 473 3988 rent.
550 3909 1028 3986 Plataeenses
1073 3920 1321 3986 autem
1378 3909 1785 4012 recipiunt,
1842 3935 1924 3986 se
1965 3907 2272 3986 Graecis
2293 3967 2312 4006 ‚
2370 3910 2494 4010 qui
2531 3909 2635 3986 ibi
2673 3912 3036 3989 occubue-

288 4036 433 4112 rint
470 4047 551 4113 et
586 4036 855 4139 sepulti
892 4035 1203 4133 fuerint,
1261 4035 1571 4134 singulis
1620 4035 1833 4111 annis
1871 4033 2377 4111 immolaturos
2415 4034 2556 4110 hoo
2593 4037 2854 4114 modo:
2912 4037 3039 4114 de-

287 4163 479 4238 cima
526 4171 739 4238 sexta
790 4158 1427 4238 Maemaoterionis
1483 4161 1792 4255 mensis,
1849 4161 1976 4261 qui
2031 4158 2580 4236 Alalcomenius
2635 4172 2749 4238 est
2804 4162 3042 4240 Boeo-

288 4287 379 4362 tis
418 4344 436 4381 ,
518 4311 801 4362 summo
872 4312 1089 4364 mane
1162 4311 1515 4390 pompam
1577 4285 1895 4382 ducunt,
1947 4288 2086 4363 eui
2142 4287 2383 4387 praeit
2435 4286 2737 4363 tubicen
2791 4289 3042 4365 classi-

292 4435 453 4487 cum
508 4435 825 4508 canens,
882 4412 1359 4513 sequentibus
1414 4414 1635 4516 myrti
1698 4423 1773 4489 et
1809 4436 2246 4490 coronarum
2282 4411 2525 4512 plenis
2565 4410 2920 4513 plaustris
2955 4439 3044 4490 ac

294 4537 507 4636 nigro
548 4549 761 4615 tauro
800 4547 875 4612 et
928 4537 1180 4614 liberis
1237 4536 1832 4614 adolescentibus
1855 4596 1874 4634 ‚
1933 4538 2059 4638 qui
2094 4537 2252 4612 vini
2289 4545 2364 4611 et
2399 4536 2608 4612 lactis
2645 4535 3044 4616 libationes

294 4660 369 4738 in
404 4662 823 4763 amphoris,
880 4663 1171 4764 oleique
1212 4674 1286 4739 et
1320 4666 1683 4761 unguenti
1720 4689 1946 4740 urnas
1981 4672 2317 4763 gestant3
2377 4685 2617 4763 neque
2655 4663 2856 4740 enim
2889 4665 3041 4740 eui-

300 4813 515 4888 quam
550 4812 767 4865 servo
806 4788 919 4865 fas
956 4799 1069 4866 est
1103 4787 1507 4891 quidquam
1542 4789 1617 4864 in
1658 4815 1748 4865 eo
1783 4788 2190 4866 ministerio
2230 4788 2637 4888 attingere,
2700 4789 2898 4888 quod
2935 4788 3044 4865 illi

302 4938 429 5014 pro
484 4912 825 4990 libertate
885 4913 1385 5015 oppetiissent.
1460 4914 1845 4990 Postremo
1903 4913 2456 4990 Plataeensium
2512 4924 2849 5015 praetor,
2924 4911 3043 4988 oui

306 5050 541 5116 cetero
596 5049 931 5141 tempore
987 5064 1231 5138 neque
1288 5041 1564 5117 ferrum
1604 5052 1952 5140 tangere,
2014 5065 2254 5138 neque
2292 5039 2433 5115 nisi
2472 5039 2720 5115 albam
2755 5050 3044 5114 vestem

306 5162 601 5244 induere
636 5163 843 5262 lieet,
900 5165 1219 5268 punicea
1255 5164 1559 5242 amictus
1596 5167 1846 5242 tunica
1866 5222 1885 5261 ‚
1945 5175 2385 5268 sumptaque
2444 5163 2534 5239 de
2573 5163 2871 5240 archivo
2907 5163 3040 5263 hy-

313 5285 457 5372 dria
478 5351 497 5390 ,
535 5315 672 5394 per
706 5289 1025 5392 mediam
1060 5291 1322 5370 urbem
1358 5303 1623 5369 tenens
1658 5287 1991 5392 gladium
2030 5291 2125 5370 ad
2163 5287 2501 5393 sepulcra
2533 5286 3040 5390 proficiscitur.
