3725 5850
720 436 875 530 372
1798 462 1924 515 ms
1959 432 2396 517 PRIVATUM.

1667 862 2316 1015 Κεφάλαιον
2376 860 2546 977 Θ’.

1068 1064 1395 1207 Περὶ
1491 1054 1970 1186 οὐσίας
2067 1064 2291 1171 καὶ
2391 1059 3134 1207 κτήματος.

1833 1400 2155 1550 Caput
2202 1402 2368 1518 IX.

1037 1597 1202 1716 De
1276 1600 2028 1717 substantia
2107 1610 2234 1719 et
2305 1602 3150 1744 possessione.

1995 1876 2222 1952 1447.

912 1994 1286 2094 Ἀφανὴ
1312 2033 1345 2087 ς
1403 1997 1514 2075 οὗ
1541 2004 1703 2075 σία
1761 2006 2054 2105 λέγεται
2115 1992 2156 2090 ἦ
2217 2006 2303 2075 ἐν
2349 1996 2682 2099 χρήμασι
2759 2005 2896 2075 καὶ
2973 1996 3260 2094 σώμασι
3329 2002 3454 2071 καὶ

712 2123 1008 2201 σκεύεσι
1036 2184 1055 2215 ,
1114 2122 1411 2224 φανεροὶ
1454 2126 1529 2202 δὲ
1576 2118 1615 2216 ἦ
1662 2129 1973 2231 ἔγγειος.
2671 2130 3262 2231 (HarpocratiO.)

1996 2290 2223 2366 1447.

926 2410 1360 2491 Substantia
1397 2442 1548 2492 non
1587 2443 1962 2518 apparens
2018 2416 2148 2493 illa
2197 2414 2502 2508 dicitur,
2564 2442 2754 2516 quae
2795 2428 3152 2514 argent0,
3213 2414 3454 2507 servin,

710 2541 907 2615 vasis
944 2552 1273 2639 constat3
1328 2566 1703 2643 apparens
1742 2568 1921 2620 vero
1963 2567 2149 2644 quae
2187 2540 2500 2618 terrenis
2538 2542 3161 2642 possessionibus,

1992 2706 2218 2779 1448.

902 2820 1005 2899 ”E
1026 2856 1078 2899 π
1099 2855 1124 2899 ι
1147 2858 1199 2900 π
1219 2831 1261 2901 λ
1289 2854 1336 2899 α
1361 2883 1380 2915 ,
1441 2818 1481 2918 ἢ
1515 2823 1624 2925 μή
1670 2828 1961 2931 ἔγγειος
1999 2822 2260 2918 κτῆσις
2283 2882 2303 2915 ,
2365 2822 2558 2900 ἀλλὰ
2597 2821 3056 2911 ἐπιπόλαιος.

2889 2937 3268 3031 (Suidas.)

1979 3046 2206 3122 1448.

922 3170 1279 3272 Supellex
1317 3196 1465 3246 non
1506 3183 1619 3246 est
1655 3157 2028 3272 possessio
2068 3172 2438 3248 terrestris
2463 3229 2480 3264 ‚
2539 3170 2669 3246 sed
2707 3170 3026 3247 mobilis,

1974 3333 2200 3406 1449.

924 3461 1121 3552 Περὶ
1162 3451 1540 3558 ἀργυρίου
1579 3458 1719 3526 καὶ
1747 3458 2084 3551 χρυσίου
2133 3459 2272 3529 καὶ
2327 3451 2683 3550 ἀφανοῦς
2741 3449 3011 3538 οὐσίας
3067 3450 3306 3545 δῆλον
3353 3443 3482 3534 ὅτι,
3617 3451 3619 3458 '

711 3575 916 3666 ὅστις
957 3583 1161 3676 ἔχων
1202 3575 1403 3655 αὐτοὶ
1445 3583 1842 3675 φαίνεται,
1902 3578 2156 3677 τούτῳ
2198 3577 2480 3654 δέδωκέ
2511 3610 2641 3666 τις.
2883 3657 2892 3668 ,

2220 3707 2568 3802 (Suidasz
2628 3703 2860 3781 οὐσία
2898 3702 3300 3812 φανεροὶ).

1979 3872 2206 3947 1449.

922 4001 1036 4076 De
1076 4008 1389 4098 argento
1430 4009 1503 4074 et
1542 4024 1723 4073 auro
1780 4007 1853 4072 et
1911 3997 2330 4077 substantia
2385 4023 2539 4074 non
2596 4005 3004 4098 apparente
3045 3994 3451 4086 tenendum,

709 4126 948 4225 quod,
1009 4126 1127 4223 qui
1154 4152 1260 4204 ,ea
1299 4124 1681 4225 possidere
1721 4125 2088 4214 cernitur,
2146 4124 2252 4198 illi
2290 4123 2476 4199 haee
2502 4122 2776 4223 ,aliquis
2815 4121 3120 4198 dederit.

1977 4288 2202 4364 1450.

929 4404 1102 4482 mv
1139 4403 1825 4510 ἀμφισβητησίμων
1851 4411 2170 4509 χωρίων
2207 4389 2324 4484 δεῖ·
2355 4403 2499 4484 τὸν
2535 4409 2817 4504 ἔχοντα
2852 4399 2900 4497 ἢ
2925 4411 3155 4498 θέτην
3193 4401 3238 4498 ἢ
3273 4433 3448 4501 πρα-

708 4532 895 4629 τῆρα
935 4539 1401 4632 παρέχεσθαι
1444 4531 1491 4626 ἢ
1530 4532 2292 4633 καταδεδικασμένον
2328 4539 2774 4631 φαίνεσθαι.

1977 4663 2272 4759 (Isaeus
2315 4665 2404 4740 de
2449 4663 2750 4743 Aristar.
2790 4663 2942 4740 her.
2982 4658 3048 4762 ξ.
3091 4664 3258 4760 24.)

1975 4827 2201 4904 1450.

922 4945 1105 5026 Orta
1140 4949 1231 5026 de
1271 4948 1518 5027 fundis
1557 4935 2067 5029 controversia
2123 4961 2420 5052 oportet
2473 4977 2976 5052 possessorem
3009 4950 3304 5027 illorum
3339 4957 3444 5023 aut

705 5077 1087 5188 nominare
1146 5101 1315 5152 eum
1350 5103 1395 5152 a
1433 5102 1578 5175 quo
1617 5078 1783 5154 illos
1822 5079 1980 5153 siv-e
2039 5079 2578 5178 oppigneratos
2637 5076 2910 5152 habeat
2967 5075 3126 5152 sive
3166 5075 3439 5162 emerit,

706 5211 833 5278 aut
870 5202 1372 5278 demonstrare
1412 5228 1539 5278 eos
1578 5202 1715 5278 sibi
1756 5199 2221 5302 adjudicatos
2255 5229 2436 5278 esse.
