3725 5850
689 453 840 548 202}
1772 486 1895 538 sus
1935 486 2353 539 PUBIACUM.

1978 677 2158 754 810.

889 792 1080 874 Ἐάν
1119 831 1225 888 τις
1263 796 1403 878 τὸν
1441 802 1596 880 τῶν
1625 798 2081 892 Ἀθηναίων
2118 797 2369 898 δῆμον
2404 796 2679 898 ἀδικῇ,
2716 798 3124 900 δεδεμένον
3164 795 3448 890 ἆποδι-,

684 929 857 1012 κεῖν
891 930 986 1000 ἐν
1013 923 1124 1026 τῷ
1159 923 1392 1028 δήμῳ.
1513 975 1520 984 ·
1789 975 1823 1016 ·.
1855 929 2323 1033 (Xenophon
2362 929 2527 1008 hist.
2566 955 2813 1029 graec.
2852 933 2911 1026 I,
2946 931 3026 1026 ·7,
3064 930 3231 1022 20.)

1878 1101 1887 1110 ’
1968 1093 2151 1170 810.

893 1211 971 1288 Si
1009 1217 1172 1316 quis
1209 1219 1574 1320 populum
1612 1217 2145 1301 Atheniensem
2184 1220 2524 1314 laeserit,
2581 1220 2660 1296 in
2716 1219 3032 1296 vinculis
3070 1215 3269 1320 apud
3304 1243 3439 1318 po-

680 1338 936 1438 pulum
971 1366 1269 1423 eausam
1307 1344 1526 1422 dieat.

1967 1453 2142 1540 811.

719 1655 726 1664 ι
891 1577 969 1642 K
963 1531 1434 1670 ατεχοιιενον
1471 1530 1951 1674 ἑκατέρωθεν
1988 1572 2550 1680 ἀπολογεῖσθαι
2589 1570 2733 1650 τὸν
2759 1533 2934 1670 κατ’
2915 1533 3449 1798 ἐἰσαγγελίαν

676 1699 1160 1793 κρινόμενον.
1550 1704 1834 1799 (Schol.
1878 1706 1953 1780 in
1996 1703 2470 1808 Aristophan.
2513 1702 2906 1780 Ecclesiae.
2954 1699 3318 1796 1089.)

1964 1865 2142 1940 811.

889 1988 1256 2090 Utrinque
1297 1999 1636 2070 teneatur
1672 1993 1776 2088 is,
1836 1993 1961 2094 qui
2001 1992 2598 2074 denunciationis
2623 1989 2907 2093 judicio
2946 1988 3322 2088 subjacet,
3362 1995 3437 2062 et

537 2129 544 2134 '
673 2113 780 2189 ita
814 2139 1114 2192 causam
1153 2115 1368 2194 dicat.

1972 2225 2149 2302 812.

871 2337 1127 2421 ’Ὁταν
1188 2351 1566 2444 μέλλωσιν
1628 2351 1701 2423 οἱ
1761 2347 2122 2426 δικασταὶ
2187 2348 2845 2448 διαψηφίζεσθαι,
2919 2349 3441 2420 κελευέτωσαν

673 2464 812 2542 τὸν
847 2477 1290 2572 γραμματέα
1349 2465 1907 2578 ὑπαναγνῶναι
1964 2469 2106 2567 τήν
2155 2507 2235 2551 τε
2290 2477 2777 2578 εἰσαγγελίαν
2832 2476 2969 2545 καὶ
3010 2467 3152 2546 τὸν
3190 2465 3441 2566 νόμον

671 2590 813 2670 τὸν
849 2596 1425 2704 εἰσαγγελτικὸν
1462 2604 1600 2675 καὶ
1638 2598 1782 2677 τὸν
1819 2597 2065 2702 ὅρκον
2100 2599 2245 2678 τὸν
2282 2593 2748 2692 ἧλιαστικόν.

1917 2730 2301 2834 (Hyperid
2364 2755 2501 2831 pro
2541 2728 3009 2830 Euxenippo.
3054 2725 3217 2816 42.)

1956 2892 2139 2971 812.

885 3012 1200 3105 Quando
1240 3016 1620 3117 judicibus
1672 3017 1750 3096 in
1806 3018 2167 3115 suffragia
2224 3017 2551 3095 eundum
2597 3026 2750 3111 est,
2796 3014 3071 3117 jubent
3108 3041 3155 3091 a
3188 3012 3439 3091 scriba

669 3135 958 3213 recitari
997 3150 1156 3216 tum
1193 3143 1883 3238 denunciationem,
1942 3156 2102 3221 tum
2136 3146 2385 3245 legem
2422 3142 2517 3219 ad
2557 3141 3166 3221 denunciationes
3203 3141 3436 3241 perti-

672 3272 1024 3360 nentem,
1073 3278 1229 3342 tum
1254 3268 1772 3371 jusjurandum
1803 3269 2181 3373 judiciale.

1853 3548 2111 3627 Ἀρθρον
2146 3551 2229 3625 β’.

1795 3665 1854 3711 11
1889 3680 1922 3733 ρ
1960 3678 1995 3711 o
2030 3659 2067 3733 β
2101 3678 2135 3713 o
2175 3661 2204 3714 l
2240 3660 2292 3727 ἡ.

1998 3762 2101 3782 Md·

1866 3840 2146 3892 Articulus
2182 3842 2234 3893 2.

1741 3950 1787 4013 Q
1849 3966 1885 4000 u
1947 3966 1979 4001 e
2038 3964 2069 3999 r
2124 3966 2157 4002 e
2216 3950 2235 4000 l
2299 3966 2349 4002 a.

1959 4096 2136 4171 813.

893 4216 982 4286 Π
993 4242 1096 4311 ρο
1117 4218 1235 4313 βο
1262 4214 1362 4291 λ’
1330 4248 1367 4306 η
1423 4224 1576 4291 ἐστι
1631 4214 1718 4292 τὸ
1768 4215 2142 4321 παράγειν
2176 4222 2283 4305 εἰς
2320 4215 2465 4309 τὴν
2500 4221 2924 4308 ἐκκλησίαν
2960 4212 3101 4289 τὸν
3133 4212 3433 4311 βουλό-

665 4312 914 4434 μενον
952 4344 1086 4414 καὶ
1127 4336 1599 4435 αποφαίνειν
1653 4374 1758 4431 ως
1815 4338 2218 4434 ἠδίκησεν,
2276 4342 2356 4419 εἴ
2406 4373 2517 4430 τις
2568 4341 2849 4431 doxon]
2886 4337 3228 4428 ἀδικεῖν,
3286 4346 3435 4415 καὶ

671 4462 853 4551 τούς
891 4464 1386 4562 συκοφάντας
1405 4474 1542 4544 καὶ
1565 4466 1750 4557 τούς
1773 4476 1939 4569 περὶ
1958 4498 2053 4545 τα
2067 4495 2440 4569 μυστηρια
2467 4466 2505 4560 ἢ
2494 4464 2901 4544 Διονύσια
2931 4462 3432 4552 ἀδικοῦντας.

2192 4598 2491 4692 (Lexie.
2532 4597 2836 4697 Seguer.
2877 4622 2949 4697 p.
2992 4594 3213 4687 288.)

1962 4723 2142 4802 813.

885 4848 1210 4940 Querela
1242 4859 1393 4943 est,
1433 4849 1734 4950 quando
1771 4850 1977 4951 quie,
2016 4851 2135 4929 eui
2172 4848 2491 4943 libuerit,
2530 4846 2880 4951 producit
2914 4846 3311 4947 quemdam
3351 4850 3435 4925 in

673 4974 1102 5057 concionem
1163 4974 1422 5075 populi
1477 4986 1552 5051 et
1608 4974 1974 5067 declarat,
2034 5002 2201 5053 eum
2256 4975 2509 5076 injusti
2566 4973 2745 5073 quid
2800 4974 3103 5067 fecisse,
3161 4975 3221 5049 si
3258 4977 3437 5075 quie

676 5100 876 5189 viena
931 5098 1151 5177 fuerit
1207 5099 1676 5198 iniquitatem
1731 5100 2225 5195 commisisse,
2284 5102 2461 5179 item
2495 5098 3004 5201 sycophantas
3036 5108 3117 5177 et
3146 5100 3229 5175 in
3264 5126 3433 5201 my-

675 5224 912 5299 steriis
951 5224 1072 5301 vel
1107 5221 1489 5325 Dionysiis
1529 5226 2060 5326 delinquentes.
2930 5242 2943 5249 '
