3725 5850
1133 466 1684 523 MAGIs'rRA'rUs
1719 466 2079 523 ronmcr.
2881 446 2986 524 68

249 662 812 773 ξυγγράψαντας
864 657 1179 767 γνώμην
1235 664 1664 759 ἐσενεγκεῖν
1721 662 1794 745 ἐς
1849 654 1994 733 τὸν
2039 654 2291 755 δῆμον
2326 665 2398 746 ἐς
2436 650 2719 759 ἡμέραν
2754 655 2985 757 ῥητήν

248 796 407 869 καθ’
447 784 567 866 ὅτι
607 782 884 889 ἄριστα
923 778 966 877 ἦ
1011 780 1226 871 πόλις
1265 778 1676 895 οἰκήσεται.

425 912 870 1015 Προέδρους
941 940 1022 987 τε
1096 912 1404 987 ἑλέσθαι
1471 911 1688 983 πέντε
1752 900 2040 1009 ἄνδρας
2067 966 2088 998 ,
2157 906 2482 995 τούτους
2540 906 2616 985 δὲ
2678 912 2986 985 ἑλέσθαι

247 1038 499 1120 ἑκατὸν
536 1034 827 1140 ἄνδρας
847 1096 869 1130 ,
925 1041 1064 1112 καὶ
1119 1032 1275 1110 τῶν
1331 1030 1620 1109 ἑκατὸν
1673 1036 2011 1110 ἕκαστον
2056 1030 2243 1134 πρὸς
2280 1033 2532 1135 ἑαυτῷ
2568 1044 2761 1135 τρεῖς
2786 1061 2801 1077 ·
2858 1038 2985 1111 ἐλ-

245 1166 504 1255 θόντας
543 1162 619 1243 δὲ
675 1158 964 1251 αὐτούς
1019 1162 1561 1260 τετρακοσίους
1619 1150 1850 1248 ὄντας
1890 1166 1961 1247 ἐς
1996 1154 2086 1234 τὸ
2125 1157 2677 1259 βουλευτήριον
2714 1150 2986 1259 ἄρχειν

242 1290 366 1392 ὅπῃ
401 1286 506 1368 ἃν
541 1282 816 1391 ἄριστα
852 1284 1386 1393 γιγνώσκωσιν
1443 1280 1965 1385 αὐτοράτορας
1982 1344 2007 1379 ‚
2066 1290 2202 1360 καὶ
2254 1280 2438 1372 τους
2486 1309 2983 1379 πεντακισχι-

243 1424 426 1503 λίους
467 1414 544 1492 δὲ
583 1419 973 1520 ξυλλέγειν
1011 1404 1313 1491 ὁπόταν
1350 1406 1613 1499 αὐτοῖς
1652 1408 1873 1511 δοκῇ.

1507 1650 1662 1725 242
1833 1538 2295 1641 (Thucydid.
2332 1537 2543 1635 VIII,
2584 1536 2768 1630 673.

421 1780 714 1855 Decem
765 1774 908 1853 viri
960 1777 1214 1873 legum
1272 1773 1983 1853 conscribendarum
2040 1798 2267 1851 causa
2321 1772 2797 1873 deligantur,
2855 1771 2981 1873 qui

243 1928 580 1980 summam
614 1901 838 2002 hujus
872 1899 980 1977 rei
1016 1910 1461 2002 potestatem
1498 1898 1868 1995 habeant3
1924 1898 2001 1976 hi
2057 1924 2239 1976 vero
2301 1897 2766 1995 rogationem
2802 1919 2979 1973 con-

241 2028 576 2131 scriptam
613 2028 710 2105 ad
748 2027 1113 2131 populum
1147 2029 1345 2105 intra
1401 2040 1680 2104 certam
1741 2029 1941 2104 diem
1977 2028 2261 2122 ferant,
2323 2051 2471 2126 qua
2508 2025 2791 2101 ratione
2831 2050 2984 2101 res-

243 2152 526 2253 publica
566 2153 842 2255 optime
879 2151 1375 2229 administrari
1413 2164 1688 2254 posset.

428 2276 776 2378 Quinque
813 2278 995 2353 item
1028 2276 1410 2379 praesides
1449 2277 1714 2377 deligi,
1774 2276 1901 2377 qui
1956 2302 2210 2353 rursus
2266 2286 2565 2351 centum
2619 2276 2819 2352 viros
2858 2274 2988 2353 eli·

237 2412 438 2503 gant,
507 2428 824 2504 quorum
877 2402 1150 2501 singuli
1205 2413 1357 2479 tres
1413 2400 1597 2477 alios
1656 2398 1798 2478 sibi
1855 2410 2253 2503 cooptent3
2308 2400 2385 2476 hi
2441 2425 2622 2478 vero
2677 2426 2986 2477 numero

239 2527 751 2627 quadringenti
785 2528 864 2604 in
901 2528 1183 2605 curiam
1216 2526 1578 2626 ingressi,
1632 2549 1918 2603 summa
1952 2535 2326 2628 potestate
2376 2524 2731 2628 praediti,
2792 2551 2983 2603 rem-

237 2653 600 2752 publicam
653 2662 962 2752 gerant,
1020 2664 1244 2753 prout
1297 2651 1661 2752 optimum
1689 2675 1877 2728 ¹esse
1936 2653 2434 2749 cognoverint
2453 2708 2471 2744 ,
2534 2663 2609 2728 et
2662 2652 2986 2753 quinque

238 2778 454 2855 millia
488 2778 766 2855 civium
801 2787 1268 2875 congregent
1288 2834 1306 2870 ,
1365 2776 1668 2879 quand-0
1703 2775 1887 2879 ipsis
1926 2775 2171 2853 visum
2206 2776 2451 2855 fuerit.

1521 2939 1699 3014 243.

433 3061 652 3162 Πρὸς
698 3071 856 3149 τοῖς
913 3055 1088 3138 οὖσι
1147 3058 1335 3136 δέκα
1392 3065 1698 3136 ἑλέσθαι
1755 3055 2042 3148 ἄλλους
2097 3061 2444 3152 εἴκοσιν,
2501 3063 2988 3163 εἰσηγησομέ-

239 3215 402 3273 νους
437 3185 540 3261 τοὶ
578 3184 979 3264 δοκοῦντα
1012 3186 1108 3282 τῇ
1147 3190 1511 3286 πολιτείᾳ.
1863 3187 2219 3284 (Suidasz
2258 3183 2773 3286 πρόβουλοι.).

1521 3313 1698 3390 243.

429 3424 714 3500 Decem
749 3422 1380 3524 conscriptoribus
1416 3421 1861 3520 adlegantur
1899 3420 2191 3520 viginti,
2242 3422 2367 3522 qui
2404 3448 2595 3524 quae
2636 3419 2989 3524 reipubli-

236 3573 350 3626 cae
386 3549 810 3627 conducere
849 3547 1236 3642 videntur,
1293 3545 1674 3624 svadeant.

1511 3689 1688 3766 244.

437 3811 647 3902 Τούς
702 3818 1240 3913 τετρακοσίους
1295 3809 1890 3888 καταπαύεσθαι
1938 3815 2080 3886 καὶ
2116 3821 2277 3899 τοῖς
2330 3814 2983 3908 πεντακισχιλίοις

237 3936 320 4014 τὰ
347 3936 770 4043 πράγματα
803 3936 1291 4039 παραδοῦναι
1315 3965 1330 3982 ·
1391 3935 1590 4016 εἶναι
1627 3934 1706 4016 δὲ
1749 3932 2014 4014 αὐτῶν
2050 3927 2327 4014 ὁπόσοι
2364 3932 2567 4016 ὅπλα
2604 3942 2987 4038 παρέχον-

237 4091 348 4138 ται
367 4090 386 4109 ·
439 4071 584 4140 καὶ
609 4061 918 4164 μισθὸν
943 4061 1235 4164 μηδένα
1273 4069 1530 4162 φέρειν
1558 4061 1896 4164 μηδεμιᾷ
1929 4058 2136 4164 ’ἀρχῇ
2156 4119 2181 4160 ,,
2238 4064 2314 4140 εἰ
2364 4059 2441 4138 δὲ
2482 4057 2591 4160 μὴ
2615 4118 2636 4152 ,
2692 4060 2989 4162 ἐπάρα-

239 4218 361 4264 τον
397 4195 814 4268 ποιεῖσθαι.
1517 4301 1670 4373 244
1829 4189 2295 4318 (Thycydid.
2320 4190 2541 4287 VIII,
2582 4191 2775 4285 97.).

435 4425 827 4526 Abrogato
879 4425 1438 4526 quadringentis
1494 4425 1672 4501 viris
1727 4424 2084 4526 imperio,
2144 4448 2392 4501 rerum
2444 4423 2985 4503 administratio

239 4551 548 4652 quinque
603 4549 930 4629 millibus
984 4550 1358 4644 tradetur3
1423 4549 1574 4626 sint
1626 4559 1873 4626 autem
1931 4575 2024 4626 ex
2080 4547 2225 4626 hoc
2295 4573 2608 4628 numero
2682 4575 2983 4644 omnes,

241 4686 591 4778 quotquot
626 4699 836 4754 arma
872 4702 1007 4753 sua
1039 4675 1187 4778 ipsi
1225 4675 1599 4784 exhibent.
1675 4675 1774 4752 Et
1810 4673 2235 4752 mercedem
2270 4699 2365 4752 ne
2404 4675 2571 4775 quis
2607 4675 2837 4754 ullam
2870 4676 2981 4754 ul-

239 4799 362 4876 lius
397 4802 885 4902 magistratus
919 4801 1162 4901 gratia
1198 4801 1555 4901 accipiat,
1612 4799 1885 4900 alioqui
1925 4811 2350 4876 exsecratus
2387 4797 2769 4876 habeatur.

445 5083 891 5182 Τριάκοντα
929 5079 1300 5185 ἀνδράσιν
1334 5089 1727 5185 ἐπιτρέψαι
1760 5081 1907 5175 τήν
1943 5082 2188 5162 πόλιν.

1613 5195 1917 5295 (Lysias
1958 5223 2017 5272 c.
2058 5193 2431 5271 Eratosth.
2474 5189 2540 5292 ξ.
2581 5191 2767 5282 73.).
