3725 5850
655 419 816 500 620
1280 443 1899 500 commun-rums
1936 443 2045 496 An
2086 437 2245 498 1145.
2290 441 2447 500 me.
2492 443 2649 502 1451.
2693 443 2851 504 14⁵2.

1793 631 1949 716 Ad
1984 633 2273 722 1445.

867 779 1138 859 Aetate
1175 779 1352 857 belli
1393 781 2041 883 Peloponnesiaci.

867 905 1160 984 Strab
1183 937 1228 984 o
1267 907 1362 1000 X,
1403 911 1474 1001 5,
1516 910 1602 985 5:
1661 907 1971 985 Rhenea
2008 908 2253 986 insula
2288 921 2403 987 est
2441 911 2708 1016 exigua
2746 920 2822 986 et
2856 909 3189 1006 deserta,
3242 913 3433 988 intra

653 1043 998 1136 quartum
1039 1059 1086 1111 a
1120 1033 1316 1110 Delo
1353 1031 1714 1129 stadium,
1774 1033 1898 1110 ubi
1936 1033 2280 1135 sepulcra
2318 1047 2491 1112 sunt
2524 1035 2937 1114 Deliorum.
3004 1035 3200 1114 Nam
3238 1063 3429 1112 mor-

653 1168 862 1237 tuum
899 1159 979 1237 in
1016 1158 1212 1236 Delo
1249 1158 1563 1260 sepelire
1603 1183 1752 1237 non
1791 1169 1908 1236 est
1944 1160 2095 1256 fas,
2154 1185 2397 1262 neque
2434 1185 2789 1240 cremare.

1804 1370 1960 1455 Ad
1992 1373 2281 1458 1440.

863 1517 1248 1620 Ejusmodi
1305 1517 1645 1624 homines
1683 1546 1724 1598 e
1764 1521 2224 1624 praescripto
2284 1518 2561 1600 oraculi
2620 1522 3057 1600 mulieribus
3094 1549 3175 1598 se
3213 1522 3425 1622 quasi

649 1643 952 1721 renatos
990 1643 1456 1744 praebebant
1490 1644 1891 1734 lavandos,
1942 1645 2379 1722 vinciendos
2418 1657 2494 1722 et
2530 1646 2959 1744 lactandos,
3012 1673 3435 1746 nomenque

648 1771 738 1846 iis
793 1769 1072 1846 factum
1127 1758 1686 1867 ὖστερόποτμοι
1744 1772 1868 1848 vel
1920 1765 2512 1866 δευτερὸποτμ-οι
2535 1825 2556 1858 ,
2618 1773 2818 1873 quod
2872 1773 3239 1851 sciliceta
3276 1796 3433 1850 cre·

653 1894 808 1972 dito
849 1896 1075 1971 exitio
1113 1897 1323 1996 quasi
1361 1897 1813 1998 postliminio
1853 1897 2356 1978 revertissent.

862 2021 1181 2098 Romani
1221 2048 1352 2099 eos
1388 2049 1576 2123 quos
1613 2022 1844 2100 semel
1884 2021 2217 2126 sepultos
2254 2049 2347 2100 ac
2382 2024 2613 2101 rebus
2650 2025 2998 2101 humanis
3036 2035 3435 2125 exemptos

645 2175 805 2226 esse
843 2147 1084 2224 fuerat
1117 2148 1520 2242 creditum,
1583 2149 2197 2226 existimaverunt
2256 2176 2409 2226 non
2468 2150 2741 2226 debere
2799 2175 2936 2252 per
2995 2149 3269 2226 ostium
3324 2148 3433 2226 in-

643 2273 892 2373 gredi,
950 2297 1086 2374 per
1141 2271 1340 2372 quod
1397 2273 1890 2352 sacrificatum
1950 2275 2231 2366 exitur,
2288 2301 2375 2352 ac
2432 2276 2850 2353 sacrificatu
2908 2273 3227 2366 reditur3
3301 2273 3433 2350 sed

646 2425 776 2475 eos
813 2398 1158 2475 deorsum
1197 2424 1289 2474 ex
1329 2408 1500 2476 aere
1557 2400 1955 2481 voluerunt
2009 2403 2085 2475 in
2144 2402 2417 2480 atrium
2454 2399 2594 2479 sub
2634 2401 2758 2478 dio
2794 2403 3083 2504 positos
3121 2399 3432 2476 demitti.

647 2524 1132 2626 Expiationes
1190 2522 1391 2599 enim
1449 2548 1710 2600 omnes
1769 2523 2109 2604 solebant
2166 2524 2324 2602 fere
2378 2525 2517 2602 sub
2557 2525 2680 2602 dio
2718 2551 3107 2628 peragere.
3188 2525 3433 2601 Varro

645 2676 786 2750 pro
823 2675 1051 2726 causa
1090 2649 1310 2726 affert
1351 2649 1545 2727 hanc
1583 2649 1957 2750 fabulam,
2013 2678 2184 2729 cum
2230 2650 2426 2728 bello
2466 2651 2665 2752 apud
2705 2649 3036 2728 Siciliam
3074 2677 3433 2750 magnum

645 2775 912 2852 navale
969 2777 1331 2876 proelium
1390 2777 1650 2854 fuisset
1706 2779 2227 2872 commissum,
2285 2777 2705 2879 multosque
2755 2776 2953 2855 fama
2990 2777 3436 2854 mentiretur

643 2899 953 3004 periisse
991 2903 1118 3004 qui
1158 2913 1369 2981 erant
1403 2905 1881 3005 superstites,
1942 2905 2079 2983 hos
2135 2903 2443 2983 domum
2502 2930 2883 2998 reversos,
2940 2905 3142 2981 intra
3196 2904 3432 2981 breve

643 3038 939 3129 tempus
978 3028 1366 3106 universos
1403 3030 1628 3107 fuisse
1669 3042 2041 3128 mortuos3
2098 3031 2231 3109 sed
2268 3056 2501 3108 unum
2540 3058 2633 3109 ex
2670 3030 2817 3109 illis
2857 3030 3057 3107 domi
3096 3056 3279 3107 suae
3310 3032 3426 3131 ja-

643 3180 867 3231 nuam
910 3153 1098 3230 forte
1135 3152 1437 3231 fortuna
1492 3158 1872 3234 occlusam
1928 3156 2371 3251 offendisse,
2432 3181 2675 3258 neque
2715 3158 3011 3259 aperire
3047 3155 3428 3257 potuisse:

639 3280 882 3380 ipsum
939 3277 1206 3377 igitur,
1281 3306 1453 3357 cum
1506 3292 1680 3359 ante
1742 3282 1944 3359 fores
2000 3281 2616 3375 obdormivisset,
2675 3306 2810 3381 per
2868 3282 3200 3382 quietem
3255 3304 3426 3383 spe-

639 3416 880 3482 ctrum
924 3404 1237 3501 vidisse,
1297 3404 1495 3505 quod
1555 3405 1618 3481 ei
1659 3408 2161 3508 praeciperet,
2220 3418 2304 3483 ut
2342 3434 2421 3483 se
2462 3406 2556 3484 de
2594 3416 2796 3483 tecto
2832 3408 2910 3482 in
2950 3406 3257 3485 domum
3300 3406 3426 3483 de-

642 3529 1004 3606 mitteret:
1062 3533 1230 3605 eum
1289 3531 1604 3609 consilio
1662 3531 1836 3607 huic
1889 3533 2268 3633 paruisse,
2328 3532 2777 3633 longamque
2816 3531 3049 3612 vitam
3108 3532 3427 3610 feliciter

643 3656 1024 3754 exegisse:
1079 3666 1304 3755 atque
1361 3656 1578 3757 hujus
1634 3658 1732 3733 ab
1785 3658 2135 3759 exemplo
2183 3660 2403 3736 istam
2442 3656 2667 3736 fuisse
2703 3657 3211 3737 introductam
3244 3685 3421 3737 con-

643 3778 1127 3859 svetudinem.
1185 3781 1730 3874 (Plutarch.
1779 3793 2151 3885 quaest.
2188 3808 2410 3861 rom.
2450 3785 2567 3876 5.)

855 3906 1278 4007 Hesychius
1333 3904 1513 3983 dicit
1567 3911 1663 4002 (s.
1705 3936 1773 3985 v.
1831 3902 2430 4004 δευτερὸποτμος
2479 3918 2554 3985 et
2590 3896 3197 4005 ὖστερόποτμος)
3256 3912 3420 3988 red-

643 4032 990 4110 euntibus
1025 4031 1156 4128 iis,
1195 4033 1465 4133 quibus
1503 4046 1883 4134 tamquam
1922 4036 2268 4131 mortuis,
2314 4037 2525 4136 justa
2562 4033 2826 4113 funera
2863 4034 3063 4113 facta
3098 4036 3418 4129 fuerant,

643 4185 798 4237 non
845 4158 1137 4235 licuisse
1197 4159 1556 4241 sacellum
1603 4160 2101 4237 Eumenidum
2154 4161 2383 4239 adire.
2460 4160 2757 4260 Eosque
2798 4162 3113 4239 reduces
3148 4184 3287 4263 per
3324 4163 3418 4238 si-

641 4308 821 4360 num
877 4283 1092 4363 laxae
1147 4286 1383 4363 stolae
1441 4286 1708 4363 mulier
1745 4287 2221 4381 demittebat,
2280 4299 2655 4387 tamquam
2690 4286 2943 4363 denuo
2982 4286 3274 4365 renasci
3308 4288 3413 4362 vi·

639 4407 1010 4487 derentur.

1797 4514 1955 4599 Ad
1998 4516 2265 4601 1451.

855 4660 968 4738 Ex
1027 4662 1168 4740 hac
1223 4664 1392 4763 lege
1449 4663 1746 4741 videtur
1805 4664 2293 4767 repetendum
2356 4692 2516 4743 esse
2568 4666 2855 4741 initium
2898 4666 3413 4745 vindicationis

642 4787 924 4881 (hodie
981 4790 1088 4865 sic
1143 4787 1385 4865 dictae
1443 4789 2369 4891 expropriationis)
2438 4816 2477 4865 e
2532 4791 2641 4867 rei
2696 4790 3044 4893 publicae
3102 4794 3409 4873 utilitate

641 4912 898 4991 factae.

1781 5017 1937 5103 Ad
1987 5020 2175 5102 14⁵
2184 5022 2275 5104 2.

852 5180 1118 5261 Suidas
1167 5211 1224 5261 s.
1263 5211 1332 5261 v.
1373 5182 1682 5283 καρποῦ
1723 5183 1905 5276 δίκη
1928 5216 1953 5259 .·
2013 5187 2108 5261 Οἱ
2146 5186 2281 5289 γῆς
2318 5182 2998 5286 ἀμφισβητοῦντες
3036 5184 3136 5275 ὥς
3173 5212 3403 5289 προσ-
