3725 5850
671 424 829 503 ’380
1750 450 1876 501 ms
1909 448 2348 503 rvaTuM.

1944 638 2169 717 1475.

884 772 1346 848 Nocturnum
1382 780 1815 845 venatorem
1863 770 2173 845 canibus
2213 778 2288 845 et
2321 768 2606 869 laqueis
2647 769 3002 847 fidentem
3039 792 3254 847 nemo
3285 799 3412 849 un·

668 904 891 979 quam
926 879 1187 955 venari
1222 904 1539 979 usquam
1576 879 1809 973 sinat3
1867 902 2231 981 aucupem
2289 888 2537 954 autem
2593 879 2670 953 in
2718 878 3016 955 incultis
3055 890 3130 954 et
3159 882 3414 955 monti-

668 1006 809 1083 bus
844 1029 939 1081 ne
978 1004 1139 1105 quis
1176 1004 1615 1105 prohibet0‚
1672 1004 1751 1079 in
1810 1003 2024 1081 cultis
2085 1028 2263 1079 vero
2323 1014 2398 1079 et
2453 1004 2680 1081 sacris
2735 1006 2966 1083 vastis
3013 1006 3416 1105 quicunque

668 1130 931 1209 obvius
970 1131 1091 1223 fit,
1152 1138 1445 1225 arcet03
1509 1128 1946 1229 aquatilium
1981 1139 2231 1205 autem
2268 1139 2742 1227 venatorem,
2801 1130 2943 1207 nisi
2983 1130 3060 1205 in
3099 1130 3416 1231 portibus

668 1268 743 1333 et
776 1256 1003 1333 sacris
1040 1254 1470 1333 fluminibus
1510 1266 1584 1331 et
1620 1255 1904 1353 stagnis
1943 1253 2536 1357 paludibusque3
2591 1257 2669 1331 in
2708 1257 3014 1357 reliquis
3051 1256 3264 1335 liceat
3295 1282 3412 1333 ve·

664 1382 865 1477 nari,
924 1381 1422 1457 abstinentem
1460 1389 1709 1456 tamen
1748 1405 2138 1457 succorum
2175 1380 2637 1459 turbantium
2674 1408 2832 1459 usu.

1624 1860 2276 2012 Κεφάλαιον
2347 1860 2472 1971 1'.

1184 2065 1599 2208 Περὶ
1745 2064 2892 2205 συμβολαίων.

1784 2418 2106 2561 Caput
2153 2418 2268 2533 X.

1358 2648 1365 2655 ·
1452 2614 1617 2731 De
1710 2618 2632 2733 contractibus,

1935 2874 2160 2952 1476.

872 2995 1119 3095 Κύρια
1158 2994 1352 3072 εἶναι
1393 2993 1439 3072 ὅ
1476 3028 1545 3071 τι
1586 2992 1689 3074 ἂν
1724 3005 1971 3098 ἕτερος
2011 3003 2232 3098 ἑτέρῳ
2273 2991 2732 3102 ὁμολογήσῃ.

2031 3129 2455 3223 (Demosth.
2496 3127 2574 3205 in
2613 3129 2889 3226 Everg.
2918 3127 3205 3224 1162.)

1921 3289 2146 3366 1476.

866 3409 1059 3487 Rata
1096 3421 1355 3506 sunto,
1410 3438 1896 3514 quaecunque
1937 3414 2126 3492 alius
2165 3441 2336 3494 cum
2373 3416 2520 3493 alio
2559 3416 2954 3518 pepigerit.

1915 3575 2142 3650 1477.

866 3698 1155 3792 Κυρίας
1192 3691 1387 3769 εἶναι
1428 3693 1558 3781 τοὶς
1599 3696 1781 3796 πρός
1820 3694 2194 3792 ἀλλήλους
2232 3691 2696 3804 ὁμολογίας,
2757 3693 2843 3790 ἃς
2899 3696 3001 3799 ἂν
3056 3707 3396 3778 ἐναντίον

606 3925 616 3932 .
652 3817 1061 3920 ααρτύρων
1099 3818 1576 3912 ποιῆσωνται.
1854 3829 2280 3922 (Demosth.
2319 3828 2486 3906 adv,
2529 3829 2886 3933 Phaenip.
2932 3823 3200 3925 1042.)

1916 3987 2142 4066 1477.

863 4107 1100 4186 Ratae
1136 4123 1359 4190 sunto
1397 4115 1783 4213 pactiones
1818 4116 2132 4194 testibus
2170 4119 2689 4218 praesentibus
2725 4120 2988 4196 factae.

1926 4279 2152 4356 1478.

873 4390 985 4468 Τά
1028 4395 1461 4496 συμβόλαια
1501 4397 1591 4474 τὰ
1632 4397 1818 4501 πρὸς
1854 4399 2038 4490 τούς
2075 4406 2198 4480 ἐπὶ
2237 4415 2402 4492 ταῖς
2439 4409 2834 4504 τραπέζαις
2871 4399 3063 4482 ἄνευ
3112 4403 3388 4508 μαρτύ-

652 4545 811 4618 ρων
847 4523 1209 4623 γίγνεται.
2187 4535 2527 4628 (Isocrat.
2568 4534 2937 4636 Trapezit.
2979 4529 3045 4636 ξ.
3085 4537 3200 4630 2.)

1925 4656 2150 4736 1478.

866 4773 1244 4877 Quidquid
1282 4804 1452 4854 cum
1486 4783 1876 4858 mensariis
1914 4784 2198 4882 agitur,
2259 4787 2344 4860 fit
2379 4786 2538 4861 sine
2575 4787 2912 4867 testibus.

1927 4945 2147 5022 1479.

863 5056 1207 5134 Εἰώθασι
1248 5059 1322 5136 δὲ
1364 5060 1634 5152 πάντες
1674 5067 1744 5140 οἱ
1784 5074 2261 5165 τραπεζῖται,
2322 5066 2515 5147 ὅταν
2569 5103 2679 5161 τις
2736 5071 3114 5181 ἀργύριον
3175 5081 3388 5160 τιθεὶς

652 5177 945 5274 ἰδιώτης
982 5181 1421 5263 ἀποδοῦναι’
1476 5221 1584 5292 τῳ
1638 5189 2108 5294 προστάττῃ,
2168 5197 2469 5298 πρῶτον
2525 5200 2664 5276 τοῦ
2731 5209 3001 5290 θέντος
3057 5197 3384 5303 τοῦνομα
