3725 5850
1047 500 1660 552 commem-Anius
1698 498 1804 549 An
1846 496 1969 551 551.
2012 498 2134 553 553.
2176 500 2300 553 555.
2906 478 3063 553 485

496 688 1088 765 Lacedaemonio
1129 702 1378 766 autem
1419 714 1510 765 ne
1551 690 1872 791 spoliare
1930 691 2229 790 quidem
2280 693 2611 769 occisum
2648 692 2931 771 hostem
2974 694 3059 769 li-

277 814 515 888 cebat.
577 814 1000 905 (Aelian.
1044 814 1250 890 Var.
1296 815 1510 891 hist.
1556 816 1685 909 VI,
1731 816 1800 907 6,
1847 818 1958 907 5.)

494 939 882 1041 Lycurgus
921 942 1304 1043 praecepit
1342 939 1987 1035 Lacedaemoniis,
2046 953 2127 1015 ut
2183 942 2245 1015 si
2286 941 2571 1041 proelio
2615 941 2907 1017 hostem
2945 943 3054 1017 fu-

275 1062 558 1140 dissent
596 1092 684 1140 ae
729 1068 1118 1162 vicissent,
1159 1068 1526 1168 tantisper
1563 1067 1781 1143 modo
1821 1069 2397 1167 insequerentur
2434 1069 2839 1167 fugientes,
2878 1068 3055 1144 dum

271 1188 661 1265 victoriam
700 1192 1303 1279 constabilirent,
1367 1191 1637 1269 deinde
1693 1193 1946 1269 statim
1994 1220 2073 1269 se
2115 1192 2575 1295 reciperent:
2638 1222 2788 1270 non
2828 1193 3051 1269 modo

269 1314 444 1413 quia
481 1300 1020 1392 Graecanicum
1061 1342 1209 1391 non
1251 1328 1442 1393 esset
1480 1316 1829 1394 cedentes
1867 1319 2308 1414 interficere,
2344 1318 2475 1395 sed
2514 1332 2589 1394 et
2626 1316 2822 1395 utilis
2861 1319 3048 1395 haec

265 1440 498 1515 ratio:
557 1440 808 1517 hostes
865 1443 1066 1519 enim
1121 1443 1181 1517 si
1243 1443 1518 1519 scirent
1574 1442 2009 1519 cedentibus
2068 1444 2317 1543 parci,
2376 1454 2884 1545 repugnantes
2924 1468 3047 1519 oc-

266 1564 412 1639 cidi
446 1624 464 1659 ,
545 1566 804 1665 fugam
874 1593 1135 1668 pugna
1208 1568 1582 1643 utiliorem
1657 1568 1798 1642 sibi
1876 1568 2377 1645 arbitraturos.
2476 1568 3040 1663 (Plutarch.

267 1686 984 1793 Apophthegm.
1026 1693 1374 1771 Lacon.
1413 1692 1734 1795 Lycurg.
1776 1692 1899 1768 30.
1939 1720 2011 1795 p.
2054 1693 2279 1788 229.)
2400 1671 2415 1687 ”

1441 1901 1595 1985 Ad
1651 1904 1865 1986 551.

478 2066 852 2171 Tempore
891 2068 1280 2151 Aeschinis
1305 2071 1470 2173 jam
1507 2070 1842 2149 obsoleta
1878 2072 2021 2149 lex.

1440 2281 1594 2365 Ad
1633 2282 1865 2367 553.

481 2442 694 2547 Apud
725 2448 1356 2526 Lacedaemonios
1396 2451 1520 2551 qui
1559 2462 1854 2526 strenue
1899 2460 2360 2551 pugnassent
2398 2460 2470 2525 et
2510 2446 3035 2525 occubuissent

248 2572 458 2648 oliva
497 2586 570 2649 et
607 2574 768 2649 aliis
805 2578 1024 2651 ramis
1063 2576 1382 2651 redimiti
1405 2634 1422 2668 ,
1480 2576 1823 2651 laudibus
1866 2574 2344 2652 ferebantur:
2405 2574 2530 2674 qui
2574 2600 2752 2649 vero
2792 2571 3025 2650 omni-

247 2696 394 2773 bus
433 2699 756 2773 numeris
811 2700 1234 2777 absolutam
1291 2701 1642 2776 virtutem
1698 2701 2283 2801 praestitissent,
2340 2700 2391 2774 ii
2432 2700 2701 2791 etiam,
2756 2698 3034 2798 injecta

239 2822 398 2897 illis
436 2835 642 2900 veste
681 2824 1035 2926 punicea,
1091 2827 1413 2926 gloriose
1455 2826 2031 2926 sepeliebantur.
2090 2823 2197 2919 (A
2217 2824 2501 2902 elian.
2546 2822 2760 2899 Var.
2810 2822 3030 2897 his't.

247 2948 386 3040 VI,
431 2948 498 3038 6,
540 2949 652 3041 6.)

467 3073 737 3150 Rhodii
795 3075 1325 3170 decreverunt,
1386 3103 1501 3169 se,
1562 3077 1684 3176 qui
1722 3075 1799 3149 in
1837 3075 2037 3150 bello
2074 3075 2582 3175 oppetissent‚
2640 3073 3029 3175 sepultura

246 3199 548 3300 publica
585 3199 1106 3276 honestaturos
1130 3257 1146 3290 ,
1209 3213 1700 3301 parentesque
1752 3225 1838 3274 ac
1876 3199 2153 3275 liberos
2190 3199 2451 3275 aerarii
2492 3199 2851 3301 impensis
2890 3197 3023 3274 ali·

244 3336 495 3417 turos‚
555 3338 630 3400 et
683 3325 1096 3422 virginibus
1153 3325 1402 3400 dotem
1458 3336 1897 3422 erogaturos
1954 3350 1993 3398 e
2049 3323 2393 3424 publico,
2477 3323 2815 3423 filiosque
2858 3325 3024 3424 jam

243 3447 534 3524 adultos
589 3449 1182 3527 Bacchanalibus
1235 3451 1314 3526 in
1371 3451 1662 3527 theatro
1717 3451 2017 3549 integra
2080 3461 2455 3527 armatura
2510 3461 3020 3526 coronaturos.

243 3573 402 3666 (Di
428 3575 678 3653 odor.
721 3575 890 3672 XX,
933 3576 1057 3670 84,
1101 3577 1214 3669 3.)

1419 3679 1570 3762 Ad
1610 3680 1844 3762 555.

465 3844 1026 3918 Πεντακοσίων
1062 3845 1296 3940 adjeci
1339 3871 1376 3921 e
1419 3846 1762 3936 Polluce,
1822 3845 1947 3945 qui
1989 3845 2239 3939 (VIII,
2286 3845 2483 3940 123)
2522 3846 2708 3921 haec
2745 3843 3014 3918 habet:

227 3957 346 4037 ‘H
383 3956 642 4055 ἡλιαία
683 3963 764 4042 δὲ
800 3971 1369 4042 πεντακοσίων·
1410 3971 1482 4041 εἰ
1515 3967 1592 4042 δὲ
1621 3972 1910 4062 χιλίων
1950 3963 2105 4041 δέοι
2148 3951 2559 4066 δικαστῶν,
2601 3968 3015 4042 συνίστατο

240 4086 384 4164 δύο
426 4087 910 4190 δικαστήρια·
967 4095 1040 4167 εἰ
1075 4090 1152 4168 δὲ
1195 4098 1740 4168 πεντακοσίων
1763 4099 1903 4166 καὶ
1930 4095 2261 4187 χιλίων,
2322 4094 2517 4189 τρία.
2800 4109 2803 4114 ’

458 4217 702 4296 Schol.
741 4222 820 4295 in
857 4222 1240 4298 Demosth.
1281 4223 1677 4298 Timocrat.
1721 4223 1897 4315 702,
1941 4222 2073 4296 24:
2104 4214 2247 4294 Ἐν
2284 4228 2443 4304 τοῖς
2471 4214 2836 4322 μεγάλοις
2872 4223 3010 4290 καὶ

238 4340 882 4439 ἐσπουδασμένοις
939 4343 1321 4448 πράγμασι
1378 4342 1855 4444 συνήρχοντο
1898 4351 1988 4420 ἐκ
2028 4341 2171 4419 δύο
2211 4341 2763 4440 δικαστηρίων,
2822 4350 3011 4434 πλη-

238 4467 553 4564 ροῦντες
592 4465 936 4568 ἀριθμὸν
963 4476 1252 4567 χιλίων
1287 4477 1422 4546 καὶ
1465 4468 1652 4558 ἑνός.
1717 4467 1858 4546 Δια
1898 4467 2136 4545 τοῦτο
2176 4465 2251 4544 δὲ
2295 4459 2337 4545 o‘
2378 4465 2482 4556 εἷς
2512 4473 3010 4568 apost-‘swero

239 4591 358 4668 ἀεὶ
396 4604 556 4680 τοῖς
604 4592 1039 4684 δικασταῖς,
1097 4599 1230 4670 ἵνα
1282 4593 1392 4694 μὴ
1455 4596 1642 4670 ἴσων
1699 4601 2135 4698 γενομένων
2188 4593 2345 4670 τῶν
2398 4592 2692 4695 ψήφων
2729 4601 2809 4685 ἐξ
2850 4594 3007 4685 ἴσης

240 4715 692 4794 ἀπέλθωσιν
729 4720 802 4793 οἶ
861 4717 1402 4819 δικαζόμενοι,
1463 4716 1628 4794 ἀλλ’
1668 4725 1963 4805 ἐκεῖνος
2012 4716 2195 4816 δόξῃ
2237 4719 2513 4820 νικᾷν,
2575 4709 2637 4820 ᾧ
2677 4715 2779 4795 ἂν
2818 4711 2860 4796 o‘
2904 4715 3007 4804 «εἷς

240 4841 640 4940 προςτεθῇ.
717 4849 846 4940 (In
901 4850 1156 4947 magni
1207 4851 1560 4926 momenti
1601 4849 1920 4947 negotiis
1960 4849 2457 4924 conveniebat
2496 4878 2535 4926 e
2574 4850 2860 4925 duobus
2883 4847 3003 4964 'di-

237 4974 568 5050 casteriis
626 4973 821 5048 mille
879 4985 952 5048 et
1001 5001 1211 5051 unus.
1283 4977 1466 5054 Ideo
1523 4987 1770 5052 autem
1828 4974 2239 5050 addebatur
2294 5001 2588 5076 semper
2626 4971 3003 5075 judicibus

239 5125 472 5191 unus,
533 5097 625 5171 ne
676 5096 966 5196 aequali
1023 5099 1464 5204 calculorum
1519 5128 1825 5176 numero
1866 5101 2243 5198 litigantes
2284 5101 2573 5200 aequali
2612 5098 2831 5173 modo
2872 5095 2999 5171 ab·

239 5224 450 5317 irent,
492 5222 620 5300 sed
659 5225 782 5298 ille
822 5223 1196 5300 videretur
1233 5225 1554 5322 vincere,
1595 5227 1710 5303 cui
1748 5225 1870 5304 ille
1890 5253 2083 5302 unus
2104 5249 2319 5302 suum
2356 5224 2641 5301 dederit
2680 5225 3001 5318 votum.)
