3725 5850
611 467 772 551 404
1443 578 1454 588 υ
1697 495 1820 550 ms
1856 493 2299 550 parvarum.

607 687 810 776 ι’,οιις
863 683 1005 763 ἐὰν
1059 684 1519 786 προςτιμήση
1577 679 1619 778 ἦ
1681 679 1984 776 ἡλιαία,
2048 683 2615 785 προστιμᾶσθαι
2674 683 2755 763 δὲ
2810 682 2953 762 τὸν
2986 677 3377 784 βουλόμε-

603 842 790 905 νον,
851 807 1048 892 ὅταν
1083 819 1250 912 περι
1287 811 1429 889 τοῦ
1470 809 1887 912 τιμήματος
1926 805 1999 910 ᾗ.

1139 943 1340 1037 (Lex
1378 941 1674 1020 Solonis
1713 940 1912 1042 apud
1946 942 2335 1023 Demosth.
2378 941 2458 1017 in
2496 857 2901 1020 Timocrat.
2943 939 3167 1035 733.)

1888 1101 2116 1177 1575.

815 1245 1196 1350 Quidquid
1252 1247 1522 1350 aliquis
1574 1247 1774 1325 furto
1831 1247 2203 1342 amiserit,
2263 1247 2324 1322 si
2382 1247 2626 1348 ipsum
2670 1246 2749 1324 id
2788 1246 3196 1348 receperit,
3257 1247 3377 1324 fur

601 1374 806 1478 dupli
846 1374 1276 1470 damnetur,
1337 1375 1454 1451 sin
1493 1376 1777 1469 minus,
1838 1374 2049 1475 dupli
2086 1383 2387 1475 praeter
2422 1397 2747 1473 poenam
2794 1371 3149 1450 additam.
3226 1371 3369 1448 Pe-

599 1500 730 1579 des
769 1510 1017 1579 autem
1071 1501 1535 1604 stringantur
1588 1499 1951 1602 compede
2006 1499 2331 1602 quinque
2380 1493 2539 1576 d-ies
2578 1496 3031 1600 totidemque
3070 1510 3332 1578 noctes
3360 1557 3379 1594 ,

599 1627 660 1702 si
698 1625 1011 1702 Heliaea
1045 1624 1120 1701 id
1157 1626 1468 1727 insuper
1501 1625 1881 1724 irrogavit.
1961 1623 2409 1722 Augendam
2464 1636 2713 1702 autem
2759 1633 3373 1727 poenampostu-

596 1750 750 1828 lare
795 1749 1015 1828 liceat
1052 1751 1489 1852 unicuique,
1546 1752 1608 1827 si
1646 1749 1736 1829 de
1775 1750 2292 1831 aestimatione
2330 1749 2596 1850 agitur.

797 1998 998 2121 ιἘάν
1029 2063 1142 2125 τις
1175 2043 1256 2128 ἐξ
1295 2037 1554 2124 οἰκίας
1591 2040 1887 2136 κλέψῃ,
1874 1911 2410 2113 15ιῖἶιῗλοῦν
2324 2033 2453 2127 τῆς
2488 2028 2709 2131 ἀξίας
2742 2033 2893 2114 τοῦ
2924 2037 3365 2136 κλέμματος

595 2156 967 2239 ἀποτίνει.
1582 2163 2001 2260 (Aristotel.
2039 2162 2401 2270 problem.
2444 2175 2620 2241 sect.
2660 2163 2945 2261 XXIX,
2991 2164 3155 2257 14.)

1876 2326 2105 2404 1576.

809 2455 889 2533 Si
926 2457 1092 2558 quis
1131 2481 1172 2532 e
1212 2456 1434 2532 domo
1473 2453 1770 2557 privata
1807 2453 2100 2533 furatus
2147 2451 2417 2547 fuerit,
2474 2452 2655 2530 furti
2692 2452 3017 2555 pretium
3055 2451 3371 2554 duplum

593 2583 952 2684 rependit.

1878 2685 2104 2763 1577.

810 2833 904 2907 Οἱ
957 2828 1050 2906 τά
1120 2827 1277 2906 τῶν
1352 2825 1681 2904 ἰδιωτῶν
1740 2824 2239 2928 ἀπολλύμενα
2303 2835 2465 2915 τοῖς
2516 2831 2876 2914 κλέπταις
2932 2824 3369 2914 συνειδότες

591 2967 755 3045 τοῖς
789 2954 1058 3043 αὐτοῖς
1094 2962 1512 3051 ἐνέχονται.
1982 2957 2289 3063 (Lysias
2327 2984 2388 3035 e.
2430 2956 2827 3035 Philocrat.
2868 2953 2937 3061 ξ.
2986 2958 3149 3051 11.)

844 3105 853 3124 “
1875 3118 2102 3195 157⁷.

805 3249 951 3345 Qui
987 3248 1271 3326 furibus
1307 3230 1583 3325 conscii
1621 3258 1794 3323 sunt
1833 3248 1939 3323 rei
1978 3268 2023 3322 a
2058 3244 2370 3348 privatis
2408 3244 2831 3324 hominibus
2870 3247 3199 3345 ablatae,
3238 3272 3363 3323 eo-

591 3377 764 3458 dem
801 3388 1007 3453 reatu
1043 3387 1464 3456 teneantur.

1861 3480 2087 3557 1578..

789 3600 1169 3705 ςΟμοίως,
1230 3600 1433 3693 ὅστις
1487 3601 1794 3684 ἀντέλλει
1843 3604 1938 3702 τῇ
2001 3600 2211 3705 θύρᾳ
2264 3602 2411 3683 τοῦ
2469 3610 2807 3685 κλέπτου
2842 3604 3078 3685 ε’νδὸν
3114 3599 3365 3700 ὄντος.

1811 3732 2114 3835 (Lysias
2150 3758 2211 3811 o.
2251 3733 2731 3811 Theomnest.
2770 3736 2825 3813 1.
2866 3730 2935 3838 ξ.
2981 3735 3147 3831 17.)

1867 3896 2098 3974 1578.

801 4018 1038 4101 Simili
1095 4020 1361 4119 modo,
1419 4024 1545 4125 qui
1596 4022 1983 4100 secluserit
2019 4048 2064 4099 a
2102 4034 2319 4125 porta
2374 4023 2798 4117 (dominum
2836 4023 2957 4101 vel
2996 4027 3223 4104 alium
3262 4025 3363 4105 ad

584 4150 784 4230 fures
821 4150 1372 4254 propulsandos
1408 4152 1961 4243 accurrentem)
1998 4177 2231 4252 quum
2266 4151 2387 4228 fur
2418 4152 2624 4229 intus
2661 4152 2777 4229 sit.

1870 4315 1910 4388 1
1925 4314 2098 4389 579.

808 4454 1011 4545 Τοὺς
1048 4453 1424 4545 εἰσιόντας
1461 4458 1570 4545 εἰς
1608 4458 1883 4535 οἰκίαν
1918 4454 2129 4545 τινὸς
2165 4462 2289 4535 ἐπὶ
2345 4452 2454 4558 τῷ
2511 4452 2909 4558 ἐρευνῆσαι
2930 4512 2955 4548 ,
3011 4452 3365 4562 γυμνοῦς

585 4588 942 4675 εἰσιέναι,
1001 4586 1132 4659 ἵνα
1159 4579 1268 4683 μή
1307 4612 1379 4657 τι
1419 4574 1575 4659 ὑπὸ
1613 4579 1709 4658 τοὶ
1749 4580 2012 4683 ἱμάτια
2059 4581 2501 4687 κρύψαντες
2555 4578 2948 4673 λάθωσιν,
3004 4576 3052 4674 ἢ
3084 4585 3216 4658 ἵνα
3242 4578 3358 4683 μὴ

584 4703 745 4787 ὑπὸ
785 4710 1076 4808 ἔχθρας
1112 4706 1464 4787 λάθωσιν
1499 4702 2030 4811 ὑποβαλόντες
2066 4706 2156 4786 τὸ
2196 4706 2672 4808 ζητούμενον
2724 4715 2865 4785 καὶ
2924 4712 3190 4808 ζημίας
3226 4708 3364 4785 αἴ-

581 4864 735 4915 τιοι
774 4832 1026 4936 τούτῳ
1063 4840 1455 4940 γένωνται.
1689 4834 1979 4935 (Sehol.
2018 4840 2115 4918 ad
2153 4838 2634 4942 Aristophan.
2674 4835 2747 4917 Ν
2750 4836 2873 4915 ub.
2914 4838 3139 4932 499.)

1861 5000 2090 5077 1579.

799 5118 943 5222 Qui
979 5120 1058 5203 in
1093 5119 1402 5204 domum
1455 5122 1768 5228 alicujus
1823 5124 2100 5205 iverint
2136 5123 2230 5205 ad
2269 5149 2427 5205 rem
2482 5120 2687 5204 furto
2743 5124 3072 5206 ablatam
3124 5148 3359 5231 quae-

579 5252 926 5349 rendam,
981 5252 1167 5331 nudi
1223 5254 1541 5351 intrent,
1599 5276 1694 5330 ne
1754 5252 1932 5353 quid
1990 5252 2273 5331 occulte
2312 5252 2450 5331 sub
2488 5252 2823 5332 vestibus
2862 5252 3357 5351 abscondant,
