3725 5850
616 441 774 517 450
1543 458 2166 512 commun-'ramus
2206 458 2310 508 An
2348 455 2473 510 215.

619 657 961 756 trajicere
999 654 1417 746 videretur,
1479 677 1692 751 reges
1751 649 2033 752 aliquid
2072 649 2469 728 adversum
2508 650 2688 728 deos
2728 677 3077 752 peccasse
3106 652 3398 753 judica·

614 785 798 858 bant
835 806 1299 882 regnumque
1336 781 1423 854 iis
1460 779 1952 878 abrogabant,
1995 776 2362 877 tantisper
2400 773 2576 853 dum
2615 777 2934 880 Delphis
2972 790 3101 854 aut
3138 777 3401 880 Olym-

611 904 740 1007 pia
781 907 1164 983 oraculum
1203 905 1508 980 allatum
1551 914 1779 998 esset,
1841 900 2040 1000 quod
2098 899 2467 978 damnatis
2526 902 2830 1002 regibus
2890 902 3398 1006 opitularetur.

614 1031 1149 1125 (Plutarch.
1210 1029 1467 1130 Agis.
1530 1028 1696 1122 11.)

825 1177 1141 1280 Ephoris
1179 1184 1510 1278 potestas
1550 1185 1660 1249 est
1697 1173 2146 1268 mulctandi,
2210 1199 2433 1273 quem
2470 1175 2740 1266 velint,
2806 1185 2881 1251 et
2918 1175 3165 1252 subito
3202 1177 3391 1254 mul-

611 1313 808 1379 ctam
845 1301 1234 1402 exigendi,
1293 1312 1516 1402 atque
1575 1301 1798 1376 etiam
1855 1300 2369 1396 niagistratUS,
2431 1299 2609 1376 dum
2664 1301 2910 1377 adhuc
2947 1327 3114 1377 cum
3150 1303 3388 1406 impe-

611 1428 720 1505 rio
755 1440 967 1525 sunt,
1026 1427 1150 1504 vel
1185 1427 1349 1503 loco
1389 1425 1776 1521 movendi,
1837 1425 1959 1502 vel
2017 1425 2438 1502 carceribus
2490 1428 3091 1526 constringendi,
3151 1428 3270 1503 vel
3304 1430 3389 1506 in

596 1553 966 1652 judicium
1022 1553 1110 1630 de
1170 1552 1325 1628 vita
1382 1551 1726 1628 vocandi.
1798 1549 2415 1651 (Xenophon.
2476 1552 3043 1630 Lacedaem.
3100 1553 3383 1656 Resp.

611 1679 822 1773 VIII,
866 1680 983 1774 4.)

823 1804 1046 1906 Apud
1087 1803 1482 1881 Cretenses
1510 1827 1877 1879 summam
1916 1811 2363 1904 potestatem
2403 1803 2845 1880 obtinebant
2870 1803 3126 1882 decem
3163 1801 3225 1879 C
3248 1833 3291 1880 o
3312 1831 3385 1880 s-

610 1931 768 2026 mi,
811 1931 935 2029 qui
977 1931 1197 2006 etiam
1233 1931 1308 2006 in
1345 1929 1546 2006 bello
1584 1929 1977 2028 imperium
2016 1928 2341 2008 obibant.
2418 1929 2490 2004 N
2494 1954 2591 2003 on
2630 1928 3099 2024 eligebantur
3136 1941 3388 2006 autem

609 2082 701 2134 ex
739 2057 1119 2152 omnibus,
1173 2056 1367 2132 sicut
1423 2054 1708 2158 Ephori
1767 2053 2368 2152 Lacedaemone,
2424 2053 2555 2129 sed
2596 2079 2635 2129 e
2676 2053 3123 2155 quibusdam
3158 2080 3383 2154 gene-

607 2181 832 2270 ribus.
909 2181 1475 2278 (Aristotel.
1516 2179 2378 2276 Polit.11‚7,3--5.)

819 2306 979 2384 Nec
1017 2306 1299 2408 Ephori
1335 2307 1538 2408 apud
1575 2305 2241 2396 LacedaemoniOS,
2282 2331 2421 2382 nec
2460 2304 2711 2382 Cosmi
2751 2308 2952 2409 apud
2992 2305 3390 2384 Cretenses

605 2433 1052 2510 tenebantur
1111 2411 1488 2510 rationum
1541 2432 2105 2509 referendarum
2148 2431 2487 2531 judici03
2545 2445 2619 2508 et
2675 2459 2808 2533 per
2863 2445 3097 2510 totam
3152 2433 3387 2508 vitam

603 2559 972 2658 gerebant
1008 2560 1562 2658 magistratum3
1611 2559 1928 2657 denique
1966 2583 2117 2634 non
2158 2585 2197 2632 e
2237 2559 2696 2661 praescripto
2728 2559 2915 2656 juris
2952 2559 3208 2660 scripti
3248 2560 3385 2635 im-

603 2685 1014 2785 perabant,
1073 2686 1203 2761 sed
1254 2711 1389 2761 suo
1425 2685 1827 2780 arbitratu,
1889 2682 2089 2783 quod
2147 2681 2651 2783 periculosum
2709 2693 2841 2761 est.
2920 2683 3378 2780 (Aristot.

604 2809 890 2886 Polit.
930 2812 1028 2905 II,
1071 2811 1140 2906 7,
1183 2812 1292 2902 6.)

817 2934 984 3013 Cic
1007 2964 1045 3013 e
1071 2963 1172 3013 ro
1212 2936 1343 3031 (de
1383 2934 1700 3037 Republ.
1740 2936 1836 3033 II,
1880 2936 2023 3029 33)
2062 2937 2444 3038 componit
2466 2936 2807 3039 Ephoros
2844 2963 3015 3015 cum
3052 2938 3380 3015 tribunis

602 3060 842 3163 plebis
904 3060 1412 3139 Romanorum
1436 3120 1453 3155 ,
1517 3060 1692 3137 dum
1748 3060 1965 3137 dicit:
2046 3062 2291 3159 „Nam
2351 3063 2576 3138 etiam
2632 3062 2948 3165 Spartae
3010 3074 3380 3163 regnante

602 3185 1097 3289 Theopompo
1159 3199 1335 3264 sunt
1389 3188 1567 3262 item
1624 3187 1991 3286 quinque,
2048 3212 2232 3286 quos
2268 3186 2374 3262 illi
2412 3186 2755 3289 Ephoros
2793 3188 3216 3290 appellant,
3275 3201 3381 3263 ut

603 3324 957 3389 contra
1011 3312 1546 3413 consulare
1602 3312 2117 3413 imperium
2172 3312 2562 3388 tribuni
2637 3314 3010 3415 plebis,
3085 3316 3191 3390 sic
3268 3313 3376 3389 illi

600 3449 858 3514 contra
895 3439 1042 3513 vim
1081 3438 1361 3539 regiam
1399 3434 1850 3514 constituti.“

813 3544 1262 3639 Universam
1321 3562 1412 3639 de
1469 3562 1790 3665 Ephoris
1847 3560 2265 3640 doctrinam
2318 3564 2619 3642 uberius
2675 3566 3024 3643 tractavit
3078 3564 3135 3641 J
3157 3591 3375 3643 oan-

598 3714 767 3765 nes
825 3688 1621 3791 Christophorus
1679 3690 2106 3790 Spakler
2160 3692 2238 3767 in
2309 3692 2833 3793 Disputatione
2898 3692 3225 3768 literaria
3278 3690 3375 3767 de

599 3812 920 3917 Ephoris
961 3816 1161 3917 apud
1199 3814 1813 3893 Lacedemonios.
1872 3814 2497 3912 (Amstelaedami
2542 3818 2811 3909 1842.)

814 3958 1040 4062 Apud
1091 3959 1398 4037 Cnidios
1455 3986 1546 4037 ex
1604 3962 2085 4062 optimatibus
2146 3962 2285 4037 viri
2347 3962 2739 4063 sexaginta
2794 3962 3062 4041 delecti
3120 3976 3371 4059 erant,

599 4087 863 4190 quibus
901 4115 1037 4189 per
1077 4114 1373 4163 omnem
1409 4088 1639 4162 vitam
1678 4097 2035 4189 tanquam
2074 4087 2616 4189 inspectoribus
2655 4088 3091 4185 utebantur,
3134 4102 3207 4166 et
3246 4116 3371 4165 eo-

595 4240 759 4288 rum
815 4212 1113 4288 summis
1170 4213 1246 4287 in
1303 4212 1625 4312 negotiis
1686 4214 2207 4289 auctoritatem
2265 4215 2786 4313 sequebantur.
2882 4214 3375 4291 Vocabantur

597 4350 844 4414 autem
883 4331 1356 4435 ἀμνήμονες,
1406 4340 1482 4415 id
1523 4351 1634 4417 est
1671 4343 2117 4419 Immemo
2141 4368 2336 4440 reS,
2396 4342 2596 4442 quod
2636 4343 2999 4419 factorum
3037 4342 3371 4420 rationes

595 4465 692 4540 ab
748 4464 836 4540 iis
887 4490 1043 4563 ‚non
1103 4465 1635 4566 exigebantur,
1695 4475 1824 4543 aut
1884 4468 2081 4566 quod
2140 4466 2544 4569 plurimum
2598 4469 2933 4545 valerent
2986 4468 3368 4548 memoria.

597 4586 1137 4682 (Plutarch.
1180 4601 1459 4693 quaest.
1498 4616 1608 4690 gr.
1651 4591 1764 4685 4.)

807 4712 1163 4793 Chalcide
1199 4715 1685 4818 Hippobotae
1735 4718 2273 4819 rempublicam
2331 4730 2778 4817 tenuerunt,
2835 4721 2958 4818 qui
2999 4746 3369 4798 summam

591 4869 837 4921 rerum
895 4844 1333 4945 optimatum
1389 4843 1704 4945 imperio
1758 4845 2163 4944 gerebant,
2225 4870 2452 4922 censu
2510 4846 2705 4923 lecti.
2784 4844 3207 4941 (Strabo.
3266 4848 3365 4923 X.

590 4994 746 5069 cap.
793 4971 858 5043 1.
899 4964 968 5067 ξ.
1007 4970 1077 5043 8.
1118 4997 1191 5069 p.
1235 4966 1458 5059 447.)

801 5093 1280 5193 Hippobotae
1317 5105 1564 5170 autem
1604 5094 1722 5187 (id
1757 5107 1891 5188 est,
1936 5096 2061 5195 qui
2101 5122 2332 5195 equos
2372 5099 2619 5193 alunt)
2661 5100 3125 5176 vocabantur
3160 5102 3363 5200 apud

589 5216 1120 5295 Chalcidenses
1161 5218 1494 5295 homines
1533 5220 1963 5320 locupletes.
2026 5220 2144 5313 (H
2168 5248 2207 5297 e
2230 5250 2265 5297 r
2286 5248 2329 5297 o
2360 5225 2406 5299 d
2432 5250 2475 5299 o
2498 5236 2547 5300 t.
2594 5224 2683 5318 V,
2730 5226 2895 5317 77.)
