3725 5850
637 407 792 496 296
1727 433 1852 492 sus
1890 423 2313 492 Ptmmctm.

637 627 795 720 κός
831 624 1168 734 ἀγορεύῃ
1206 659 1379 709 τινα
1417 626 1468 725 ἢ
1501 621 1913 728 ὑποκρούῃ
1972 619 2023 716 ἢ
2075 630 2262 724 ἕλκῃ
2316 624 2461 705 τὸν
2496 623 2903 722 ἐπιστάτην
2926 685 2949 722 ,
3006 622 3414 732 ἀφειμένης

632 755 760 850 τῆς
795 758 1209 846 ἐκκλησίας
1249 751 1296 849 ἢ
1332 755 1458 850 τῆς
1493 753 1778 855 βουλῆς
1832 756 2394 852 κυριευέτωσαν
2446 756 2521 830 οἱ
2574 750 2926 857 πρόεδροι
2957 761 3183 856 μέχρι
3226 785 3413 834 πεν-

633 883 969 974 τήκοντα
1025 879 1397 982 δραχμῶν
1448 888 1646 957 καθ’
1703 887 2037 958 ἕκαστον
2093 872 2436 978 ἀδίκημα
2496 877 2950 986 ἐπιγράφειν
2985 881 3114 974 τῆς
3152 881 3415 982 πράκ-

633 1033 917 1109 τορσιν.
995 1011 1096 1084 Εἰ
1132 1006 1210 1085 δὲ
1247 1013 1567 1103 πλέονος
1605 1001 1819 1100 ἄξιός
1856 1013 2010 1083 ἐστι
2066 1010 2375 1104 ζημίας,
2434 999 2927 1108 ἐπιβαλόντες
2954 1014 3185 1109 μέχρι
3225 1036 3412 1085 πεν-

635 1133 974 1226 τήκοντα
1022 1131 1394 1232 δραχμῶν
1445 1138 1998 1232 εἰσφερέτωσαν
2054 1135 2160 1217 εἰς
2196 1128 2341 1223 τήν
2374 1129 2673 1231 βουλὴν
2707 1127 2756 1224 ἢ
2790 1137 2896 1220 εἰς
2932 1131 3074 1226 τὴν
3110 1132 3409 1234 πρώτην

635 1265 1077 1354 ἐκκλησίαν.
1131 1255 1386 1338 ’Όταν
1419 1260 1489 1338 δ’
1527 1264 1775 1352 ἐξίωσι
1815 1258 2161 1352 κλήσεις,
2212 1257 2705 1357 κρινάτωσαν
2728 1282 2746 1306 ·
2802 1265 2941 1336 καί
2980 1257 3122 1336 ἐὰν
3156 1289 3411 1336 κατα-

632 1385 952 1490 γνωσθῇ
1011 1381 1258 1463 αὐτοῦ
1316 1384 1669 1487 κρύβδην
1725 1391 2277 1489 ψηφιζομένων
2298 1442 2323 1477 ,
2380 1382 2995 1491 ἐγγραψάτωσαν
3046 1387 3119 1462 οἱ
3178 1382 3409 1485 πρόε-

635 1511 802 1611 δροι
843 1523 1004 1600 τοῖς
1043 1512 1542 1612 πράκτορσιν.

1191 1623 1395 1718 (Lex
1432 1621 1731 1702 Solonis
1768 1621 1971 1725 apud
2012 1621 2357 1702 Aeschin.
2396 1647 2459 1702 c.
2498 1621 2875 1702 Timarch.
2913 1617 2984 1724 ξ.
3023 1623 3191 1716 35.)

845 1891 928 1971 Si
963 1893 1128 1994 quis
1165 1904 1540 1971 oratorum
1595 1893 1675 1970 in
1733 1904 2001 1970 senatu
2054 1903 2185 1969 aut
2238 1918 2378 1994 pro
2426 1893 2791 1971 concione
2831 1891 3187 1972 conviciis
3223 1893 3411 1970 affe-

632 2017 816 2095 cerit
869 2018 1185 2119 aliquem
1243 2029 1372 2094 aut
1428 2015 1895 2094 maledixerit
1948 2015 2211 2112 alicui,
2286 2027 2415 2094 aut
2466 2015 2660 2120 pede
2716 2017 3225 2120 supploderit,
3282 2027 3417 2092 aut

631 2142 1092 2244 praefectum
1129 2143 1442 2220 traxerit
1463 2201 1481 2237 ‚
1538 2141 1844 2219 dimissa
1878 2143 2239 2220 concione
2278 2151 2408 2218 aut
2445 2152 2706 2219 senatu
2730 2199 2749 2238 ‚
2800 2144 2962 2244 ejus
2998 2139 3413 2219 mulctandi

632 2281 964 2370 potestas
1004 2279 1163 2347 esto
1199 2294 1434 2373 penes
1489 2267 1873 2372 praesides
1921 2293 2155 2369 usque
2193 2267 2286 2344 ad
2326 2269 2871 2370 quinquaginta
2904 2267 3293 2346 drachmas
3329 2269 3414 2344 in

631 2391 926 2493 singula
971 2393 1246 2470 delicta
1302 2391 1653 2470 mulctam
1711 2391 2148 2494 imponendi
2187 2403 2265 2468 et
2297 2393 2379 2468 in
2414 2392 2713 2470 tabulas
2750 2392 3223 2470 exactoribus
3260 2403 3413 2469 tra-

631 2517 915 2596 dendas
953 2518 1424 2597 inscribendi.
1501 2518 1786 2612 Quodsi
1843 2517 2271 2617 graviorem
2330 2519 2687 2596 meruisse
2743 2543 3063 2621 poenam
3124 2517 3414 2595 videbi-

632 2655 752 2720 tur
772 2701 791 2739 ,
847 2643 1132 2721 indicta
1163 2644 1441 2720 mulcta
1494 2670 1728 2744 usque
1780 2643 1874 2718 ad
1932 2642 2475 2744 quinquaginta
2530 2642 2915 2720 drachmas
2937 2699 2957 2732 ,
3014 2642 3415 2720 deferunto

631 2767 728 2845 ad
765 2781 1109 2847 senatum
1146 2781 1276 2848 aut
1312 2770 1406 2846 ad
1448 2770 1763 2873 primam
1821 2771 2263 2848 concionem
2317 2770 2397 2844 in
2444 2769 2668 2845 curia.
2746 2768 2898 2846 Ubi
2938 2780 3188 2846 autem
3228 2769 3412 2845 cita-

632 2895 872 2975 tiones
911 2897 1459 2992 recensuerint,
1505 2898 1538 2999 j
1548 2897 1924 2975 udicanto.
1998 2895 2283 2991 Quodsi
2322 2893 2863 2974 condemnatus
2901 2895 3160 2989 fuerit,
3209 2894 3411 2972 clam

517 3008 522 3013 ’
632 3023 990 3125 suffragia
1041 3021 1454 3101 ferentibus
1507 3020 2026 3117 senatoribus,
2102 3021 2488 3124 praesides
2544 3020 2900 3099 mulctam
2971 3020 3051 3097 in
3106 3020 3409 3097 tabulas

633 3160 1060 3228 exactorum
1098 3147 1497 3226 referunto.

856 3378 1003 3471 Τῆς
1057 3373 1347 3479 ὕβρεως
1402 3374 1492 3453 τὸ
1547 3380 1834 3476 τίμημα
1894 3253 2265 3452 driggkan
2318 3374 2465 3451 τοῦ
2524 3374 2966 3469 παθόντος,
3023 3372 3219 3454 ἀλλὰ
3262 3374 3406 3467 δη-

627 3500 931 3601 μόσιον.
1914 3613 1951 3687 ¹
1976 3612 2119 3688 ¹68
2422 3504 2731 3599 (Pollux
2770 3504 2977 3605 VIII,
3018 3506 3191 3599 42.)

850 3719 1364 3798 Contumeliae
1405 3721 1682 3797 mulcta
1721 3746 1877 3796 non
1914 3721 2437 3799 contumeliam
2476 3724 2677 3825 passi
2716 3732 2865 3819 est,
2907 3722 3036 3799 sed
3077 3720 3406 3825 publica.

1823 4002 2205 4097 Μέροςθ’.

1588 4130 1853 4221 Περὶ
1926 4128 2456 4217 μοιχείας.

1859 4364 2184 4433 Pars9.

1631 4492 1766 4561 De
1841 4491 2415 4560 adulterio.

1914 4658 2138 4736 1169.

853 4780 1180 4880 Μοιχὸν
1216 4776 1518 4861 ἀνελεῖν
1555 4780 1662 4883 τῷ
1702 4780 2025 4884 λαβόντι
2069 4782 2323 4874 ἔξεστι.

1342 4912 1542 5006 (Lex
1581 4910 1878 4987 Solonis
1915 4908 2114 5012 apud
2153 4910 2524 4987 Plutarch.
2565 4911 2642 4985 in
2680 4906 2978 4985 Solone.
3020 4908 3188 5000 23.)

855 5182 1294 5264 Adulterum
1333 5073 2422 5285 deprehendensfflfflhabeat
2458 5206 2629 5258 eum
2666 5178 3073 5259 occidendi.
