3725 5850
553 397 592 471 1
608 398 708 472 52
1655 422 1783 472 ms
1815 418 2239 472 waucort.

551 612 774 690 eunia
807 613 965 688 sive
1007 613 1184 690 data
1219 615 1379 690 sive
1417 623 1770 715 aoeept'a,
1827 622 1954 690 aut
2000 609 2428 688 sodalitium
2462 609 2922 688 contraxerit
2956 606 3053 684 ad
3088 630 3330 708 popu-

552 738 728 814 laris
762 749 1002 816 status
1039 739 1546 835 eversionem,
1587 750 1718 816 aut
1751 737 2265 815 advocationis
2309 763 2537 814 eausa
2572 735 2654 811 in
2690 733 2982 834 judiciis
3020 729 3141 807 vel
3178 730 3331 830 pri-

413 875 418 880 ’
553 864 745 940 vatis
783 864 906 941 vel
956 863 1275 966 publicis
1332 865 1726 966 pecuniam
1783 863 2201 966 acceperit;
2257 889 2505 940 earum
2563 887 2816 939 rerum
2868 857 3062 936 aetio
3118 854 3337 932 detur

554 988 859 1092 publiea
897 990 1102 1092 apud
1141 989 1737 1068 Thesmothetas.

1865 1133 2042 1209 616.

758 1268 956 1350 Ἐάν
1007 1279 1224 1364 ξένος
1281 1268 1476 1369 ἀστῇ
1532 1273 1860 1370 συνοικῇ
1928 1277 2157 1370 τέχνῃ
2222 1266 2268 1362 ἢ
2313 1270 2632 1372 μηχανῇ
2687 1261 3066 1368 ᾗτινοῦν,
3142 1294 3340 1370 γρα-

556 1402 826 1493 φέσθω
865 1393 1049 1497 πρὸς
1083 1393 1270 1482 τούς
1313 1403 1794 1495 θεσμοθέτας
1841 1394 2299 1488 Ἀθηναίων
2354 1389 2397 1476 o‘
2434 1393 2953 1498 βουλόμενος,
3016 1389 3129 1480 οἷς
3169 1394 3337 1484 ἔξε-

559 1548 744 1602 στιν.
800 1516 1058 1599 ’Έστω
1097 1521 1174 1599 δὲ
1212 1526 1352 1598 καὶ
1393 1519 1534 1620 ἐοὶν
1569 1515 1611 1615 ἦ
1651 1529 1827 1617 ξένη
1862 1521 1972 1624 τῷ
2016 1520 2225 1624 ἀστῷ
2265 1523 2593 1620 συνοικῇ
2632 1516 2835 1596 κατὰ
2874 1513 3143 1596 ταύτά.

1959 1653 2389 1748 (Demosth.
2426 1653 2505 1730 in
2540 1651 2805 1730 Neaer.
2850 1646 3120 1740 1350.)

1857 1813 2037 1889 616.
2102 1791 2115 1804 '

775 1953 854 2031 Si
913 1959 1356 2056 peregrinus
1416 1956 1796 2036 mulierem
1852 1959 2095 2036 civem
2152 1958 2450 2035 duxerit
2473 2015 2491 2051 ,
2551 1979 2999 2057 quoeunque
3038 1952 3347 2030 tandem

554 2079 730 2158 dolo
769 2083 892 2158 vel
929 2081 1233 2180 fraude3
1288 2084 1532 2183 quivis
1571 2082 2181 2177 Atheniensium,
2238 2084 2360 2160 oui
2394 2082 2574 2158 lieet
2593 2140 2611 2177 ,
2652 2105 2824 2158 eum
2859 2079 3061 2182 apud
3100 2079 3343 2154 Thes-

557 2206 925 2283 mothetas
963 2220 1277 2286 accuset.
1354 2207 1711 2286 Similiter
1750 2209 2125 2310 agendum
2164 2211 2429 2304 etiam,
2472 2209 2530 2285 si
2570 2206 2968 2309 peregrina
3002 2204 3148 2282 eivi
3186 2203 3343 2280 eui-

559 2332 760 2432 piam
795 2334 1154 2434 nupserit.

767 2471 772 2477 ·
1860 2443 2039 2518 617.

765 2575 962 2662 Ἐὰν
1000 2579 1083 2659 δέ
1115 2613 1226 2670 τις
1282 2581 1493 2684 ἐκδῷ
1545 2592 1768 2676 ξένην
1823 2594 2165 2688 γυναῖκα
2223 2580 2448 2682 ἀνδρὶ
2499 2579 2911 2682 ’ᾈθηναίῳ
2948 2573 3051 2668 ὥς
3090 2579 3345 2678 ἑαυτῷ

561 2703 1145 2812 προσῆκουσαν,
1205 2717 1674 2812 γραφέσθων
1723 2707 1908 2810 πρὸς
1945 2706 2130 2796 τούς
2174 2715 2651 2808 θεσμοθέτας
2690 2703 2803 2796 οἷς
2842 2709 3082 2799 ἔξεστι
3106 2765 3127 2797 ,
3182 2736 3347 2781 κα-

566 2830 815 2935 θάπερ
849 2831 976 2925 τῆς
1013 2837 1286 2926 ξενίας.
1957 2837 2389 2930 (Demosth.
2426 2839 2503 2914 in
2542 2837 2812 2914 Neaer.
2857 2835 3125 2931 1363.)

1874 3000 2049 3076 617.

553 3226 558 3231 ·
775 3124 857 3202 Si
897 3128 1060 3227 quis
1099 3137 1352 3205 autem
1389 3129 1550 3205 viro
1592 3124 2035 3205 Atheniensi
2092 3128 2572 3231 peregrinam
2608 3125 2994 3204 mulierem
3033 3153 3167 3228 pro
3207 3151 3351 3201 sua.

563 3250 912 3346 elocarit,
972 3265 1274 3331 accuset
1329 3280 1499 3331 eum
1553 3254 1754 3355 apud
1813 3252 2391 3330 Thesmothetas
2450 3278 2543 3330 ex
2599 3252 2729 3346 iis,
2793 3252 3061 3352 quibus
3125 3250 3344 3344 licet,

563 3377 1189 3475 quemadmodum
1228 3380 1807 3481 peregrinitatis.

1868 3542 2048 3619 618.

765 3674 962 3757 Ἐάν
1017 3710 1128 3768 τις
1186 3676 1480 3769 ἀδίκως
1537 3686 1741 3781 εἵρξῃ
1809 3674 1915 3770 ὦς
1980 3679 2315 3782 μοιχόν,
2400 3677 2861 3785 γράψασθαι
2920 3675 3105 3778 πρὸς
3159 3676 3348 3767 τούς

569 3810 1052 3905 θεσμοθέτας
1091 3800 1385 3893 ἀδίκως
1423 3804 1851 3905 εἱρχθῆναι.
1966 3808 2393 3903 (Demosth.
2432 3810 2511 3885 in
2552 3810 2816 3887 Neaer.
2859 3806 3131 3898 1367.)

1869 3972 2047 4047 618.

781 4093 863 4171 Si
917 4095 1081 4195 quis
1135 4096 1460 4197 aliquem
1517 4122 1654 4197 per
1723 4097 2075 4199 injuriam
2132 4122 2269 4198 pro
2326 4095 2646 4172 moecho
2704 4095 3068 4192 vinxerit,
3142 4094 3347 4196 apud

569 4219 1145 4299 Thesmothetas
1185 4232 1522 4311 accuset,
1561 4248 1640 4297 se
1679 4250 1817 4323 per
1852 4222 2199 4323 injuriam
2237 4222 2317 4297 in
2358 4220 2663 4298 vincula
2702 4245 2866 4299 esse
2904 4220 3348 4322 conjectum.

1874 4384 2051 4459 619.

773 4518 968 4597 Ἐάν
1018 4552 1130 4610 τις
1185 4515 1472 4625 ὖβρίσῃ
1527 4525 1634 4611 εἴς
1689 4554 1908 4616 τινα,
1970 4520 2017 4617 ἢ
2073 4522 2310 4599 παῖδα
2350 4519 2395 4613 ἢ
2430 4534 2773 4627 γυναῖκα
2815 4518 2862 4613 ἢ
2900 4516 3153 4623 ἄνδρα
3188 4522 3353 4599 τῶν

571 4652 998 4747 ἐλευθέρων
1033 4642 1082 4737 ἢ
1115 4648 1272 4724 τῶν
1329 4648 1675 4741 δούλων,
1739 4646 1788 4743 ἢ
1825 4648 2284 4749 παράνομόν
2320 4678 2393 4725 τι
2433 4646 2713 4747 ποιήσῃ
2749 4654 2855 4737 εἰς
2892 4648 3194 4726 τούτων
3228 4680 3352 4725 τι-

572 4770 716 4862 νὰ,
773 4777 1188 4875 γραφέσθω
1246 4771 1430 4874 πρὸς
1484 4773 1671 4865 τούς
1733 4784 2210 4875 θεσμοθέτας
2249 4767 2292 4853 ὅ
2331 4772 2808 4875 βουλόμενος
2858 4770 3349 4867 Ἀθηναίων,

574 4893 688 4984 οἷς
728 4898 1056 4990 ἔξεστιν,
1119 4902 1192 4975 οἱ
1247 4899 1322 4976 δὲ
1387 4908 1859 5002 θεσμοθέται
1916 4900 2389 5007 εἰσαγόντων
2444 4906 2549 4987 εἰς
2605 4896 2748 4993 τὴν
2786 4892 3098 4991 ἡλιαίαν
3134 4899 3353 5002 τριά-

572 5028 814 5099 κονθ’
851 5016 1155 5125 ἡμερῶν
1192 5022 1331 5121 ἀφ’
1372 5016 1454 5117 ἧς
1497 5022 1602 5105 ἄν
1641 5022 1678 5120 ἦ
1725 5026 2025 5134 γραφή,
2082 5025 2226 5105 ἐὰν
2250 5030 2356 5125 μὴ
2394 5057 2468 5102 τι
2508 5024 2880 5119 δημόσιον
2914 5027 3182 5125 κωλύῃ
3208 5086 3228 5118 ,
3280 5032 3359 5103 εἰ

575 5146 652 5225 δὲ
679 5145 828 5249 μὴ,
863 5144 1064 5227 ὅταν
1097 5142 1150 5250 ᾗ
1188 5148 1496 5251 πρῶτον
1533 5148 1705 5229 οἷόν
1741 5184 1841 5232 τε.
1956 5154 2382 5249 (Demosth.
2423 5155 2501 5233 in
2538 5156 2867 5235 Midiam.
2911 5158 3131 5248 529.)
