3725 5850
669 422 824 494 564
1475 436 2093 492 commem-Amos
2131 440 2237 491 Au
2280 440 2437 495 1133.
2481 438 2639 493 1134.

659 630 1054 736 γεννήτορι
1092 636 1388 705 τέκνων
1409 687 1428 717 ,
1489 624 1784 712 πάντως
1821 624 2183 727 καθαρὸς
2242 630 2451 710 ἔστω.
2525 633 2647 727 (Si
2683 632 2847 734 quis
2886 630 3082 733 patri
3120 638 3425 703 mortem

659 760 1075 835 defendens
1114 758 1298 834 nihil
1336 756 1542 857 impii
1585 756 1878 831 facienti
1928 756 2201 832 occidit
2254 759 2615 857 aliquem,
2680 756 2800 833 vel
2840 756 3055 831 matri
3094 754 3218 829 vel
3254 752 3427 827 libe-

658 884 758 959 ris
797 886 918 960 vel
957 884 1308 961 fratribus
1345 882 1465 955 vel
1523 882 2027 955 communium
2086 880 2485 957 liberorum
2539 883 2877 983 parenti,
2930 904 3239 980 prorsus
3276 886 3427 952 esto

659 1012 960 1109 purus.)

1817 1106 1971 1188 Ad
2012 1110 2278 1191 11³3.

873 1276 1302 1352 Secundum
1357 1276 1691 1351 Platonis
1730 1274 1975 1374 Leges
2034 1276 2255 1371 (868,
2296 1276 2574 1366 B—c)
2631 1277 2693 1350 si
2750 1300 3008 1351 servus
3044 1275 3157 1349 ira
3194 1272 3423 1348 domi-

655 1427 834 1478 num
874 1428 1089 1477 suum
1130 1402 1439 1495 occidit,
1501 1404 1766 1479 mortui
1809 1404 2149 1501 cognatis
2186 1416 2587 1502 utcumque
2627 1402 2925 1478 libuerit
2960 1402 3038 1475 in
3078 1426 3253 1475 eum
3290 1410 3427 1475 sta-

654 1540 902 1609 tuere.
960 1529 1136 1605 dum
1193 1556 1287 1604 ne
1342 1527 1495 1603 ullo
1549 1527 1774 1602 modo
1833 1530 2093 1603 vivum
2147 1530 2559 1622 retineant,
2618 1529 2779 1603 sine
2836 1527 3135 1628 piaculo
3196 1524 3428 1599 liceat.

656 1654 734 1728 Si
775 1680 958 1729 vero
1013 1652 1197 1728 alius
1254 1654 1418 1751 quis
1474 1679 1734 1727 servus
1771 1651 2085 1729 liberum
2124 1654 2393 1730 occidit
2428 1654 2583 1743 ira,
2644 1652 2927 1729 domini
2964 1674 3271 1725 servum
3308 1674 3425 1723 co-

657 1779 906 1877 gnatis
942 1780 1207 1853 mortui
1246 1777 1638 1871 traduntO,
1699 1779 1998 1875 cognati
2047 1792 2291 1853 autem
2332 1804 2501 1853 eum
2540 1804 2687 1877 quo
2724 1776 3025 1853 libuerit
3062 1772 3427 1875 supplicio

655 1904 1061 2004 plectunt0.

872 2027 1094 2121 (872,
1135 2028 1263 2117 B.)
1317 2025 1396 2101 Si
1454 2038 1706 2101 autem
1761 2052 2023 2101 servus
2062 2028 2381 2103 liberum
2418 2027 2675 2102 volens
2716 2024 2833 2100 vel
2872 2052 3005 2101 sua
3040 2050 3271 2101 manu
3313 2023 3423 2098 vel

655 2153 968 2228 consilio
1006 2152 1278 2227 occidit
1316 2166 1391 2226 et
1427 2152 1504 2226 in
1548 2152 1834 2252 judicio
1895 2152 2434 2229 condemnatus
2472 2164 2585 2228 est
2609 2212 2625 2245 ,
2684 2177 2849 2229 eum
2889 2152 3232 2253 publicus
3273 2176 3423 2225 car-

653 2279 860 2353 nifex
900 2277 996 2353 ad
1033 2276 1302 2351 mortui
1358 2274 1837 2375 sepulchrum
1894 2280 1970 2351 in
2024 2278 2291 2351 tumuli
2346 2288 2835 2378 conspectum
2891 2274 3274 2352 adducens
3320 2286 3425 2348 tot

654 2402 1092 2477 verberibus
1127 2426 1466 2493 caesum,
1527 2403 1846 2499 quotis,
1908 2404 2032 2501 qui
2072 2403 2638 2487 condemnavit,
2700 2400 3309 2503 praescripserit,
3368 2399 3423 2471 si

655 2530 975 2603 verbera
1009 2554 1163 2602 non
1199 2528 1602 2602 conficiunt
1637 2530 2180 2603 interfectorem
2204 2584 2220 2615 ‚
2260 2542 2497 2605 morte
2536 2529 2836 2604 afficite.

1809 2738 1963 2821 Ad
2004 2740 2273 2823 11³4.

867 2904 1179 2982 Tzetzes
1241 2895 1336 2980 ad
1394 2904 1725 3005 Lycoph.
1787 2931 1855 2976 v.
1920 2903 2167 2977 1039:
2244 2897 2483 2998 νόμος
2559 2892 2651 2990 ἦν
2703 2896 2843 2974 τὸν
2900 2895 3421 3003 ἐργασάμενον

654 3027 910 3123 φόνον
945 3030 1266 3131 φεύγειν
1305 3022 1496 3100 ὅλον
1533 3023 1935 3114 ἐνιαυτὸν,
1987 3024 2096 3122 μὴ
2158 3024 2519 3124 ψαύοντα
2578 3025 2709 3115 τῆς
2762 3023 3143 3122 πατρίδος.
3224 3027 3421 3120 (Lex

652 3171 810 3232 erat
863 3167 945 3232 ut
998 3155 1246 3232 caedis
1301 3163 1559 3229 auctor
1615 3155 1912 3252 integro
1972 3155 2306 3230 exularet
2363 3179 2563 3230 anno
2589 3212 2605 3245 ,
2680 3177 2871 3228 neve
2926 3163 3423 3226 contrectaret

651 3283 1036 3382 patriam.)

863 3406 1148 3482 Eadem
1183 3405 1412 3480 habet
1449 3404 1847 3479 scholiasta
1882 3405 1958 3476 in
1996 3404 2325 3504 Euripid.
2368 3403 2753 3505 Hippolyt.
2798 3404 2921 3479 35.
3176 3483 3195 3502 ‚

863 3532 1116 3606 Lexic.
1159 3529 1465 3629 Seguer.
1507 3556 1580 3630 p.
1624 3529 1820 3602 421:
1868 3521 2553 3623 Ἀπενιαυτισμὸς,
2610 3524 2830 3629 φυγή,
2880 3530 3001 3600 ἐπὶ
3061 3524 3417 3602 ἐνιαυτὸν

651 3651 774 3728 διὰ
817 3650 1070 3747 φόνον
1109 3648 1515 3726 ἀκούσιον.
1558 3647 2238 3748 (Ἀηενιαυτισμός
2280 3667 2391 3728 est
2430 3655 2729 3730 exilium
2768 3655 2987 3729 unius
3026 3654 3206 3729 anni
3246 3680 3411 3754 pro-

649 3795 814 3883 pter
849 3781 1156 3856 caedem
1195 3804 1346 3853 non
1385 3777 1802 3854 voluntarie
1841 3779 2183 3870 factam.)
3150 3771 3156 3778 ’

859 3907 1000 3982 Jus
1039 3903 1806 3980 Graeco-Romanum.
1857 3905 2041 3980 Pars
2080 3905 2172 3980 ΙΙ.
2234 3903 2599 4006 Synopsis
2640 3905 2900 3980 minor.
2962 3903 3097 3980 Ed.
3136 3904 3413 3980 Zacha-

649 4034 800 4107 riae
861 4057 906 4106 a
962 4028 1416 4130 Lingenthal
1474 4055 1648 4128 pag.
1710 4030 1860 4103 25:
1928 4021 2351 4111 Ἀκούσιος
2407 4024 2649 4120 φόνος
2704 4032 3015 4126 ἐξορίαν
3066 4032 3413 4124 ἐπιφέρει.

647 4156 976 4249 (Caedes
1023 4181 1175 4230 non
1215 4153 1632 4228 voluntaria
1669 4153 1976 4230 exilium
2011 4154 2393 4254 imponit.)
2566 4161 2573 4170 ’

861 4279 1152 4354 Festus.
1191 4305 1260 4354 v.
1303 4278 1368 4354 A
1391 4277 1626 4353 ries:
1683 4277 1939 4353 Subici
1976 4280 2167 4354 aries
2208 4275 2509 4372 dicitur,
2550 4280 2675 4379 qui
2717 4305 2853 4381 pro
2890 4282 3139 4356 occiso
3178 4281 3410 4372 datur,

647 4405 848 4506 quod
885 4406 1006 4500 fit,
1065 4417 1148 4478 ut
1201 4405 1304 4479 ait
1339 4402 1640 4478 Cincius
1699 4403 1774 4477 in
1831 4403 2025 4478 libro
2081 4402 2175 4480 de
2212 4403 2463 4480 officio
2491 4404 3007 4503 jurisconsulti
3034 4463 3051 4497 ‚
3112 4431 3409 4481 exem·

644 4529 804 4632 plo
843 4527 1647 4618 Atheniensium,
1697 4526 1951 4627 apud
1988 4554 2229 4627 quos
2268 4528 2744 4628 expiandi
2781 4532 3116 4628 gratia
3152 4531 3411 4605 aries

643 4654 1078 4752 inigitur
1131 4653 1245 4728 ab
1303 4679 1452 4746 eo,
1512 4655 1670 4751 qui
1723 4653 2112 4729 invitus
2168 4653 2499 4730 scelus
2538 4652 2975 4752 admisit,
3036 4679 3405 4756 poenae

642 4776 1525 4880 pendendaeloca

855 4902 1062 4980 Idem
1120 4929 1190 4976 v.
1249 4901 1620 5002 Subige
1643 4930 1782 4982 re:
1841 4903 2203 5002 Subigere
2264 4905 2569 4981 arietem
2632 4903 2995 4982 Antistius
3048 4931 3212 4982 esse
3272 4904 3401 4998 ait,

639 5030 815 5107 dare
853 5031 1199 5122 arietem,
1242 5029 1364 5127 qui
1407 5055 1544 5128 pro
1582 5057 1658 5104 se
1699 5043 1968 5128 agatur
1992 5089 2009 5124 ,
2066 5032 2441 5106 caedatur.
