3725 5850
1500 460 1716 511 PAcIS
1751 455 1968 512 mRA.
2957 436 3048 513 31
3065 440 3110 513 5

384 645 751 745 ὑποδοχῆς
788 680 869 725 τε
904 646 1061 725 τῶν
1096 653 1408 725 ἐκεῖθεν
1442 652 1929 748 φροντίζειν,
1988 653 2123 723 καὶ
2163 646 2548 747 προσόδου
2583 648 2714 740 τῆς
2751 646 2933 749 πρὸς
2967 647 3112 725 τόν

386 775 645 875 δῆμον,
700 780 841 851 καὶ
879 772 1093 875 ἕδρας
1129 781 1215 855 ἐν
1249 773 1357 874 τῷ
1401 772 1727 875 θεάτρῳ.
2205 777 2516 871 (Pollux
2554 779 2688 874 III,
2735 780 2904 872 59.)

1623 939 1850 1015 1237.

570 1065 1013 1142 Procurator
1046 1063 1429 1164 hospitalis
1467 1062 1849 1164 publicam
1887 1064 2092 1139 urbis
2129 1065 2584 1165 legationem
2620 1062 2944 1164 hospitio
2984 1090 3106 1141 ex-

374 1191 573 1291 cipit,
608 1190 687 1265 in
722 1188 965 1264 aliena
1000 1189 1157 1288 ipse
1192 1189 1487 1265 civitate
1528 1189 1894 1283 existens,
1943 1200 2024 1263 ut
2061 1189 2324 1287 legatis
2363 1190 2641 1265 ibidem
2677 1187 3102 1289 hospitium,

373 1341 831 1415 congressum
868 1313 1125 1414 populi
1163 1324 1239 1388 et
1274 1313 1523 1390 sedem
1561 1318 1635 1389 in
1672 1315 1964 1391 theatro
2001 1323 2362 1416 procuret.

1623 1478 1851 1553 1238.

553 1611 687 1707 Ἐξ
727 1613 1067 1723 ἀνάγκης
1104 1622 1258 1693 ἐστὶ
1294 1617 1405 1717 τῷ
1445 1624 1783 1718 προξένῳ
1822 1611 2189 1694 ἁπάντων
2223 1618 2381 1694 τῶν
2416 1611 2665 1695 αὑτοῦ
2725 1624 3102 1718 συμπολι-

368 1740 509 1816 τῶν
542 1748 1081 1836 ἐπιμελεῖσθαι.
1696 1746 2119 1839 (Demosth.
2155 1771 2216 1822 c.
2257 1743 2575 1848 Callipp.
2624 1747 2892 1840 1237.)

1620 1907 1846 1985 1238.

560 2051 879 2127 Necesse
919 2062 1031 2125 est
1067 2052 1525 2150 procuratori
1582 2052 1932 2153 hospitali
1985 2052 2311 2127 omnium
2347 2078 2645 2125 suorum
2683 2051 3104 2127 concivium

361 2200 605 2251 curam
642 2174 935 2252 habere.

1633 2284 1856 2359 1239.

569 2430 745 2509 Τοῖς
783 2428 1168 2521 προξένοις
1206 2420 1401 2498 εἶναι
1437 2422 1569 2527 γῆς
1606 2430 1743 2499 καὶ
1784 2426 2041 2509 οἰκίας
2082 2424 2440 2527 ἔγκτησιν
2495 2428 2630 2498 καὶ
2689 2428 3102 2499 ἰσοτέλειαν

352 2577 479 2621 και
520 2543 951 2643 ἀσφάλειαν
992 2578 1125 2621 και
1168 2543 1498 2623 ἀσυλίαν
1534 2554 1671 2623 καί
1712 2554 2048 2646 πολέμου
2098 2553 2232 2622 καὶ
2290 2544 2580 2646 εἰρήνης
2637 2541 2907 2639 οὔσης,
2965 2553 3102 2622 καὶ

350 2671 545 2746 κατὰ
585 2672 732 2778 γῆν
769 2678 904 2747 καὶ
943 2670 1146 2749 κατὰ
1189 2673 1603 2750 θάλατταν.

1124 2803 1490 2902 (Boeckh.
1529 2828 1732 2904 corp.
1770 2802 2100 2903 inscript.
2139 2828 2250 2899 gr.
2295 2802 2500 2876 1562
2532 2802 2885 2893 -1567.)

1614 2963 1841 3038 1239.

555 3105 1085 3184 Procuratores
1123 3105 1530 3208 hospitales
1588 3106 1878 3206 possint
1931 3131 2152 3204 agros
2209 3117 2282 3182 et
2333 3105 2593 3182 domos
2643 3131 3096 3206 comparare,

343 3230 670 3309 habeant
724 3234 1062 3334 aequalia
1115 3259 1284 3308 cum
1329 3232 1615 3307 civibus
1644 3230 1850 3330 jura,
1908 3231 2524 3332 securitatemque
2565 3243 2641 3306 et
2677 3232 3096 3306 immunita-

342 3367 489 3430 tem
526 3367 728 3434 terra
763 3359 1093 3458 marique
1131 3367 1463 3458 tempore
1502 3356 1680 3432 belli
1721 3365 1796 3432 et
1834 3355 2060 3457 pacis.

548 3639 933 3742 Σύμβολά
970 3645 1165 3718 εἰσιν
1203 3643 1283 3716 αἱ
1323 3639 1744 3731 συνθῆκαι,
1804 3631 1894 3728 ἃς
1931 3634 2033 3714 ἂν
2069 3634 2421 3730 ἀλλήλαις
2459 3640 2536 3714 αἱ
2575 3636 2823 3724 πόλεις
2865 3643 3096 3737 θέμε-

339 3796 466 3844 ναι
502 3766 822 3843 τάττωσι
858 3777 1016 3855 τοῖς
1054 3769 1418 3856 πολίταις,
1459 3761 1645 3842 ὥστε
1685 3763 1982 3841 διδόναι
2020 3770 2157 3839 καὶ
2196 3762 2630 3864 λαμβάνειν
2666 3761 2758 3838 τοὶ
2802 3762 3093 3844 δίκαια.

2275 3894 2879 3996 (Harpocratio.)

1610 4001 1647 4073 1
1661 4002 1838 4077 240.

546 4128 1013 4229 Reciperatio
1051 4139 1227 4205 sunt
1261 4140 1483 4230 pacta
1518 4135 1931 4222 conventa,
1989 4151 2180 4226 quae
2240 4126 2577 4202 civitates
2631 4125 2826 4201 inter
2863 4151 2942 4201 se
2979 4125 3093 4201 in-

335 4263 547 4349 eunt,
604 4265 687 4328 ut
724 4255 923 4331 cives
962 4253 1073 4330 sui
1108 4253 1364 4330 debita
1391 4255 1567 4354 jura
1601 4251 1924 4329 invicem
1959 4250 2291 4327 tribuant
2326 4251 2857 4352 accipiantque.

1605 4410 1833 4487 1241.

542 4531 761 4635 Πρὸς
814 4531 947 4623 τοὶς
1003 4531 1251 4621 πόλεις
1308 4541 1392 4611 ἐν
1446 4543 1605 4620 τοῖς
1660 4529 2075 4634 συμβόλοις
2126 4538 2557 4610 συνθέσθαι
2622 4530 2731 4632 μὴ
2808 4540 3086 4624 ἐξεῖναι

324 4659 525 4758 μήθ’
558 4655 793 4761 εἷρξαι
822 4660 1011 4759 μήτε
1048 4659 1272 4753 δῆσαι
1304 4659 1448 4737 τὸν
1492 4659 1907 4760 ἐλεύθερον
1930 4688 1944 4703 ·
2003 4656 2143 4736 ἐὰν
2179 4657 2264 4736 δέ
2295 4690 2404 4746 τις
2439 4658 2782 4760 παραβῇ,
2833 4657 3086 4763 μεγά-

334 4793 469 4878 λην
510 4791 788 4887 ζημίαν
822 4793 942 4864 ἐπὶ
982 4784 1281 4873 τούτοις
1326 4793 1633 4863 θέσθαι.

1641 4894 2040 4989 (Andocid.
2091 4894 2557 4971 0.A101biad.
2599 4891 2665 4996 ξ.
2711 4895 2873 4988 18.)

1605 5059 1831 5134 1241.

544 5179 904 5263 Civitates
941 5195 1164 5286 pacta
1198 5197 1570 5263 conventa
1606 5186 1802 5260 inter
1840 5213 1917 5261 se
1952 5184 2228 5281 ineant,
2267 5181 2642 5260 hominem
2679 5183 3088 5283 ingenuum
