3725 5850
663 421 834 498 ⁶40
1581 443 2201 498 connum-Amos
2234 442 2345 498 AD
2386 441 2545 498 15⁵⁹.

665 629 1112 730 ἐπεκτανθῇ
1135 657 1151 674 ·
1207 637 1348 708 καὶ
1403 626 1614 710 οὕτω
1667 628 2127 724 λυοιτελήσει
2184 637 2325 710 καὶ
2378 640 2539 720 τοῖς
2578 625 3077 731 ἀποβαλοῦσι
3098 631 3249 706 ,καὶ
3288 635 3443 712 τοῖς

671 759 942 854 ἔχουσι
975 753 1074 834 τοὶ
1117 761 1374 836 οἰκεῖα
1411 757 1820 864 πράγματα
1876 765 2093 863 (pag.
2140 761 2313 854 184,
2354 760 2542 853 610.
2615 759 2707 836 Id
2746 770 2901 838 est:
2960 755 3303 836 Amissae
3338 781 3451 832 res

667 889 858 966 tanti
898 886 1384 966 aestimantur
1401 942 1422 978 ‚
1480 887 1736 987 quanti
1798 896 2095 986 emptae
2144 885 2482 981 fuerant,
2540 884 2875 963 salvatae
2915 909 3093 961 vero
3115 939 3138 980 ‚
3194 880 3451 983 quanti

671 1010 900 1090 vendi
931 1023 1274 1115 possunt.
1353 1011 1522 1090 Hoc
1555 1014 1646 1090 fit
1663 1069 1682 1108 ‚
1739 1023 1824 1088 ut
1857 1011 2220 1090 damnum
2250 1011 2348 1090 ad
2388 1011 2763 1092 modicum
2814 1019 3249 1088 coerceatur
3270 1065 3289 1103 ,
3348 1007 3455 1082 lu-

671 1163 888 1218 crum
921 1163 1104 1218 vero
1137 1139 1382 1240 magis
1419 1139 1885 1218 extendatur.
1963 1137 2213 1239 Atque
2258 1138 2365 1216 sic
2402 1136 2737 1241 proderit
2772 1148 2849 1216 et
2884 1132 3457 1238 projicientibus

671 1275 750 1342 et
785 1289 957 1344 suas
992 1265 1643 1344 res'servantibus.

893 1393 1048 1468 4·0.
1101 1389 1206 1464 Εἰ
1246 1391 1397 1486 μέν
1449 1392 1608 1466 ἐστι
1669 1383 2116 1486 σωζόμενον
2172 1383 2262 1463 τὸ
2319 1390 2604 1462 πλοῖον
2656 1391 2799 1461 καὶ
2854 1379 3015 1460 οὐκ
3070 1377 3461 1471 ἆπώληται

673 1508 830 1590 ἀπὸ
883 1510 1028 1590 τοῦ
1081 1509 1514 1603 κινδύνου,
1591 1509 2065 1614 συνεισφορὰ
2122 1517 2422 1617 γίνεται
2444 1535 2460 1554 ·
2536 1505 2679 1587 ἐὰν
2752 1507 2831 1586 δὲ
2906 1505 3303 1600 &adimat
3374 1501 3459 1582 τὸ

673 1643 999 1728 πλοῖον,
1057 1633 1153 1716 οὐ
1195 1641 1494 1742 γίνεται
1532 1635 2000 1738 συνεισφορᾶ
2022 1695 2045 1730 ,
2104 1633 2273 1716 ἀλλ’
2332 1638 2491 1735 ἔχει
2530 1641 2855 1724 ἕκαστος
2892 1633 2971 1714 εἴ
2998 1664 3073 1712 τι
3110 1627 3459 1726 ἠδυνήθη

675 1761 915 1842 σῶσαι
951 1769 1047 1843 ἐκ
1085 1763 1228 1841 τοῦ
1270 1767 1578 1842 οἰκείου
1633 1761 2077 1869 πράγματος
2132 1772 2351 1870 (pag.
2394 1765 2569 1861 185,
2628 1765 2799 1858 63).
2872 1763 2963 1843 Id
3000 1775 3151 1842 est:
3208 1759 3299 1840 Si
3334 1786 3459 1836 na·

675 1895 790 1974 vis
825 1905 1162 1980 servatur
1197 1905 1274 1974 et
1307 1919 1468 1972 non
1503 1893 1778 1995 perivit
1803 1893 1893 1984 ,in
1930 1891 2265 1996 periculo
2286 1947 2315 1984 ι
2366 1893 2452 1970 fit
2483 1890 2917 1988 intributio;
2973 1889 3037 1968 si
3074 1913 3261 1967 vero
3298 1911 3461 1989 per·

673 2021 811 2101 ivit
845 2019 1102 2118 navis,
1151 2043 1318 2098 non
1374 2021 1460 2112 fit
1514 2018 2007 2117 contributio,
2064 2016 2195 2094 sed
2240 2015 2581 2118 singulus
2644 2015 2913 2112 habet,
2976 2014 3184 2116 quod
3242 2038 3289 2091 e
3334 2037 3468 2092 sua

675 2171 762 2242 re
799 2145 1095 2230 salvare
1132 2145 1396 2247 potuit.

900 2275 978 2346 5-
985 2297 1056 2350 o.
1111 2261 1259 2363 Διά
1297 2264 1441 2358 τὴν
1477 2265 1619 2344 τοῦ
1659 2269 1941 2344 πλοίου
1997 2267 2377 2369 σωτηρίαν
2430 2265 2853 2362 τμηθέντος
2891 2287 3143 2368 ηγουν
3176 2263 3467 2346 κοπέν-

683 2424 814 2486 τος
868 2393 1012 2470 τοῦ
1071 2390 1339 2483 ἱστοῦ,
1416 2389 1888 2492 συνεισφορά
1964 2419 2121 2468 των
2175 2397 2263 2468 ἐν
2314 2388 2426 2490 τῷ
2498 2390 2747 2490 πλοίῳ
2804 2385 3119 2490 φόρτων
3170 2392 3469 2492 γίνεται

683 2529 900 2626 (pag.
941 2522 1120 2619 185,
1159 2523 1350 2615 64.)
1423 2519 1516 2600 Id
1557 2532 1704 2598 est:
1764 2519 2069 2598 Succiso
2126 2521 2285 2597 sive
2340 2530 2675 2598 resecato
2726 2518 2821 2595 ad
2860 2516 3311 2616 salvandam
3342 2541 3467 2592 na-

690 2675 856 2728 vem
893 2649 1094 2733 malo
1133 2648 1218 2723 fit
1253 2645 1707 2724 contributio
1746 2646 1840 2724 de
1878 2646 2289 2740 mercibus,
2354 2672 2547 2748 quae
2582 2647 2661 2722 in
2696 2669 2891 2722 nave
2930 2655 3124 2722 sunt.

901 2788 1420 2890 „Graecorum
1488 2789 1696 2890 leges
1753 2791 2047 2870 Atticae
2112 2790 2233 2866 vel
2288 2790 2703 2868 Laconicae
2760 2789 2933 2868 XIL
3000 2785 3284 2866 tabulis
3340 2811 3471 2888 per

685 2915 1152 2997 decemviros
1205 2915 1589 2995 Romanos
1645 2915 2102 3018 insculptae,
2168 2915 2557 2995 Romanae
2618 2915 2924 2993 omnino
2980 2913 3221 2993 factae
3280 2922 3469 2991 sunt.

687 3046 904 3123 Nam·
953 3055 1030 3121 et
1101 3068 1232 3120 eas
1301 3068 1358 3119 6,
1419 3041 1736 3121 Graecia
1822 3042 2089 3119 allatas
2128 3101 2145 3138 ‚
2238 3053 2549 3141 rogatus
2618 3040 2953 3145 'populus
3014 3042 3185 3143 jure
3262 3038 3473 3115 seivit

687 3180 772 3249 ut
843 3169 1194 3272 deinceps
1263 3169 1650 3247 Romanae
1723 3168 1995 3246 merito
2068 3166 2645 3271 appellarentur.
2760 3167 2913 3245 Sed
2954 3167 3107 3247 .lex
3178 3164 3474 3243 Rhodia

687 3298 798 3375 sio
847 3297 930 3373 in
981 3293 1374 3396 republica
1425 3293 1772 3373 Romana
1820 3293 2142 3371 invaluit
2196 3305 2271 3371 et
2330 3292 2561 3371 veluti
2616 3294 2919 3373 civitate
2983 3292 3267 3373 donata
3325 3300 3469 3381 est,

687 3434 776 3501 ut
825 3434 1080 3501 tamen
1134 3419 1422 3497 Romae
1489 3418 1734 3499 adhuc
1798 3421 2199 3522 peregrina
2270 3419 2651 3499 videretur
2702 3430 2779 3497 et
2830 3420 2916 3497 in.
2965 3418 3470 3501 Romanarum

685 3550 946 3648 legum
1015 3542 1312 3624 tabulas
1383 3571 1542 3623 non
1620 3545 1919 3623 omnino
2000 3546 2241 3623 relata
2323 3558 2523 3625 esset
2558 3600 2583 3639 ‚
2674 3546 3178 3645 retineretque
3254 3544 3471 3622 etiam

689 3672 1144 3775 gentilitium
1179 3698 1398 3751 suum
1445 3698 1746 3751 nomen.
1821 3671 2048 3751 Certe
2102 3674 2529 3753 Maecianus
2584 3672 2957 3767 ostendit,
3012 3670 3471 3753 Antoninum

687 3801 1222 3907 imperatorem
1291 3824 1465 3879 suas
1550 3799 1754 3900 leges
1832 3824 1881 3875 a
1948 3796 2119 3898 lege
2190 3800 2493 3879 Rhodia
2560 3798 2989 3881 discernere
3034 3856 3053 3893 ,
3134 3809 3211 3875 et
3252 3797 3471 3876 ‚hanc

688 3926 801 4003 ita
847 3924 1152 4002 demum
1167 3977 1186 4016 ‚
1243 3923 1307 4000 si
1361 3924 1561 4002 illae.
1596 3948 1749 4003 non
1803 3924 2335 4022 adversentur,
2394 3925 2915 4027 comprobare.
2990 3924 3256 4023 Neque
3298 3946 3469 3999 vero

688 4051 1040 4129 existimo
1075 4060 1461 4151 praetores
1500 4050 1672 4128 olim
1696 4108 1716 4146 ‚
1773 4074 1946 4128 cum
2001 4050 2251 4131 edicta
2302 4076 2441 4129 sua
2472 4050 2823 4148 ederent,
2878 4048 3079 4127 hanc
3112 4049 3365 4147 legem
3397 4048 3470 4121 in

697 4200 955 4253 eorum
989 4176 1248 4255 album
1281 4176 1642 4253 retulisse.
1715 4174 1871 4256 Sed
1924 4177 2073 4253 alia
2126 4189 2377 4255 tamen
2423 4178 2709 4257 ratione
2748 4184 2825 4255 et
2861 4174 2987 4253 via
3022 4175 3468 4277 aequitatem

694 4312 776 4378 >et
811 4326 1030 4379 usum
1060 4301 1253 4401 legis
1287 4298 1620 4381 Rhodiae
1658 4310 2039 4401 praetores
2072 4301 2395 4381 Romani
2428 4304 2507 4381 in
2544 4326 2764 4381 suum
2796 4302 3044 4381 forum
3079 4296 3466 4383 tremule-

690 4435 892 4503 runt.
963 4425 1144 4505 Fuit
1175 4426 1364 4507 haec
1396 4437 1738 4505 veterum
1769 4426 2281 4507 Romanorum
2316 4427 2723 4530 sapientia,
2781 4435 2866 4504 ut
2919 4424 3121 4529 quod
3166 4448 3467 4527 usquam

695 4549 1040 4650 gentium
1057 4604 1078 4647 ‚
1126 4550 1412 4629 bonum
1442 4562 1520 4629 et
1553 4576 1875 4652 aequum
1912 4566 1989 4631 et
2013 4553 2299 4655 justum
2334 4577 2497 4633 esse
2534 4552 3045 4651 intelligerent
3061 4609 3081 4649 ,
3137 4549 3468 4631 lubenter

697 4675 1182 4753 imitarentur.
1257 4674 1366 4753 Ut
1399 4686 1649 4755 autem
1685 4678 1766 4753 in
1799 4703 1884 4758 re
1922 4678 2174 4755 navali
2209 4676 2673 4756 Rhodiorum
2709 4676 3183 4779 disciplinam
3216 4675 3461 4755 luben·

701 4801 984 4879 tissime
1023 4800 1176 4878 sint
1208 4801 1470 4879 imitati
1492 4860 1512 4900 ,
1551 4802 1726 4882 fecit
1761 4815 1838 4881 et
1872 4802 2337 4883 Rhodiorum
2373 4802 2697 4881 amicitia
2732 4814 2810 4881 et
2846 4803 3009 4904 ejus
3044 4802 3462 4905 disciplinae

690 4927 897 5029 justa
933 4925 1232 5005 utilitas.
1305 4926 1574 5007 Cicero
1608 4932 1786 5030 (pro
1825 4928 1997 5029 lege
2036 4928 2291 5009 Manil.
2334 4931 2477 5024 18)
2512 4928 2651 5007 Rh
2674 4958 2717 5007 o
2740 4928 2789 5007 d
2811 4929 2836 5005 i
2856 4954 3162 5026 orum,
3218 4928 3459 5029 inquit,

703 5077 1006 5155 usque
1057 5049 1172 5130 ad
1219 5066 1665 5133 nostram
1721 5058 2280 5134 memoriam
2335 5055 2893 5157 disciplina
2946 5055 3345 5133 navalis
3378 5060 3462 5129 et

699 5178 1028 5277 gloria
1081 5180 1578 5261 remansit.
1655 5180 1929 5261 Strabo
1958 5208 2281 5284 quoque
2343 5180 2592 5280 (XIV,
2634 5206 2814 5285 ¹cap.
2854 5181 2925 5259 2.
2964 5176 3035 5283 ξ.
3076 5185 3165 5276 5)
3216 5178 3456 5262 laudat
