3725 5850
1425 443 1802 518 onmpu.
2826 417 2981 494 319

1489 658 1713 732 1255.

443 795 726 876 Οὐκέτι
765 794 1038 899 ἀρεστά
1063 856 1086 890 ,
1145 796 1626 889 πεντάθλους
1663 802 2109 898 ἐσέρχεσθαι
2149 791 2441 878 παῖδας.

2004 924 2367 1017 (Pausan.
2406 921 2499 1014 V,
2540 921 2612 1017 9,
2656 919 2771 1013 1.)

1489 1037 1712 1111 1255.

442 1180 612 1254 Non
652 1180 970 1281 amplius
1007 1180 1294 1282 placet,
1353 1190 1435 1256 ut
1487 1179 1564 1255 in
1611 1177 2065 1281 quinquertii
2103 1183 2480 1252 certamen
2528 1167 2981 1250 descendant

259 1331 459 1406 pueri.

1509 1414 1733 1490 1256.

443 1561 536 1628 M
542 1550 667 1644 ἡτε
702 1552 992 1646 κάλπης
1029 1555 1170 1632 τοῦ
1210 1554 1490 1633 λοιποῦ
1522 1553 1711 1654 μήτε
1749 1551 2039 1650 ἀπήνης
2076 1556 2386 1632 ἔσεσθαι
2424 1549 2736 1649 δρόμον.

2018 1683 2373 1778 (Pausan.
2415 1682 2507 1776 V,
2550 1681 2623 1772 9,
2665 1678 2774 1771 1.)

1493 1792 1717 1868 1256.

444 1935 558 2014 Ne
595 1937 676 2014 in
713 1948 1094 2039 posterum
1130 1937 1252 2012 vel
1289 1937 1540 2038 calpes
1581 1935 1702 2011 vel
1739 1959 2019 2036 apenes
2068 1961 2288 2014 cursu
2326 1931 2827 2010 contendatur.

1489 2095 1717 2171 1257.

435 2232 575 2310 Ἐν
612 2235 724 2336 τῷ
757 2238 1274 2335 βουλευτηρίῳ
1312 2240 1468 2311 ἐστὶ
1507 2231 1701 2322 Ζεύς
1740 2229 2085 2336 ’Ὀρκιος
2149 2233 2381 2336 Παρά
2439 2234 2693 2334 τούτῳ
2741 2237 2987 2308 καθέ-

263 2387 456 2450 στηκε
491 2373 648 2448 τοῖς
687 2357 1054 2452 ἀθληταῖς
1093 2367 1229 2438 καί
1269 2359 1640 2460 πατράσιν
1673 2359 1935 2438 αὐτῶν
1971 2365 2106 2436 καὶ
2149 2358 2536 2456 ἀδελφοῖς,
2577 2360 2685 2433 ἔτι
2726 2354 2801 2432 δὲ
2841 2385 2986 2460 γυ-

255 2497 634 2582 μνασταῖς,
694 2492 813 2562 ἐπὶ
851 2485 1156 2587 κάπρου
1193 2485 1739 2589 κατόμνυσθαι
1779 2491 2069 2586 τομίων
2120 2486 2361 2584 μηδὲν
2398 2492 2469 2572 ἐς
2506 2480 2647 2560 τὸν
2693 2479 2988 2583 Ὀλυμ-

263 2617 431 2686 πίων
485 2609 750 2715 ἀγῶνα
816 2617 1124 2688 ἔσεσθαι
1163 2623 1336 2714 παρ’
1389 2611 1653 2691 αὐτῶν
1689 2612 2223 2717 κακούργημα.
2302 2615 2396 2688 Οἱ
2454 2610 2530 2687 δὲ
2592 2603 2858 2709 ἄνδρες
2914 2610 2989 2682 οἱ

263 2733 559 2828 ἀθληταί
599 2743 739 2811 καὶ
776 2736 950 2813 τόδε
987 2741 1095 2813 ἔτι
1135 2737 1903 2840 προσκατόμνυνται,
1964 2737 2149 2814 δέκα
2188 2736 2453 2833 ἐφεξῆς
2484 2734 2757 2835 μηνῶν
2793 2730 2988 2826 ἀπη-

263 2863 675 2963 κριβῶσθαί
715 2889 925 2962 σφισι
963 2861 1056 2941 τά
1099 2863 1345 2944 πάντα
1385 2873 1456 2956 ἐς
1495 2860 1844 2957 ἄσκησιν.

1870 3022 1875 3029 -
1964 2976 2322 3070 (Pausan.
2361 2975 2454 3073 V,
2494 2976 2620 3071 24,
2662 2976 2774 3067 9.)

1509 3086 1736 3160 1257.
2062 3072 2083 3099 ⁸

447 3228 534 3304 In
590 3229 797 3304 curia
851 3240 964 3304 est
1015 3231 1234 3305 Jovis
1288 3230 1624 3327 signum,
1697 3228 2206 3329 Jurisjurandi
2266 3226 2622 3304 Vindicis.
2720 3226 2991 3302 Coram

263 3350 382 3427 hoc
415 3354 718 3430 solenne
759 3366 870 3430 est
907 3355 1202 3430 athletis
1241 3354 1618 3448 omnibuS,
1658 3378 2059 3453 eorumque
2096 3352 2569 3453 parentibUS,
2612 3350 2989 3441 fratribuS‚

261 3478 603 3576 gymnasii
640 3478 1054 3576 magistri5‚
1115 3506 1338 3580 super
1400 3479 1675 3554 exsecti
1731 3478 1882 3553 suis
1938 3477 2253 3553 testibus
2310 3478 2558 3552 verbis
2609 3476 2991 3575 conceptis

263 3601 568 3701 dejerare
594 3660 611 3694 ‚
669 3603 857 3678 nihil
914 3631 992 3679 se
1053 3602 1336 3680 fraudis
1391 3602 1757 3697 facturos»,
1813 3602 2209 3702 quominus
2249 3599 2619 3702 Olympici
2657 3600 2813 3675 ludi
2849 3600 2988 3675 rite

264 3727 442 3801 fiant.
514 3725 856 3805 Athletae
910 3740 1160 3805 autem
1213 3728 1356 3804 hoc
1413 3729 1728 3830 amplius
1772 3729 2071 3828 jurant,
2130 3754 2209 3803 se
2268 3726 2529 3802 decem
2589 3734 2992 3827 perpetuos

261 3875 524 3927 menses
577 3865 920 3929 accurate
977 3854 1413 3948 meditatos,
1473 3878 1664 3954 quae
1723 3852 1818 3929 ad
1857 3851 2460 3930 exercitationem
2497 3853 2994 3953 requiruntur.

1505 4015 1728 4091 1258.

436 4146 986 4230 Ἑλλανοδίκαι
1043 4159 1241 4231 εἰσίν
1295 4148 1660 4256 ἄρχοντές
1714 4186 1909 4245 τινες
1954 4152 2295 4233 Ἠλείων
2351 4160 2426 4231 οὶ
2486 4153 2860 4241 διέποντες
2898 4150 2992 4228 τά

263 4276 438 4352 κατὰ
469 4278 610 4358 τὸν
648 4276 910 4383 ἀγῶνα
947 4280 1103 4359 τῶν
1148 4277 1621 4381 Ὀλυμπίων.
1700 4281 2120 4375 Δικάζουσι
2163 4280 2239 4358 δὲ
2276 4292 2434 4369 τοῖς
2491 4313 2567 4357 τε
2623 4277 2991 4372 ἀθληταῖς

263 4408 380 4478 καὶ
430 4417 580 4492 τοῖς
638 4399 897 4492 ἄλλοις
954 4402 1450 4510 ἀγωνισταῖς,
1509 4413 1646 4482 καὶ
1705 4407 2242 4509 προκάθηνται
2302 4414 2387 4483 ἐν
2440 4406 2549 4507 τῷ
2607 4402 2850 4511 άγῶνι
2906 4412 2991 4483 ἐν

265 4536 719 4631 πορφυρίσιν.
1495 4536 1838 4631 (Bekker
1878 4536 2158 4617 Aneod.
2198 4563 2309 4636 gr.
2351 4537 2407 4616 Ῑ.
2446 4563 2517 4638 p-
2558 4536 2779 4628 248.)

1507 4700 1731 4777 1258.

445 4822 978 4900 Hellanodicae
1019 4838 1194 4901 sunt
1231 4824 1582 4901 Eleorum
1616 4826 2094 4924 mag-istratus
2116 4882 2135 4919 ,
2192 4826 2316 4923 qui
2352 4826 2603 4901 omnia
2640 4824 2989 4921 dirigunt,

265 4970 430 5041 quae
463 4948 552 5024 ad
589 4948 998 5025 certamina
1036 4950 1434 5051 Olympica
1471 4962 1835 5053 spectant.
1913 4952 1967 5027 J
1971 4978 2057 5026 us
2116 4950 2367 5027 dicunt
2414 4963 2661 5027 autem
2697 4950 2993 5025 athletis

267 5082 326 5143 et
357 5073 644 5172 reliquis
701 5074 780 5149 in
835 5087 1210 5152 certamen
1251 5076 1915 5187 descendentibus3
1970 5076 2547 5179 praesideatque
2606 5075 2991 5154 certamini

265 5208 446 5274 veste
479 5226 852 5301 purpurea
891 5201 1150 5279 induti.
