3725 5850
655 393 758 483 54
1765 410 1890 461 ωε
1927 406 2353 461 PUBLIQUM.

1960 594 2138 677 20⁸.

879 745 1172 845 Regem
1225 746 1552 848 populus
1589 742 1838 844 eligit,
1898 741 2277 843 suffragiis
2334 742 2629 823 delectu
2684 769 2727 820 e
2785 739 3442 845 praestantissimis

666 870 943 949 habito.

1970 974 2151 1052 206.

884 1112 1044 1209 Τὴν
1099 1126 1444 1225 γυναῖκα
1497 1118 1648 1194 τοῦ
1692 1120 2061 1219 βασιλέως
2118 1112 2363 1208 ἀστὴν
2397 1112 2597 1193 εἶναι
2635 1122 2773 1192 καὶ
2802 1112 2911 1216 μή
2952 1122 3445 1221 ἐπιμεμιγμέ-

665 1270 808 1335 νην
855 1244 1078 1341 ἑτέρῳ
1137 1233 1405 1343 ἀνδρὶ,
1464 1236 1659 1319 ἀλλὰ
1718 1246 2120 1341 παρθένον
2174 1252 2452 1345 γαμεῖν
2475 1300 2496 1332 ,
2552 1244 2686 1318 ἵνα
2740 1238 2945 1317 κατὰ
3004 1237 3104 1318 τὰ
3162 1237 3445 1339 πάτρια

669 1363 960 1457 θύηται
993 1364 1092 1441 τὰ
1134 1359 1417 1469 ἄρρητα
1457 1364 1617 1472 ἱεροὶ
1655 1359 1847 1467 ὑπὲρ
1882 1362 2015 1460 τῆς
2052 1363 2335 1454 πόλεως
2370 1370 2510 1443 καὶ
2529 1364 2625 1443 τοὶ
2664 1363 3132 1468 νομιζόμενα
3165 1369 3447 1473 γίγνη-

664 1520 792 1568 ται
825 1501 988 1583 τοῖς
1032 1497 1246 1581 θεοῖς
1282 1486 1614 1595 εὐσεβῶς
1667 1494 1808 1568 καὶ
1836 1487 2083 1592 μηδὲν
2117 1487 2599 1585 καταλύηται
2625 1489 2815 1593 μηδὲ
2855 1490 3443 1594 καινοτομῆται.

2034 1616 2467 1712 (Demosth.
2506 1620 2589 1696 in
2625 1619 2700 1698 N
2702 1645 2895 1698 caer.
2940 1620 3228 1719 13⁷0.).

1964 1780 2146 1857 206.

881 1926 1092 2007 Uxor
1125 1928 1329 2028 regis
1365 1925 1552 2005 civis
1587 1936 1783 2021 estc,
1823 1937 1900 2003 et
1936 1950 2091 2005 uon
2124 1928 2344 2008 alteri
2378 1927 2771 2006 commista
2806 1925 3013 2025 viro,
3052 1925 3191 2005 sed
3227 1924 3447 2024 virgo

667 2048 1010 2134 ducenda
1029 2109 1052 2147 ‚
1104 2063 1190 2134 ut
1241 2050 1485 2152 patrio
1539 2051 1694 2130 ritu
1743 2075 2019 2131 arcana
2072 2077 2287 2131 sacra
2320 2080 2463 2157 pro
2498 2050 2891 2154 republica
2924 2051 3405 2132 immolentur
3424 2108 3443 2145 ,

669 2190 745 2257 et
773 2183 976 2275 iusta
1012 2176 1152 2253 diis
1188 2177 1314 2278 pie
1373 2178 1800 2272 solvantur,
1862 2188 1939 2254 et
1992 2202 2238 2281 neque
2298 2177 2687 2255 deseratur
2742 2202 2988 2277 neque
3048 2177 3450 2254 innovetur

667 2303 1083 2405 quicquam.

1963 2410 2140 2485 207.

872 2540 978 2625 ‘O
1017 2545 1094 2623 δὲ
1135 2554 1613 2651 πολέμαρχος
1655 2542 1836 2626 θύει
1865 2552 2015 2650 μὲν
2050 2547 2443 2651 Ἀρτέμιδι
2481 2546 2854 2657 ἀγροτέρα
2892 2552 3031 2625 καὶ
3068 2544 3177 2649 τῷ
3206 2542 3447 2623 Ἐνυ-

674 2676 907 2773 αλίῳ·
966 2670 1359 2768 διατίθησι
1415 2670 1493 2752 δὲ
1531 2671 1672 2751 τὸν
1709 2672 2121 2772 ἐπιτάφιον
2161 2672 2429 2781 ἀγῶνα
2464 2675 2622 2752 τῶν
2659 2684 2744 2753 ἐν
2782 2680 3088 2775 πολέμῳ
3127 2668 3448 2750 ἀποθα-

676 2794 976 2876 νόντων
995 2828 1011 2843 ·
1053 2804 1195 2876 καὶ
1233 2812 1392 2890 τοῖς
1431 2805 1595 2900 περὶ
1621 2792 2054 2901 Ἀρμόδιον
2088 2804 2444 2906 ἐναγίζει..

2447 2927 2757 3024 (Pollux
2796 2927 3003 3025 vm,
3044 2927 3229 3026 ot).

1969 3037 2147 3114 207.

883 3175 1306 3281 Imperator
1334 3179 1628 3258 Dianae
1665 3179 2053 3258 Venatrici
2092 3180 2462 3258 sacrificat
2498 3190 2575 3256 et
2610 3178 2854 3258 Marti.
2904 3176 3227 3256 Ordinat
3260 3201 3447 3279 quo-

675 3329 820 3406 que
859 3315 1238 3381 certamen
1275 3305 1592 3382 funebre
1632 3331 1930 3402 eorum,
1992 3305 2119 3407 qui
2174 3304 2377 3384 bello
2434 3304 2793 3384 cecidere.
2883 3305 2983 3382 Et
3036 3303 3451 3384 Harmodio

674 3429 974 3530 suisque
1009 3429 1438 3531 paruntalia
1469 3431 1820 3508 celebrat.
2522 3455 2529 3464 ·

1974 3537 2153 3614 208.

870 3671 1081 3753 ‘'06oe
1116 3685 1277 3766 τοῖς
1332 3679 1680 3765 πολίταις
1733 3669 1777 3754 ὃ
1817 3670 2091 3776 ἅρχων
2110 3731 2133 3768 ,
2188 3673 2439 3752 ταῦτα
2494 3685 2653 3766 τοῖς
2702 3677 3098 3771 μετοίκοις
3135 3667 3181 3754 ὃ
3219 3679 3454 3755 πολέ-

667 3829 992 3903 μαρχος.
2050 3803 2634 3908 (Harpocratioz
2673 3804 3233 3902 πολέμαρχος.).

1972 3949 2152 4028 208.

888 4089 1435 4197 Quodcumque
1509 4089 1783 4170 archon
1859 4091 2150 4170 civibus
2171 4150 2189 4186 ‚
2263 4091 2344 4170 id
2397 4103 2732 4198 praestat
2801 4091 3184 4194 inquilinis
3236 4094 3452 4198 pole·

675 4213 1044 4294 mai-chus.

1968 4323 2159 4401 209.

878 4455 904 4486 ‘
918 4464 986 4539 Ο
1020 4466 1499 4562 πολέμαρχος
1553 4468 2014 4564 ἐπιμελεῖται
2069 4465 2220 4542 τοῦ
2270 4471 2686 4566 τρέφεσθαι
2742 4471 2841 4542 ἐκ
2870 4465 3019 4542 τοῦ
3074 4463 3455 4566 δημοσίου

679 4583 862 4674 τούς
901 4583 1177 4675 παῖδας
1210 4587 1372 4664 τῶν
1405 4585 1989 4667 ἀποθανόντων
2022 4594 2393 4695 γενναίως
2427 4595 2517 4668 ἐν
2550 4589 2663 4692 τῷ
2696 4593 3025 4692 πολέμῳ.

1506 4715 1796 4812 (Schol.
1831 4717 1915 4794 in
1950 4717 2335 4797 Demosth.
2374 4718 2781 4797 Timocrat.
2821 4719 3001 4817 706,
3043 4720 3231 4816 12).

1969 4880 2151 4960 209.

891 5019 1310 5122 Imperator
1363 5031 1576 5103 curat
1627 5033 1710 5101 ut
1765 5049 1860 5104 ex
1914 5022 2219 5126 publico
2264 5023 2561 5104 alantur
2597 5049 2857 5108 eorum
2890 5025 3109 5106 liberi
3128 5081 3149 5122 ‚
3199 5026 3334 5128 qui
3368 5026 3454 5106 in

677 5143 881 5224 bello
917 5154 1219 5231 strenue
1257 5144 1690 5227 occubuere.
