3725 5850
1058 428 1154 475 DE
1192 425 1661 477 sUBs‘rANTlA
1704 428 1797 475 m*
1840 429 2334 477 PossnssmNE.
2915 402 3066 474 375

299 616 561 719 λόγος,
621 606 723 701 ὦς
759 612 848 689 τὸ
890 610 1297 713 ἀλλότριον
1336 618 1827 704 πωλησαντα·
1889 619 1962 688 εἰ
1999 613 2072 689 δὲ
2105 612 2210 711 μὴ
2254 612 2586 710 ἐπιδείξῃ
2613 673 2632 703 ,
2698 612 2882 711 πρὸς
2921 610 3071 687 αὖ-

299 742 438 818 τὸν
476 740 612 817 τὸν
653 746 957 838 ἔχοντα.
1830 746 2125 838 (Lexic.
2167 745 2475 845 Seguer.
2517 773 2588 846 p.
2636 745 2860 835 246.)

506 1048 895 1125 Actionem
936 1048 1029 1123 ad
1072 1046 1571 1125 exhibendum
1612 1046 2009 1121 intendunt
2041 1048 2131 1141 ii,
2177 1048 2299 1145 qui
2341 1048 2614 1122 amissa
2656 1056 2867 1147 parte
2910 1072 3074 1121 suo-

297 1202 455 1251 rum
489 1174 913 1249 utensilium
954 1173 1069 1248 vel
1111 1200 1497 1249 servorum
1534 1172 1655 1247 vel
1693 1200 2050 1275 pecorum
2101 1174 2222 1248 vel
2281 1173 2388 1247 rei
2448 1174 2867 1265 familiariS,
2939 1200 3070 1246 no-

296 1312 466 1376 runt
503 1300 703 1399 apud
743 1324 1139 1399 quemnam
1180 1298 1312 1391 sit,
1374 1299 1569 1398 quod
1610 1299 2034 1375 amiserant.
2115 1298 2260 1373 Per
2296 1297 2488 1372 hanc
2527 1300 2899 1373 actionem
2935 1298 3072 1394 igi·

296 1440 413 1501 tur
453 1438 732 1525 cogunt
771 1452 977 1521 eum,
1019 1426 1140 1525 qui
1181 1423 1310 1499 illa
1346 1424 1596 1519 habet,
1641 1423 1996 1499 exhibere
2040 1422 2284 1523 spolia
2323 1434 2397 1498 et
2434 1451 2480 1499 a
2520 1450 2664 1525 quo
2704 1423 2834 1504 illa
2873 1450 3069 1497 eme-

296 1553 407 1625 rit.
482 1550 559 1627 Si
585 1554 749 1652 jam
787 1551 1255 1626 venditorem
1295 1550 1743 1644 ostenderit,
1787 1550 1914 1647 qui
1954 1550 2200 1625 aliena
2240 1548 2497 1645 habet,
2541 1561 2806 1625 contra
2842 1548 3070 1637 illum,

296 1688 645 1775 tanquam
701 1677 825 1776 qui
875 1676 1119 1751 aliena
1157 1675 1531 1769 vendidit,
1590 1674 1819 1749 oritur
1873 1674 1966 1749 lis
2009 1674 2384 1775 jacturam
2441 1700 2708 1777 passo;
2765 1675 2880 1751 sin
2920 1700 3072 1751 non

298 1802 739 1897 ostenderit,
782 1811 1045 1902 contra
1084 1802 1369 1903 ipsum,
1412 1802 1539 1902 qui
1577 1802 1822 1877 habet.
2511 1803 2517 1813 '

1571 1982 1803 2053 1459.

515 2120 643 2219 Τῷ
684 2120 1057 2196 δοκοῦντι
1097 2126 1455 2217 κατέχειν
1475 2117 1567 2193 τά
1591 2115 1956 2217 ἀλλότρια
1979 2126 2124 2193 καὶ
2156 2116 2264 2216 μή
2307 2124 2412 2205 εἰς
2450 2126 2786 2217 ἐμφανὲς
2824 2114 3069 2223 ἄγειν,

300 2245 661 2345 ἐπιβολήν
698 2246 1157 2345 ἐπιβάλλειν.
1358 2248 1648 2341 (LexiO.
1690 2247 1998 2348 Seguer.
2044 2250 2222 2323 254.
2263 2276 2320 2325 s.
2361 2276 2430 2323 v.
2472 2242 2852 2342 ἐπιβολή.)

1580 2428 1803 2503 1459.

505 2575 649 2667 Qui
712 2575 913 2649 visus
971 2574 1191 2649 fuerit
1246 2574 1489 2649 aliena
1546 2573 1911 2667 retinere,
1973 2574 2223 2648 necin
2267 2574 2649 2674 publicum
2689 2576 3068 2675 proferre,

301 2702 359 2774 ei
399 2700 669 2777 mulcta
708 2698 1097 2775 arbitraria
1135 2699 1586 2797 imponatur.

1560 2876 1782 2951 1460.

492 3013 607 3094 ‘H
644 3019 879 3120 δωρεά
925 3018 1128 3107 δόσις
1166 3025 1373 3095 ἐστὶν·
1413 3015 1920 3102 ἀναπόδοτος.

1630 3147 2048 3240 (Aristotel.
2089 3141 2356 3246 Topic.
2399 3145 2529 3240 IV,
2573 3146 2641 3237 4,
2689 3145 2848 3237 12.)

1576 3326 1798 3400 1460.

503 3473 831 3548 Donat-io
872 3481 982 3546 est
1023 3471 1224 3546 datio
1264 3497 1417 3546 non
1455 3467 1931 3546 restituenda.

1568 3651 1791 3726 1461.

504 3790 644 3881 ,Μή
689 3793 1034 3868 κτᾶσθαι
1075 3792 1219 3896 γῆν
1259 3783 1548 3882 ὁπόσην
1589 3787 1695 3865 ἰίν
1728 3790 2106 3890 βούληταί
2145 3823 2272 3877 τις.

1188 3920 1603 4013 (Aristotel.
1646 3921 1863 3997 Polit.
1907 3922 2001 4015 ΙΙ,
2047 3923 2116 4014 4,
2158 3923 2226 3996 4.
2287 3921 2444 3995 Lex
2485 3919 2844 4014 Solonis.)

1555 4099 1779 4177 1461.

500 4247 617 4326 Ne
655 4247 877 4327 liceat
912 4257 1203 4326 tantum
1241 4247 1401 4348 agri
1442 4271 1874 4352 comparare
1892 4227 1916 4342 ⁸,
1957 4257 2322 4358 quantum
2360 4243 2669 4348 quisque
2710 4241 2911 4324 velit.
