3725 5850
802 430 1415 502 coumnnmnms
1454 399 1560 496 An
1601 437 1760 496 1525.
1801 437 1963 499 1526.
2008 437 2164 498 152⁷.
2211 439 2368 500 1537.
2412 436 2569 500 1538.
2926 412 3093 496 6³5·

305 641 512 722 sibus
545 641 905 744 piacitam
941 637 1210 736 fuisse,
1251 645 1567 741 apparet
1604 661 1698 714 ex
1737 635 2091 714 Isocratis
2133 637 2467 715 oratione
2505 647 2767 714 contra
2804 637 3085 738 Euthy-

305 793 527 858 num,
583 765 714 842 ubi
755 761 820 868 ξ.
863 765 932 842 4.
971 763 1284 864 legitur:
1347 763 1587 863 Νικίᾳ
1647 752 1829 836 οὔτε
1888 765 2683 861 παρακατατιθεμὲνῳ
2739 757 2835 836 τοὶ
2881 757 3087 860 χρή*

299 916 510 988 ματα
552 883 734 966 οὔτε
771 891 1266 990 κομιζομένῳ
1325 885 1578 975 οὐδεὶς
1635 879 1808 964 οὔτ’
1846 882 2249 986 ἐλεύθερος
2304 879 2487 963 οὔτε
2536 885 2817 973 δοῦλος
2856 899 3095 984 napa-³

304 1021 609 1122 γένετο,
687 1009 877 1092 ὥστε
924 1011 1100 1112 μήτ’
1157 1019 1252 1091 ἐκ
1305 1009 1681 1113 βασάνων
1725 1007 1903 1112 μήτ’
1960 1017 2053 1088 ἐκ
2099 1008 2518 1112 μαρτύρων
2591 1007 2833 1088 οἶὸντ’
2888 999 3088 1087 εἶνᾶι

305 1138 604 1246 γνῶναι
644 1144 810 1240 περὶ
849 1134 1133 1219 αὐτῶν.
1213 1143 1512 1235 (Niciae
1569 1159 1812 1240 neque
1853 1137 2261 1242 deponenti
2298 1141 2655 1242 pecunias
2692 1164 2936 1241 neque
2973 1165 3085 1216 re-

309 1269 615 1374 cipienti
653 1269 1042 1372 quisquam
1083 1266 1327 1344 adfuit
1363 1265 1486 1344 vel
1521 1265 1897 1364 ingenuus
1916 1264 2035 1341 vel
2055 1289 2337 1343 servus.
2377 1267 2641 1368 Itaque
2678 1291 2821 1345 nec
2858 1286 3083 1366 quae-

308 1395 672 1474 stionibus
709 1418 846 1474 nec
883 1394 1200 1473 testibus
1239 1418 1358 1473 res
1395 1391 1698 1498 probari
1733 1393 2049 1494 potest.)

1454 1603 1608 1692 Ad
1659 1605 1951 1690 1525.

524 1773 644 1852 Of.
697 1776 976 1854 Lexica
1029 1774 1336 1876 Seguer.
1395 1801 1468 1879 p.
1513 1772 1690 1868 191,
1753 1771 1933 1850 279.
2010 1769 2257 1850 Schol.
2316 1773 2391 1849 in
2452 1769 2791 1850 Aeschin.
2850 1765 3087 1845 Ctesi-

310 1899 568 2001 phont.
613 1899 791 1978 125.

1467 2001 1620 2085 Ad
1658 2003 1947 2086 1520.

411 2135 428 2146 ’
527 2150 1022 2228 Demosth.
1064 2150 1264 2227 adv.
1307 2150 1893 2253 Apaturium
1928 2149 2128 2225 896:
2169 2151 2504 2228 Instante
2530 2149 2819 2251 judicio
2856 2147 3098 2226 defert

312 2277 692 2355 Parmeno
709 2275 1237 2379 jusjurandum
1275 2275 1642 2380 Apaturio
1681 2277 1774 2353 de
1816 2275 2267 2378 quibusdam
2300 2276 2756 2353 criminibus.
2829 2271 2919 2350 ld
2954 2274 3093 2348 iste

310 2402 617 2504 accipit,
660 2403 1000 2504 deposita
1035 2402 1356 2505 pecunia
1391 2396 2017 2497 (ἐπιδιαθέμενος
2054 2393 2495 2502 ἀργύριον),
2548 2397 2688 2478 nisi
2714 2392 3093 2503 jusjuran-

310 2528 492 2606 dum
526 2527 711 2605 illud
738 2529 1046 2630 juraret.

1450 2630 1603 2714 Ad
1652 2631 1945 2714 1527.

527 2780 1026 2881 Harpocratio
1051 2807 1068 2853 ε
1117 2773 1209 2850 'E
1230 2808 1284 2850 π
1306 2806 1332 2851 ι
1352 2807 1395 2852 τ
1417 2807 1442 2850 ι
1456 2807 1519 2874 μ
1542 2807 1584 2867 η
1605 2808 1645 2850 τ
1668 2805 1717 2851 α
1742 2780 1769 2850 ι’
1793 2807 1818 2850 .·
1880 2779 1977 2852 Οἱ
2014 2778 2167 2874 μὲν
2202 2773 2292 2852 τὸ
2332 2775 2639 2876 πρῶτον
2674 2775 3097 2877 τιμώμενοί

309 2932 384 2978 τι
431 2934 520 2978 τι
530 2935 594 3002 μ
617 2906 840 2995 ηταὶ
889 2901 1370 2991 ἐκαλοῦντο,
1429 2903 1504 2977 οἱ
1543 2899 1622 2979 δὲ
1659 2908 1822 2988 τοῖς
1861 2899 2029 2993 ἑξῆς
2066 2903 2262 2977 ἔτεσι
2298 2896 2395 2977 τὰ
2436 2895 2639 2979 αὐτὰ
2676 2897 3098 3002 τιμώμενοι

309 3037 532 3106 :inm
553 3058 847 3129 ιμῃτα
872 3032 922 3109 ἰ.
983 3033 1172 3127 (Qui
1208 3031 1528 3133 primum
1565 3030 1844 3130 aliquid
1882 3029 2427 3125 aestimabant,
2468 3032 2941 3107 vocabantur
2974 3056 3097 3101 τι-

308 3159 589 3255 μηταὶ,
632 3160 757 3260 qui
795 3183 974 3236 vero
1015 3158 1496 3259 sequentibus
1535 3157 1750 3234 annis
1785 3156 1987 3233 idem
2024 3155 2566 3253 aestimabant,
2604 3154 3099 3251 ἐπιτιμηταί.)

1471 3368 1623 3451 Ad
1657 3368 1949 3451 15³⁷.

451 3534 460 3540 ’
529 3536 838 3637 Gajus,
881 3536 1062 3613 inl.
1104 3536 1174 3611 3.
1229 3536 1441 3637 Dig.
1480 3532 1796 3627 XLVII,
1839 3513 1963 3610 22'.
2023 3533 2548 3643 deeolleg.
2608 3546 2703 3612 et
2756 3562 3095 3640 corpo-

313 3662 466 3739 rib
487 3689 535 3738 u
555 3688 630 3741 s:
692 3660 1056 3758 „Sodales
1111 3674 1325 3757 sunt,
1383 3664 1510 3763 qui
1569 3661 1901 3763 ejusdem
1952 3661 2249 3760 collegii
2288 3672 2497 3753 sunt,
2556 3688 2783 3763 quam
2823 3663 3097 3743 Graeci

315 3788 660 3885 ἑταιρίαν
696 3800 1006 3887 vocant3
1061 3790 1176 3865 his
1214 3799 1466 3865 autem
1503 3798 1954 3892 potestatem
1980 3788 2175 3863 facit
2213 3787 2352 3881 leX,
2390 3790 2832 3889 pactionem,
2874 3814 3099 3889 quam

313 3916 591 4009 velint,
651 3914 792 3989 sibi
851 3916 1078 4010 ferre,
1135 3914 1314 3991 dum
1351 3940 1454 4013 ne,
1489 3914 1670 4014 quid
1708 3940 1801 3990 ex
1839 3913 2147 4014 publica
2182 3911 2349 4011 lege
2391 3926 2906 4016 corrumpant3
2960 3916 3097 3993 sed

315 4039 500 4115 haec
535 4040 658 4117 lex
698 4039 995 4117 videtur
1033 4066 1124 4115 ex
1163 4040 1336 4140 lege
1375 4038 1670 4117 Solonis
1725 4038 2089 4115 translata
2144 4064 2305 4115 esse
2328 4094 2347 4133 ,
2404 4066 2578 4118 nam
2617 4039 2768 4117 illic
2804 4040 2909 4117 ita
2945 4052 3097 4117 est:

315 4157 458 4237 ἐὰν
495 4160 576 4237 δέ
613 4159 848 4261 δῆμος
885 4166 1073 4243 etc.“
1712 4228 1717 4233 .

1466 4266 1618 4349 Ad
1652 4268 1943 4352 1538.

531 4431 1044 4510 Aristotel.
1093 4435 1406 4512 Ethio.
1459 4426 1822 4513 Ni'oom.
1865 4434 2074 4531 VIII,
2116 4438 2187 4535 9,
2230 4438 2481 4511 4--5z
2540 4438 2817 4515 Omnes
2855 4438 3088 4515 socie-

315 4568 506 4635 tates
545 4567 720 4634 sunt
755 4567 1114 4660 tanquam
1154 4560 1522 4661 quaedam
1561 4560 1798 4637 civilis
1851 4559 2229 4637 societatis
2264 4572 2539 4664 partes.
2616 4560 3100 4640 Conveniunt

316 4684 515 4761 enim
570 4682 901 4761 homines
957 4710 1184 4785 quum
1241 4686 1717 4762 emolumenti
1772 4686 2091 4788 alicujus
2146 4688 2429 4785 gratia,
2489 4698 2649 4763 tum
2696 4698 2778 4764 ut
2816 4686 3095 4787 aliquid

313 4820 681 4913 quaerant
717 4836 809 4887 ac
858 4819 1130 4912 parent
1182 4812 1382 4889 vitae
1440 4812 2025 4889 necessariorum
2032 4868 2290 4891 .....
2330 4812 2646 4891 Ceterae
2700 4814 3097 4891 societates

313 4963 454 5038 pro
509 4959 645 5011 sua
701 4960 1040 5036 quaeque
1095 4946 1308 5037 parte
1363 4937 1546 5015 utile
1605 4946 2015 5038 expetunt:
2070 4938 2288 5020 verbi
2342 4938 2623 5038 gratia,
2690 4948 2965 5016 nautae
3017 4938 3096 5015 id

315 5062 516 5164 quod
555 5088 597 5139 e
631 5060 1112 5161 navigatione
1151 5064 1570 5161 quaeritur,
1618 5074 1700 5138 ut
1737 5061 2137 5162 pecuniam
2174 5065 2614 5159 conficiant,
2654 5074 2783 5139 aut
2817 5064 3094 5165 aliquid

315 5192 470 5267 tale
507 5197 1100 5289 consequantur:
1151 5188 1736 5283 commilitones,
1771 5187 1848 5265 id
1888 5190 2090 5290 quod
2124 5189 2326 5267 bello
2362 5200 2707 5291 param-3
2762 5190 3095 5295 itemque
