<?xml version="1.0" encoding="UTF-8"?>
<!DOCTYPE html PUBLIC "-//W3C//DTD XHTML 1.0 Transitional//EN"
    "http://www.w3.org/TR/xhtml1/DTD/xhtml1-transitional.dtd">
<html xmlns="http://www.w3.org/1999/xhtml" xml:lang="en" lang="en">
 <head>
  <title>
</title>
<meta http-equiv="Content-Type" content="text/html;charset=utf-8" />
  <meta name='ocr-system' content='tesseract 3.04.00' />
  <meta name='ocr-capabilities' content='ocr_page ocr_carea ocr_par ocr_line ocrx_word'/>
</head>
<body>
  <div class='ocr_page' id='page_1' title='image "./synaggtnattiknn01tlgoog_0336.png"; bbox 0 0 3725 5850; ppageno 0'>
   <div class='ocr_carea' id='block_1_1' title="bbox 705 465 2389 544">
    <p class='ocr_par' dir='ltr' id='par_1_1' title="bbox 705 465 2389 544">
     <span class='ocr_line' id='line_1_1' title="bbox 705 465 2389 544; baseline -0.004 -1"><span class='ocrx_word' id='word_1_1' title='bbox 705 465 864 544; x_wconf 80' lang='lat'><strong>31⁰</strong></span> <span class='ocrx_word' id='word_1_2' title='bbox 1804 485 1928 538; x_wconf 79' lang='lat' dir='ltr'><strong>ms</strong></span> <span class='ocrx_word' id='word_1_3' title='bbox 1964 479 2389 538; x_wconf 73' lang='lat' dir='ltr'><strong>Pnnmcmu.</strong></span> 
     </span>
    </p>
   </div>
   <div class='ocr_carea' id='block_1_2' title="bbox 701 675 3470 1524">
    <p class='ocr_par' dir='ltr' id='par_1_2' title="bbox 701 675 3470 1524">
     <span class='ocr_line' id='line_1_2' title="bbox 1986 675 2212 752; baseline 0.018 -4"><span class='ocrx_word' id='word_1_4' title='bbox 1986 675 2212 752; x_wconf 83' lang='lat'><strong>1215.</strong></span> 
     </span>
     <span class='ocr_line' id='line_1_3' title="bbox 919 813 3470 920; baseline -0.003 -22"><span class='ocrx_word' id='word_1_5' title='bbox 919 819 1028 898; x_wconf 81' lang='grc' dir='ltr'><strong>Τὸ</strong></span> <span class='ocrx_word' id='word_1_6' title='bbox 1103 829 1576 920; x_wconf 79' lang='grc' dir='ltr'><em>παρανομεῖν</em></span> <span class='ocrx_word' id='word_1_7' title='bbox 1650 822 1756 903; x_wconf 85' lang='grc' dir='ltr'><em>εἰς</em></span> <span class='ocrx_word' id='word_1_8' title='bbox 1831 814 2143 913; x_wconf 84' lang='grc' dir='ltr'><em>κήρυκα</em></span> <span class='ocrx_word' id='word_1_9' title='bbox 2218 821 2357 890; x_wconf 83' lang='grc' dir='ltr'><em>καὶ</em></span> <span class='ocrx_word' id='word_1_10' title='bbox 2434 819 2816 918; x_wconf 79' lang='grc' dir='ltr'><em>πρέσβεις,</em></span> <span class='ocrx_word' id='word_1_11' title='bbox 2902 818 3137 894; x_wconf 80' lang='grc' dir='ltr'><em>πᾶσιν</em></span> <span class='ocrx_word' id='word_1_12' title='bbox 3208 813 3470 914; x_wconf 80' lang='grc' dir='ltr'><em>ἀσεβὲς</em></span> 
     </span>
     <span class='ocr_line' id='line_1_4' title="bbox 701 945 3253 1066; baseline 0 -43"><span class='ocrx_word' id='word_1_13' title='bbox 701 945 895 1024; x_wconf 82' lang='grc' dir='ltr'><em>εἶναι</em></span> <span class='ocrx_word' id='word_1_14' title='bbox 937 946 1175 1027; x_wconf 85' lang='grc' dir='ltr'><em>δοκεῖ.</em></span> <span class='ocrx_word' id='word_1_15' title='bbox 1949 945 2374 1037; x_wconf 84' lang='lat' dir='ltr'><strong>(Demosth.</strong></span> <span class='ocrx_word' id='word_1_16' title='bbox 2426 946 2684 1023; x_wconf 82' lang='lat' dir='ltr'><strong>literae</strong></span> <span class='ocrx_word' id='word_1_17' title='bbox 2724 947 2988 1051; x_wconf 83' lang='lat' dir='ltr'><strong>Philip.</strong></span> <span class='ocrx_word' id='word_1_18' title='bbox 3034 948 3253 1066; x_wconf 54' lang='grc'><strong>159.)</strong></span> 
     </span>
     <span class='ocr_line' id='line_1_5' title="bbox 1977 1123 2205 1200; baseline 0.018 -4"><span class='ocrx_word' id='word_1_19' title='bbox 1977 1123 2205 1200; x_wconf 86' lang='grc'><strong>1215.</strong></span> 
     </span>
     <span class='ocr_line' id='line_1_6' title="bbox 910 1267 3339 1371; baseline -0.003 -22"><span class='ocrx_word' id='word_1_20' title='bbox 910 1273 1500 1349; x_wconf 82' lang='lat' dir='ltr'><strong>Caduceatorem</strong></span> <span class='ocrx_word' id='word_1_21' title='bbox 1540 1283 1614 1346; x_wconf 90' lang='lat' dir='ltr'><strong>et</strong></span> <span class='ocrx_word' id='word_1_22' title='bbox 1649 1271 1938 1366; x_wconf 84' lang='lat' dir='ltr'><strong>legatos</strong></span> <span class='ocrx_word' id='word_1_23' title='bbox 1978 1267 2259 1344; x_wconf 82' lang='lat' dir='ltr'><strong>violare</strong></span> <span class='ocrx_word' id='word_1_24' title='bbox 2300 1270 2643 1345; x_wconf 88' lang='lat' dir='ltr'><strong>omnibus</strong></span> <span class='ocrx_word' id='word_1_25' title='bbox 2682 1271 2992 1371; x_wconf 89' lang='lat' dir='ltr'><strong>impium</strong></span> <span class='ocrx_word' id='word_1_26' title='bbox 3032 1269 3339 1346; x_wconf 89' lang='lat' dir='ltr'><strong>videtur.</strong></span> 
     </span>
     <span class='ocr_line' id='line_1_7' title="bbox 1964 1448 2193 1524; baseline 0.022 -5"><span class='ocrx_word' id='word_1_27' title='bbox 1964 1448 2193 1524; x_wconf 82' lang='lat'><strong>1216.</strong></span> 
     </span>
    </p>
   </div>
   <div class='ocr_carea' id='block_1_3' title="bbox 685 1585 3471 2196">
    <p class='ocr_par' dir='ltr' id='par_1_3' title="bbox 685 1585 3471 2196">
     <span class='ocr_line' id='line_1_8' title="bbox 896 1585 3463 1696; baseline -0.002 -29"><span class='ocrx_word' id='word_1_28' title='bbox 896 1588 1112 1668; x_wconf 80' lang='grc' dir='ltr'><em>Ἐπεὶ</em></span> <span class='ocrx_word' id='word_1_29' title='bbox 1171 1585 1214 1670; x_wconf 80' lang='grc' dir='ltr'>ὅ</span> <span class='ocrx_word' id='word_1_30' title='bbox 1277 1593 1658 1691; x_wconf 80' lang='grc' dir='ltr'><em>πεμφθεὶς</em></span> <span class='ocrx_word' id='word_1_31' title='bbox 1731 1585 1975 1686; x_wconf 74' lang='grc' dir='ltr'><em>κῆρυξ</em></span> <span class='ocrx_word' id='word_1_32' title='bbox 2030 1592 2243 1690; x_wconf 80' lang='grc' dir='ltr'><em>αἰτίᾳ</em></span> <span class='ocrx_word' id='word_1_33' title='bbox 2310 1588 2467 1666; x_wconf 78' lang='grc' dir='ltr'><em>τῶν</em></span> <span class='ocrx_word' id='word_1_34' title='bbox 2540 1597 2970 1696; x_wconf 78' lang='grc' dir='ltr'><em>Μεγαρέων</em></span> <span class='ocrx_word' id='word_1_35' title='bbox 3044 1587 3463 1677; x_wconf 81' lang='grc' dir='ltr'><em>ἀπέθανεν,</em></span> 
     </span>
     <span class='ocr_line' id='line_1_9' title="bbox 695 1711 3471 1816; baseline -0.001 -24"><span class='ocrx_word' id='word_1_36' title='bbox 695 1712 1094 1794; x_wconf 70' lang='grc' dir='ltr'><em>ἄσπονδον</em></span> <span class='ocrx_word' id='word_1_37' title='bbox 1120 1723 1272 1816; x_wconf 82' lang='grc' dir='ltr'><em>μὲν</em></span> <span class='ocrx_word' id='word_1_38' title='bbox 1307 1716 1504 1793; x_wconf 85' lang='grc' dir='ltr'><em>εἶναι</em></span> <span class='ocrx_word' id='word_1_39' title='bbox 1543 1721 1680 1790; x_wconf 87' lang='grc' dir='ltr'><em>καὶ</em></span> <span class='ocrx_word' id='word_1_40' title='bbox 1722 1711 2174 1813; x_wconf 76' lang='grc' dir='ltr'><em>ἀκήρυκτον</em></span> <span class='ocrx_word' id='word_1_41' title='bbox 2230 1719 2574 1816; x_wconf 55' lang='grc' dir='ltr'><em>ἐῂγθραν,</em></span> <span class='ocrx_word' id='word_1_42' title='bbox 2634 1711 2717 1803; x_wconf 76' lang='grc' dir='ltr'><strong>ὃς</strong></span> <span class='ocrx_word' id='word_1_43' title='bbox 2776 1715 2843 1790; x_wconf 87' lang='grc' dir='ltr'><strong>δ’</strong></span> <span class='ocrx_word' id='word_1_44' title='bbox 2900 1711 3003 1792; x_wconf 73' lang='grc' dir='ltr'><em>ἂν</em></span> <span class='ocrx_word' id='word_1_45' title='bbox 3057 1714 3283 1814; x_wconf 76' lang='grc' dir='ltr'><em>ἐπιβῇ</em></span> <span class='ocrx_word' id='word_1_46' title='bbox 3342 1713 3471 1804; x_wconf 86' lang='grc' dir='ltr'><strong>τῆς</strong></span> 
     </span>
     <span class='ocr_line' id='line_1_10' title="bbox 685 1836 3467 1948; baseline -0.002 -28"><span class='ocrx_word' id='word_1_47' title='bbox 685 1840 1045 1934; x_wconf 79' lang='grc' dir='ltr'><strong>Ἀττικῆς</strong></span> <span class='ocrx_word' id='word_1_48' title='bbox 1101 1849 1568 1948; x_wconf 75' lang='grc' dir='ltr'><em>Μεγαρέων,</em></span> <span class='ocrx_word' id='word_1_49' title='bbox 1629 1836 1957 1936; x_wconf 78' lang='grc' dir='ltr'><em>θανάτῳ</em></span> <span class='ocrx_word' id='word_1_50' title='bbox 2024 1840 2537 1939; x_wconf 75' lang='grc' dir='ltr'><em>ζημιοῦσθαι,</em></span> <span class='ocrx_word' id='word_1_51' title='bbox 2594 1839 2776 1930; x_wconf 77' lang='grc' dir='ltr'><strong>τούς</strong></span> <span class='ocrx_word' id='word_1_52' title='bbox 2836 1839 2913 1918; x_wconf 83' lang='grc' dir='ltr'><strong>δὲ</strong></span> <span class='ocrx_word' id='word_1_53' title='bbox 2972 1837 3467 1946; x_wconf 76' lang='grc' dir='ltr'><em>στρατηγούς,</em></span> 
     </span>
     <span class='ocr_line' id='line_1_11' title="bbox 694 1962 3464 2069; baseline -0.003 -24"><span class='ocrx_word' id='word_1_54' title='bbox 694 1965 886 2045; x_wconf 83' lang='grc' dir='ltr'><em>ὅταν</em></span> <span class='ocrx_word' id='word_1_55' title='bbox 943 1965 1284 2069; x_wconf 84' lang='grc' dir='ltr'><em>ὀμνύωσι</em></span> <span class='ocrx_word' id='word_1_56' title='bbox 1341 1966 1483 2043; x_wconf 85' lang='grc' dir='ltr'><em>τὸν</em></span> <span class='ocrx_word' id='word_1_57' title='bbox 1540 1962 1862 2063; x_wconf 86' lang='grc' dir='ltr'><em>πάτριον</em></span> <span class='ocrx_word' id='word_1_58' title='bbox 1924 1965 2211 2066; x_wconf 84' lang='grc' dir='ltr'><em>ὅρκον,</em></span> <span class='ocrx_word' id='word_1_59' title='bbox 2269 1966 2727 2066; x_wconf 73' lang='grc' dir='ltr'><em>ἐπομνύειν,</em></span> <span class='ocrx_word' id='word_1_60' title='bbox 2786 1964 2906 2043; x_wconf 81' lang='grc' dir='ltr'><strong>ὅτι</strong></span> <span class='ocrx_word' id='word_1_61' title='bbox 2962 1973 3103 2042; x_wconf 82' lang='grc' dir='ltr'><em>καὶ</em></span> <span class='ocrx_word' id='word_1_62' title='bbox 3152 1965 3269 2052; x_wconf 78' lang='grc' dir='ltr'><strong>δὶς</strong></span> <span class='ocrx_word' id='word_1_63' title='bbox 3308 1963 3464 2042; x_wconf 81' lang='grc' dir='ltr'><strong>ἇνὰ</strong></span> 
     </span>
     <span class='ocr_line' id='line_1_12' title="bbox 693 2091 2368 2196; baseline 0.002 -27"><span class='ocrx_word' id='word_1_64' title='bbox 693 2095 850 2170; x_wconf 77' lang='grc' dir='ltr'><em>πᾶν</em></span> <span class='ocrx_word' id='word_1_65' title='bbox 887 2097 1052 2181; x_wconf 72' lang='grc' dir='ltr'><em>ἔτος</em></span> <span class='ocrx_word' id='word_1_66' title='bbox 1089 2098 1195 2180; x_wconf 85' lang='grc' dir='ltr'><em>εἰς</em></span> <span class='ocrx_word' id='word_1_67' title='bbox 1230 2092 1373 2184; x_wconf 84' lang='grc' dir='ltr'><em>τὴν</em></span> <span class='ocrx_word' id='word_1_68' title='bbox 1421 2091 1885 2196; x_wconf 75' lang='grc' dir='ltr'><em>Μεγαρικὴν</em></span> <span class='ocrx_word' id='word_1_69' title='bbox 1923 2091 2368 2194; x_wconf 78' lang='grc' dir='ltr'><em>ἐμβαλοῦσι.</em></span> 
     </span>
    </p>
   </div>
   <div class='ocr_carea' id='block_1_4' title="bbox 1966 2219 3244 2406">
    <p class='ocr_par' dir='ltr' id='par_1_4' title="bbox 1966 2219 3244 2406">
     <span class='ocr_line' id='line_1_13' title="bbox 1966 2219 3244 2406; baseline -0.002 -108"><span class='ocrx_word' id='word_1_70' title='bbox 1966 2333 2168 2406; x_wconf 67' lang='lat'>12¹6</span> <span class='ocrx_word' id='word_1_71' title='bbox 2316 2221 2735 2316; x_wconf 81' lang='lat' dir='ltr'><strong>(Plutarch.</strong></span> <span class='ocrx_word' id='word_1_72' title='bbox 2776 2220 3034 2298; x_wconf 80' lang='lat' dir='ltr'><strong>Pericl.</strong></span> <span class='ocrx_word' id='word_1_73' title='bbox 3079 2219 3244 2314; x_wconf 84' lang='grc'><strong>30.)</strong></span> 
     </span>
    </p>
   </div>
   <div class='ocr_carea' id='block_1_5' title="bbox 687 2471 3474 3077">
    <p class='ocr_par' dir='ltr' id='par_1_5' title="bbox 687 2471 3474 3077">
     <span class='ocr_line' id='line_1_14' title="bbox 905 2471 3473 2572; baseline -0.001 -24"><span class='ocrx_word' id='word_1_74' title='bbox 905 2474 1158 2567; x_wconf 81' lang='lat' dir='ltr'><strong>Quum</strong></span> <span class='ocrx_word' id='word_1_75' title='bbox 1192 2473 1672 2572; x_wconf 81' lang='lat' dir='ltr'>Megarenses</span> <span class='ocrx_word' id='word_1_76' title='bbox 1710 2475 2016 2550; x_wconf 90' lang='lat' dir='ltr'><strong>missum</strong></span> <span class='ocrx_word' id='word_1_77' title='bbox 2057 2474 2623 2551; x_wconf 84' lang='lat' dir='ltr'><strong>caduceatorem</strong></span> <span class='ocrx_word' id='word_1_78' title='bbox 2658 2472 3186 2566; x_wconf 77' lang='lat' dir='ltr'><strong>interfecerint,</strong></span> <span class='ocrx_word' id='word_1_79' title='bbox 3224 2471 3473 2546; x_wconf 87' lang='lat' dir='ltr'><strong>inimi-</strong></span> 
     </span>
     <span class='ocr_line' id='line_1_15' title="bbox 692 2597 3473 2699; baseline -0.001 -25"><span class='ocrx_word' id='word_1_80' title='bbox 692 2597 864 2674; x_wconf 85' lang='lat' dir='ltr'><strong>citia</strong></span> <span class='ocrx_word' id='word_1_81' title='bbox 899 2599 1367 2674; x_wconf 85' lang='lat' dir='ltr'><strong>internecina</strong></span> <span class='ocrx_word' id='word_1_82' title='bbox 1403 2611 1477 2674; x_wconf 88' lang='lat' dir='ltr'><strong>et</strong></span> <span class='ocrx_word' id='word_1_83' title='bbox 1511 2598 2005 2699; x_wconf 84' lang='lat' dir='ltr'><strong>implacabilis</strong></span> <span class='ocrx_word' id='word_1_84' title='bbox 2045 2599 2512 2698; x_wconf 85' lang='lat' dir='ltr'><strong>capitaleque</strong></span> <span class='ocrx_word' id='word_1_85' title='bbox 2554 2610 2713 2674; x_wconf 88' lang='lat' dir='ltr'><strong>esto</strong></span> <span class='ocrx_word' id='word_1_86' title='bbox 2752 2597 3313 2696; x_wconf 85' lang='lat' dir='ltr'><strong>Megarensibus</strong></span> <span class='ocrx_word' id='word_1_87' title='bbox 3344 2655 3365 2691; x_wconf 82' lang='lat'><em>‚</em></span> <span class='ocrx_word' id='word_1_88' title='bbox 3410 2597 3473 2671; x_wconf 89' lang='lat' dir='ltr'><strong>si</strong></span> 
     </span>
     <span class='ocr_line' id='line_1_16' title="bbox 692 2723 3472 2824; baseline -0.001 -25"><span class='ocrx_word' id='word_1_89' title='bbox 692 2725 856 2824; x_wconf 91' lang='lat' dir='ltr'><strong>quis</strong></span> <span class='ocrx_word' id='word_1_90' title='bbox 894 2749 1151 2799; x_wconf 88' lang='lat' dir='ltr'><strong>eorum</strong></span> <span class='ocrx_word' id='word_1_91' title='bbox 1186 2725 1264 2798; x_wconf 90' lang='lat' dir='ltr'><strong>in</strong></span> <span class='ocrx_word' id='word_1_92' title='bbox 1304 2724 1552 2803; x_wconf 84' lang='lat' dir='ltr'><strong>Attica</strong></span> <span class='ocrx_word' id='word_1_93' title='bbox 1609 2724 2005 2823; x_wconf 79' lang='lat' dir='ltr'><strong>vestigium</strong></span> <span class='ocrx_word' id='word_1_94' title='bbox 2063 2725 2438 2824; x_wconf 84' lang='lat' dir='ltr'><strong>posuerit,</strong></span> <span class='ocrx_word' id='word_1_95' title='bbox 2498 2723 2725 2799; x_wconf 87' lang='lat' dir='ltr'><strong>duces</strong></span> <span class='ocrx_word' id='word_1_96' title='bbox 2782 2749 3116 2823; x_wconf 85' lang='lat' dir='ltr'><strong>quoque,</strong></span> <span class='ocrx_word' id='word_1_97' title='bbox 3175 2749 3347 2797; x_wconf 90' lang='lat' dir='ltr'><strong>cum</strong></span> <span class='ocrx_word' id='word_1_98' title='bbox 3390 2749 3472 2797; x_wconf 89' lang='lat' dir='ltr'><strong>se</strong></span> 
     </span>
     <span class='ocr_line' id='line_1_17' title="bbox 689 2847 3474 2952; baseline -0 -27"><span class='ocrx_word' id='word_1_99' title='bbox 689 2861 1150 2927; x_wconf 83' lang='lat' dir='ltr'><strong>sacramento</strong></span> <span class='ocrx_word' id='word_1_100' title='bbox 1189 2877 1233 2925; x_wconf 84' lang='lat' dir='ltr'><strong>a</strong></span> <span class='ocrx_word' id='word_1_101' title='bbox 1273 2849 1679 2949; x_wconf 86' lang='lat' dir='ltr'><strong>majoribus</strong></span> <span class='ocrx_word' id='word_1_102' title='bbox 1718 2849 2028 2952; x_wconf 83' lang='lat' dir='ltr'><strong>accepto</strong></span> <span class='ocrx_word' id='word_1_103' title='bbox 2077 2847 2593 2948; x_wconf 89' lang='lat' dir='ltr'><strong>obstringunt,</strong></span> <span class='ocrx_word' id='word_1_104' title='bbox 2626 2869 2637 2878; x_wconf 68' lang='grc'><strong>“</strong></span> <span class='ocrx_word' id='word_1_105' title='bbox 2640 2850 2937 2950; x_wconf 85' lang='lat' dir='ltr'><strong>jurent,</strong></span> <span class='ocrx_word' id='word_1_106' title='bbox 2996 2850 3111 2925; x_wconf 86' lang='lat' dir='ltr'><strong>bis</strong></span> <span class='ocrx_word' id='word_1_107' title='bbox 3149 2859 3474 2949; x_wconf 85' lang='lat' dir='ltr'><strong>quotan-</strong></span> 
     </span>
     <span class='ocr_line' id='line_1_18' title="bbox 687 2974 2685 3077; baseline -0.001 -26"><span class='ocrx_word' id='word_1_108' title='bbox 687 2976 804 3052; x_wconf 85' lang='lat' dir='ltr'><strong>nis</strong></span> <span class='ocrx_word' id='word_1_109' title='bbox 841 3002 918 3052; x_wconf 90' lang='lat' dir='ltr'><strong>se</strong></span> <span class='ocrx_word' id='word_1_110' title='bbox 953 2979 1034 3053; x_wconf 92' lang='lat' dir='ltr'><strong>in</strong></span> <span class='ocrx_word' id='word_1_111' title='bbox 1071 2974 1593 3074; x_wconf 84' lang='lat' dir='ltr'><strong>Megarensem</strong></span> <span class='ocrx_word' id='word_1_112' title='bbox 1631 3002 1897 3074; x_wconf 83' lang='lat' dir='ltr'><strong>agrum</strong></span> <span class='ocrx_word' id='word_1_113' title='bbox 1936 2976 2266 3051; x_wconf 87' lang='lat' dir='ltr'><strong>facturos</strong></span> <span class='ocrx_word' id='word_1_114' title='bbox 2305 2977 2685 3077; x_wconf 88' lang='lat' dir='ltr'><strong>impetum.</strong></span> 
     </span>
    </p>
   </div>
   <div class='ocr_carea' id='block_1_6' title="bbox 909 3154 2587 3394">
    <p class='ocr_par' dir='ltr' id='par_1_6' title="bbox 909 3154 2587 3394">
     <span class='ocr_line' id='line_1_19' title="bbox 1970 3154 2195 3230; baseline 0.009 -2"><span class='ocrx_word' id='word_1_115' title='bbox 1970 3154 2195 3230; x_wconf 87' lang='grc'><strong>1217.</strong></span> 
     </span>
     <span class='ocr_line' id='line_1_20' title="bbox 909 3290 2587 3394; baseline 0.001 -25"><span class='ocrx_word' id='word_1_116' title='bbox 909 3296 1068 3371; x_wconf 88' lang='grc' dir='ltr'><strong>Τοῦ</strong></span> <span class='ocrx_word' id='word_1_117' title='bbox 1100 3290 1441 3394; x_wconf 84' lang='grc' dir='ltr'><em>μάντεως</em></span> <span class='ocrx_word' id='word_1_118' title='bbox 1480 3292 1890 3389; x_wconf 80' lang='grc' dir='ltr'><em>φείδεσθαι</em></span> <span class='ocrx_word' id='word_1_119' title='bbox 1930 3292 2115 3379; x_wconf 75' lang='grc' dir='ltr'><strong>τούς</strong></span> <span class='ocrx_word' id='word_1_120' title='bbox 2154 3297 2587 3392; x_wconf 80' lang='grc' dir='ltr'><em>πολεμίους.</em></span> 
     </span>
    </p>
   </div>
   <div class='ocr_carea' id='block_1_7' title="bbox 2224 3421 3239 3527">
    <p class='ocr_par' dir='ltr' id='par_1_7' title="bbox 2224 3421 3239 3527">
     <span class='ocr_line' id='line_1_21' title="bbox 2224 3421 3239 3527; baseline 0 -30"><span class='ocrx_word' id='word_1_121' title='bbox 2224 3423 2581 3527; x_wconf 77' lang='lat' dir='ltr'><strong>(Zenobii</strong></span> <span class='ocrx_word' id='word_1_122' title='bbox 2619 3432 2897 3498; x_wconf 89' lang='lat' dir='ltr'><strong>centur.</strong></span> <span class='ocrx_word' id='word_1_123' title='bbox 2938 3421 3030 3519; x_wconf 84' lang='lat' dir='ltr'><strong>V,</strong></span> <span class='ocrx_word' id='word_1_124' title='bbox 3074 3422 3239 3515; x_wconf 84' lang='lat'><strong>34.)</strong></span> 
     </span>
    </p>
   </div>
   <div class='ocr_carea' id='block_1_8' title="bbox 685 3587 3481 4397">
    <p class='ocr_par' dir='ltr' id='par_1_8' title="bbox 685 3587 3481 4397">
     <span class='ocr_line' id='line_1_22' title="bbox 1954 3587 2183 3663; baseline 0.009 -3"><span class='ocrx_word' id='word_1_125' title='bbox 1954 3587 2183 3663; x_wconf 86' lang='lat'><strong>1217.</strong></span> 
     </span>
     <span class='ocr_line' id='line_1_23' title="bbox 899 3729 1949 3808; baseline -0.003 0"><span class='ocrx_word' id='word_1_126' title='bbox 899 3729 1174 3808; x_wconf 89' lang='lat' dir='ltr'><strong>Vatem</strong></span> <span class='ocrx_word' id='word_1_127' title='bbox 1211 3754 1305 3806; x_wconf 90' lang='lat' dir='ltr'><strong>ne</strong></span> <span class='ocrx_word' id='word_1_128' title='bbox 1346 3730 1629 3805; x_wconf 89' lang='lat' dir='ltr'><strong>violent</strong></span> <span class='ocrx_word' id='word_1_129' title='bbox 1668 3729 1949 3807; x_wconf 76' lang='lat' dir='ltr'><strong>hostes,</strong></span> 
     </span>
     <span class='ocr_line' id='line_1_24' title="bbox 1969 3871 2196 3947; baseline 0.013 -4"><span class='ocrx_word' id='word_1_130' title='bbox 1969 3871 2196 3947; x_wconf 89' lang='grc'><strong>1218.</strong></span> 
     </span>
     <span class='ocr_line' id='line_1_25' title="bbox 899 4001 3481 4114; baseline -0 -24"><span class='ocrx_word' id='word_1_131' title='bbox 899 4022 996 4091; x_wconf 93' lang='grc' dir='ltr'><em>Π</em></span> <span class='ocrx_word' id='word_1_132' title='bbox 1009 4010 1461 4114; x_wconf 86' lang='grc' dir='ltr'><em>υρφόροι,</em></span> <span class='ocrx_word' id='word_1_133' title='bbox 1521 4015 1593 4088; x_wconf 78' lang='grc' dir='ltr'><strong>οἱ</strong></span> <span class='ocrx_word' id='word_1_134' title='bbox 1651 4014 1866 4110; x_wconf 77' lang='grc' dir='ltr'><em>ἱερεῖς</em></span> <span class='ocrx_word' id='word_1_135' title='bbox 1906 4014 1976 4087; x_wconf 77' lang='grc' dir='ltr'><strong>οἱ</strong></span> <span class='ocrx_word' id='word_1_136' title='bbox 2016 4008 2442 4111; x_wconf 76' lang='grc' dir='ltr'><em>ἐπιβώμιον</em></span> <span class='ocrx_word' id='word_1_137' title='bbox 2477 4010 2629 4109; x_wconf 88' lang='grc' dir='ltr'><strong>πῦρ</strong></span> <span class='ocrx_word' id='word_1_138' title='bbox 2669 4006 3160 4101; x_wconf 81' lang='grc' dir='ltr'><em>ἀνάπτοντες,</em></span> <span class='ocrx_word' id='word_1_139' title='bbox 3220 4001 3341 4088; x_wconf 75' lang='grc' dir='ltr'><em>ὧν</em></span> <span class='ocrx_word' id='word_1_140' title='bbox 3382 4019 3481 4089; x_wconf 78' lang='grc' dir='ltr'><em>ἐν</em></span> 
     </span>
     <span class='ocr_line' id='line_1_26' title="bbox 685 4128 3243 4241; baseline 0 -25"><span class='ocrx_word' id='word_1_141' title='bbox 685 4150 842 4228; x_wconf 87' lang='grc' dir='ltr'><em>τοῖς</em></span> <span class='ocrx_word' id='word_1_142' title='bbox 880 4147 1233 4241; x_wconf 82' lang='grc' dir='ltr'><em>πολέμοις</em></span> <span class='ocrx_word' id='word_1_143' title='bbox 1273 4144 1346 4216; x_wconf 79' lang='grc' dir='ltr'><strong>οἱ</strong></span> <span class='ocrx_word' id='word_1_144' title='bbox 1385 4137 1873 4231; x_wconf 77' lang='grc' dir='ltr'><em>νενικηκότες</em></span> <span class='ocrx_word' id='word_1_145' title='bbox 1911 4128 2359 4235; x_wconf 41' lang='grc' dir='ltr'><em>φείδονται(</em></span> <span class='ocrx_word' id='word_1_146' title='bbox 2868 4140 3243 4238; x_wconf 71' lang='lat' dir='ltr'><strong>(Saldae.)</strong></span> 
     </span>
     <span class='ocr_line' id='line_1_27' title="bbox 1971 4320 2195 4397; baseline 0.018 -4"><span class='ocrx_word' id='word_1_147' title='bbox 1971 4320 2195 4397; x_wconf 84' lang='lat'><strong>1218.</strong></span> 
     </span>
    </p>
   </div>
   <div class='ocr_carea' id='block_1_9' title="bbox 899 4462 3477 4563">
    <p class='ocr_par' dir='ltr' id='par_1_9' title="bbox 899 4462 3477 4563">
     <span class='ocr_line' id='line_1_28' title="bbox 899 4462 3477 4563; baseline 0 -22"><span class='ocrx_word' id='word_1_148' title='bbox 899 4465 1209 4563; x_wconf 85' lang='lat' dir='ltr'><strong>Igniferi</strong></span> <span class='ocrx_word' id='word_1_149' title='bbox 1247 4477 1419 4541; x_wconf 89' lang='lat' dir='ltr'><strong>sunt</strong></span> <span class='ocrx_word' id='word_1_150' title='bbox 1455 4466 1923 4561; x_wconf 85' lang='lat' dir='ltr'><strong>sacerdotes,</strong></span> <span class='ocrx_word' id='word_1_151' title='bbox 1978 4465 2237 4563; x_wconf 88' lang='lat' dir='ltr'><strong>ignem</strong></span> <span class='ocrx_word' id='word_1_152' title='bbox 2288 4464 2367 4540; x_wconf 92' lang='lat' dir='ltr'><strong>in</strong></span> <span class='ocrx_word' id='word_1_153' title='bbox 2405 4464 2551 4541; x_wconf 85' lang='lat' dir='ltr'><strong>aris</strong></span> <span class='ocrx_word' id='word_1_154' title='bbox 2590 4462 3119 4559; x_wconf 73' lang='lat' dir='ltr'><strong>accendenteS,</strong></span> <span class='ocrx_word' id='word_1_155' title='bbox 3178 4464 3477 4563; x_wconf 89' lang='lat' dir='ltr'><strong>quibus</strong></span> 
     </span>
    </p>
   </div>
   <div class='ocr_carea' id='block_1_10' title="bbox 685 4590 2169 4775">
    <p class='ocr_par' dir='ltr' id='par_1_10' title="bbox 685 4590 2169 4775">
     <span class='ocr_line' id='line_1_29' title="bbox 685 4590 2169 4775; baseline 0.001 -110"><span class='ocrx_word' id='word_1_156' title='bbox 685 4591 1002 4667; x_wconf 89' lang='lat' dir='ltr'><strong>victores</strong></span> <span class='ocrx_word' id='word_1_157' title='bbox 1037 4590 1116 4665; x_wconf 91' lang='lat' dir='ltr'><strong>in</strong></span> <span class='ocrx_word' id='word_1_158' title='bbox 1153 4591 1354 4667; x_wconf 90' lang='lat' dir='ltr'><strong>bello</strong></span> <span class='ocrx_word' id='word_1_159' title='bbox 1393 4601 1730 4693; x_wconf 85' lang='lat' dir='ltr'><strong>parcunt.</strong></span> <span class='ocrx_word' id='word_1_160' title='bbox 1966 4700 2169 4775; x_wconf 67' lang='lat'>12¹9</span> 
     </span>
    </p>
   </div>
   <div class='ocr_carea' id='block_1_11' title="bbox 673 4833 3487 5190">
    <p class='ocr_par' dir='ltr' id='par_1_11' title="bbox 673 4833 3487 5190">
     <span class='ocr_line' id='line_1_30' title="bbox 843 4833 3485 4942; baseline 0.002 -31"><span class='ocrx_word' id='word_1_161' title='bbox 843 4868 848 4876; x_wconf 93' lang='lat'>·</span> <span class='ocrx_word' id='word_1_162' title='bbox 905 4836 1082 4913; x_wconf 75' lang='grc' dir='ltr'><em>Τῶν</em></span> <span class='ocrx_word' id='word_1_163' title='bbox 1107 4833 1606 4913; x_wconf 79' lang='grc' dir='ltr'><em>Ἐλευσινίων</em></span> <span class='ocrx_word' id='word_1_164' title='bbox 1641 4835 2047 4942; x_wconf 79' lang='grc' dir='ltr'><em>ἀγομένων</em></span> <span class='ocrx_word' id='word_1_165' title='bbox 2087 4834 2541 4938; x_wconf 77' lang='grc' dir='ltr'><em>περιὶτωσάν</em></span> <span class='ocrx_word' id='word_1_166' title='bbox 2574 4866 2769 4927; x_wconf 82' lang='grc' dir='ltr'><em>τινες</em></span> <span class='ocrx_word' id='word_1_167' title='bbox 2780 4842 3485 4938; x_wconf 77' lang='grc' dir='ltr'><em>χειροτονηθέντες</em></span> 
     </span>
     <span class='ocr_line' id='line_1_31' title="bbox 687 4959 3487 5063; baseline 0.001 -23"><span class='ocrx_word' id='word_1_168' title='bbox 687 4961 1022 5050; x_wconf 74' lang='grc' dir='ltr'><em>σπονδὰς</em></span> <span class='ocrx_word' id='word_1_169' title='bbox 1059 4960 1460 5053; x_wconf 82' lang='grc' dir='ltr'><em>ποιοῦντες</em></span> <span class='ocrx_word' id='word_1_170' title='bbox 1514 4971 1600 5041; x_wconf 76' lang='grc' dir='ltr'><em>ἐν</em></span> <span class='ocrx_word' id='word_1_171' title='bbox 1653 4973 1818 5051; x_wconf 86' lang='grc' dir='ltr'><em>ταῖς</em></span> <span class='ocrx_word' id='word_1_172' title='bbox 1879 4961 2236 5053; x_wconf 85' lang='grc' dir='ltr'><em>πόλεσιν,</em></span> <span class='ocrx_word' id='word_1_173' title='bbox 2294 4959 2485 5040; x_wconf 70' lang='grc' dir='ltr'><em>ὥστε</em></span> <span class='ocrx_word' id='word_1_174' title='bbox 2530 4961 2637 5063; x_wconf 81' lang='grc' dir='ltr'><strong>μὴ</strong></span> <span class='ocrx_word' id='word_1_175' title='bbox 2681 4970 3039 5062; x_wconf 83' lang='grc' dir='ltr'><em>πολεμεῖν</em></span> <span class='ocrx_word' id='word_1_176' title='bbox 3076 4994 3253 5041; x_wconf 90' lang='grc' dir='ltr'><em>τινα</em></span> <span class='ocrx_word' id='word_1_177' title='bbox 3300 4966 3487 5043; x_wconf 78' lang='grc' dir='ltr'><em>τῶν</em></span> 
     </span>
     <span class='ocr_line' id='line_1_32' title="bbox 673 5080 2658 5190; baseline 0 -26"><span class='ocrx_word' id='word_1_178' title='bbox 673 5081 1108 5181; x_wconf 72' lang='grc' dir='ltr'><em>Ἐλλήνων,</em></span> <span class='ocrx_word' id='word_1_179' title='bbox 1167 5084 1334 5162; x_wconf 81' lang='grc' dir='ltr'><em>ἀλλ’</em></span> <span class='ocrx_word' id='word_1_180' title='bbox 1374 5080 1789 5184; x_wconf 76' lang='grc' dir='ltr'><em>ἡσυχάζειν</em></span> <span class='ocrx_word' id='word_1_181' title='bbox 1822 5097 1910 5166; x_wconf 76' lang='grc' dir='ltr'><em>ἐν</em></span> <span class='ocrx_word' id='word_1_182' title='bbox 1946 5087 2201 5187; x_wconf 81' lang='grc' dir='ltr'><em>τούτῳ</em></span> <span class='ocrx_word' id='word_1_183' title='bbox 2237 5086 2347 5189; x_wconf 76' lang='grc' dir='ltr'><strong>τῷ</strong></span> <span class='ocrx_word' id='word_1_184' title='bbox 2384 5088 2658 5190; x_wconf 73' lang='grc' dir='ltr'><em>καιρῷ.</em></span> 
     </span>
    </p>
   </div>
   <div class='ocr_carea' id='block_1_12' title="bbox 1345 5216 3237 5318">
    <p class='ocr_par' dir='ltr' id='par_1_12' title="bbox 1345 5216 3237 5318">
     <span class='ocr_line' id='line_1_33' title="bbox 1345 5216 3237 5318; baseline 0.001 -24"><span class='ocrx_word' id='word_1_185' title='bbox 1345 5216 1630 5309; x_wconf 84' lang='lat' dir='ltr'><strong>(Schol.</strong></span> <span class='ocrx_word' id='word_1_186' title='bbox 1666 5220 1743 5293; x_wconf 92' lang='lat' dir='ltr'><strong>in</strong></span> <span class='ocrx_word' id='word_1_187' title='bbox 1781 5216 2127 5297; x_wconf 85' lang='lat' dir='ltr'><strong>Aeschin.</strong></span> <span class='ocrx_word' id='word_1_188' title='bbox 2167 5220 2257 5295; x_wconf 88' lang='lat' dir='ltr'><strong>de</strong></span> <span class='ocrx_word' id='word_1_189' title='bbox 2294 5222 2485 5298; x_wconf 79' lang='lat' dir='ltr'><strong>male</strong></span> <span class='ocrx_word' id='word_1_190' title='bbox 2525 5230 2711 5317; x_wconf 86' lang='lat' dir='ltr'><strong>gost.</strong></span> <span class='ocrx_word' id='word_1_191' title='bbox 2750 5218 2972 5318; x_wconf 83' lang='lat' dir='ltr'><strong>legat.</strong></span> <span class='ocrx_word' id='word_1_192' title='bbox 3022 5218 3237 5312; x_wconf 84' lang='grc'><strong>133.)</strong></span> 
     </span>
    </p>
   </div>
  </div>
 </body>
</html>
