<?xml version="1.0" encoding="UTF-8"?>
<!DOCTYPE html PUBLIC "-//W3C//DTD XHTML 1.0 Transitional//EN"
    "http://www.w3.org/TR/xhtml1/DTD/xhtml1-transitional.dtd">
<html xmlns="http://www.w3.org/1999/xhtml" xml:lang="en" lang="en">
 <head>
  <title>
</title>
<meta http-equiv="Content-Type" content="text/html;charset=utf-8" />
  <meta name='ocr-system' content='tesseract 3.04.00' />
  <meta name='ocr-capabilities' content='ocr_page ocr_carea ocr_par ocr_line ocrx_word'/>
</head>
<body>
  <div class='ocr_page' id='page_1' title='image "./synaggtnattiknn01tlgoog_0307.png"; bbox 0 0 3725 5850; ppageno 0'>
   <div class='ocr_carea' id='block_1_1' title="bbox 1424 418 3026 502">
    <p class='ocr_par' dir='ltr' id='par_1_1' title="bbox 1424 418 3026 502">
     <span class='ocr_line' id='line_1_1' title="bbox 1424 418 3026 502; baseline 0.003 -5"><span class='ocrx_word' id='word_1_1' title='bbox 1424 440 1529 499; x_wconf 78' lang='lat' dir='ltr'>me</span> <span class='ocrx_word' id='word_1_2' title='bbox 1562 436 1900 499; x_wconf 59' lang='lat' dir='ltr'>ratione.</span> <span class='ocrx_word' id='word_1_3' title='bbox 2877 418 3026 502; x_wconf 77' lang='lat'>281</span> 
     </span>
    </p>
   </div>
   <div class='ocr_carea' id='block_1_2' title="bbox 294 630 3034 993">
    <p class='ocr_par' dir='ltr' id='par_1_2' title="bbox 294 630 3034 993">
     <span class='ocr_line' id='line_1_2' title="bbox 298 630 3032 757; baseline 0.001 -42"><span class='ocrx_word' id='word_1_4' title='bbox 298 630 684 757; x_wconf 75' lang='lat' dir='ltr'>elocaverit</span> <span class='ocrx_word' id='word_1_5' title='bbox 696 690 719 733; x_wconf 88' lang='lat'>,</span> <span class='ocrx_word' id='word_1_6' title='bbox 774 632 1317 737; x_wconf 73' lang='lat' dir='ltr'>ignominiosus</span> <span class='ocrx_word' id='word_1_7' title='bbox 1353 647 1559 735; x_wconf 75' lang='lat' dir='ltr'>esto,</span> <span class='ocrx_word' id='word_1_8' title='bbox 1616 647 1695 715; x_wconf 86' lang='lat' dir='ltr'>et</span> <span class='ocrx_word' id='word_1_9' title='bbox 1748 636 1908 737; x_wconf 81' lang='lat' dir='ltr'>ejus</span> <span class='ocrx_word' id='word_1_10' title='bbox 1965 661 2084 715; x_wconf 79' lang='lat' dir='ltr'>res</span> <span class='ocrx_word' id='word_1_11' title='bbox 2139 634 2520 717; x_wconf 69' lang='lat' dir='ltr'>familiaris</span> <span class='ocrx_word' id='word_1_12' title='bbox 2575 636 2994 743; x_wconf 81' lang='lat' dir='ltr'><strong>publicetur</strong></span> <span class='ocrx_word' id='word_1_13' title='bbox 3013 696 3032 735; x_wconf 87' lang='lat'>‚</span> 
     </span>
     <span class='ocr_line' id='line_1_3' title="bbox 295 761 3034 869; baseline 0.003 -32"><span class='ocrx_word' id='word_1_14' title='bbox 295 772 365 837; x_wconf 86' lang='lat' dir='ltr'>et</span> <span class='ocrx_word' id='word_1_15' title='bbox 396 763 607 839; x_wconf 80' lang='lat' dir='ltr'>tertia</span> <span class='ocrx_word' id='word_1_16' title='bbox 636 788 811 864; x_wconf 73' lang='lat' dir='ltr'>pare</span> <span class='ocrx_word' id='word_1_17' title='bbox 848 773 1009 839; x_wconf 74' lang='lat' dir='ltr'>esto</span> <span class='ocrx_word' id='word_1_18' title='bbox 1046 763 1245 865; x_wconf 62' lang='lat' dir='ltr'>ajune,</span> <span class='ocrx_word' id='word_1_19' title='bbox 1300 764 1429 865; x_wconf 91' lang='lat' dir='ltr'>qui</span> <span class='ocrx_word' id='word_1_20' title='bbox 1478 790 1647 841; x_wconf 89' lang='lat' dir='ltr'>eum</span> <span class='ocrx_word' id='word_1_21' title='bbox 1682 763 2108 841; x_wconf 80' lang='lat' dir='ltr'>convicerit.</span> <span class='ocrx_word' id='word_1_22' title='bbox 2185 761 2507 845; x_wconf 78' lang='lat' dir='ltr'>Accuset</span> <span class='ocrx_word' id='word_1_23' title='bbox 2543 773 2793 839; x_wconf 88' lang='lat' dir='ltr'>autem</span> <span class='ocrx_word' id='word_1_24' title='bbox 2830 764 3034 869; x_wconf 84' lang='lat' dir='ltr'>apud</span> 
     </span>
     <span class='ocr_line' id='line_1_4' title="bbox 294 884 3029 993; baseline 0.001 -29"><span class='ocrx_word' id='word_1_25' title='bbox 294 884 807 965; x_wconf 77' lang='lat' dir='ltr'>thesmothetas</span> <span class='ocrx_word' id='word_1_26' title='bbox 862 914 951 965; x_wconf 82' lang='lat' dir='ltr'>ex</span> <span class='ocrx_word' id='word_1_27' title='bbox 1006 888 1095 965; x_wconf 84' lang='lat' dir='ltr'>iis</span> <span class='ocrx_word' id='word_1_28' title='bbox 1114 946 1137 985; x_wconf 87' lang='lat'><strong>‚</strong></span> <span class='ocrx_word' id='word_1_29' title='bbox 1192 887 1463 992; x_wconf 79' lang='lat' dir='ltr'>quibus</span> <span class='ocrx_word' id='word_1_30' title='bbox 1519 890 1732 985; x_wconf 86' lang='lat' dir='ltr'>licet,</span> <span class='ocrx_word' id='word_1_31' title='bbox 1790 886 2412 993; x_wconf 81' lang='lat' dir='ltr'><strong>quemadmodum</strong></span> <span class='ocrx_word' id='word_1_32' title='bbox 2457 889 3029 991; x_wconf 75' lang='lat' dir='ltr'>peregrinitatis·</span> 
     </span>
    </p>
   </div>
   <div class='ocr_carea' id='block_1_3' title="bbox 481 1050 2726 1295">
    <p class='ocr_par' dir='ltr' id='par_1_3' title="bbox 481 1050 2726 1295">
     <span class='ocr_line' id='line_1_5' title="bbox 1544 1050 1775 1128; baseline 0.013 -3"><span class='ocrx_word' id='word_1_33' title='bbox 1544 1050 1775 1128; x_wconf 84' lang='lat'><strong>1115.</strong></span> 
     </span>
     <span class='ocr_line' id='line_1_6' title="bbox 481 1184 2726 1295; baseline 0 -29"><span class='ocrx_word' id='word_1_34' title='bbox 481 1188 751 1275; x_wconf 84' lang='grc' dir='ltr'><strong><em>Ξενίας</em></strong></span> <span class='ocrx_word' id='word_1_35' title='bbox 786 1184 1042 1295; x_wconf 77' lang='grc' dir='ltr'><strong><em>γραφή</em></strong></span> <span class='ocrx_word' id='word_1_36' title='bbox 1080 1194 1286 1265; x_wconf 77' lang='grc' dir='ltr'><strong><em>ἐστιν</em></strong></span> <span class='ocrx_word' id='word_1_37' title='bbox 1302 1246 1327 1281; x_wconf 86' lang='grc'>,</span> <span class='ocrx_word' id='word_1_38' title='bbox 1382 1186 1525 1267; x_wconf 71' lang='grc' dir='ltr'>ἐάν</span> <span class='ocrx_word' id='word_1_39' title='bbox 1560 1220 1670 1278; x_wconf 87' lang='grc' dir='ltr'>τις</span> <span class='ocrx_word' id='word_1_40' title='bbox 1704 1188 2222 1295; x_wconf 74' lang='grc' dir='ltr'><strong><em>κατηγορῆται</em></strong></span> <span class='ocrx_word' id='word_1_41' title='bbox 2261 1190 2474 1281; x_wconf 76' lang='grc' dir='ltr'><strong><em>ξένος</em></strong></span> <span class='ocrx_word' id='word_1_42' title='bbox 2507 1186 2726 1268; x_wconf 77' lang='grc' dir='ltr'><strong><em>εἶναι.</em></strong></span> 
     </span>
    </p>
   </div>
   <div class='ocr_carea' id='block_1_4' title="bbox 1736 1318 2818 1441">
    <p class='ocr_par' dir='ltr' id='par_1_4' title="bbox 1736 1318 2818 1441">
     <span class='ocr_line' id='line_1_7' title="bbox 1736 1318 2818 1441; baseline 0.002 -48"><span class='ocrx_word' id='word_1_43' title='bbox 1736 1318 2040 1412; x_wconf 76' lang='lat' dir='ltr'>(Photii</span> <span class='ocrx_word' id='word_1_44' title='bbox 2079 1318 2328 1396; x_wconf 86' lang='lat' dir='ltr'>Lexic.</span> <span class='ocrx_word' id='word_1_45' title='bbox 2368 1344 2440 1420; x_wconf 90' lang='lat' dir='ltr'>p.</span> <span class='ocrx_word' id='word_1_46' title='bbox 2481 1318 2664 1441; x_wconf 69' lang='lat'>674,</span> <span class='ocrx_word' id='word_1_47' title='bbox 2701 1319 2818 1411; x_wconf 85' lang='lat'>8.)</span> 
     </span>
    </p>
   </div>
   <div class='ocr_carea' id='block_1_5' title="bbox 1538 1480 1769 1555">
    <p class='ocr_par' dir='ltr' id='par_1_5' title="bbox 1538 1480 1769 1555">
     <span class='ocr_line' id='line_1_8' title="bbox 1538 1480 1769 1555; baseline 0 0"><span class='ocrx_word' id='word_1_48' title='bbox 1538 1480 1769 1555; x_wconf 74' lang='grc'><strong>1115.</strong></span> 
     </span>
    </p>
   </div>
   <div class='ocr_carea' id='block_1_6' title="bbox 288 1602 3027 2209">
    <p class='ocr_par' dir='ltr' id='par_1_6' title="bbox 288 1602 3027 2209">
     <span class='ocr_line' id='line_1_9' title="bbox 478 1602 3027 1708; baseline 0 -30"><span class='ocrx_word' id='word_1_49' title='bbox 478 1602 1045 1703; x_wconf 81' lang='lat' dir='ltr'>Peregrinitatis</span> <span class='ocrx_word' id='word_1_50' title='bbox 1098 1605 1289 1681; x_wconf 86' lang='lat' dir='ltr'>actio</span> <span class='ocrx_word' id='word_1_51' title='bbox 1349 1614 1462 1681; x_wconf 80' lang='lat' dir='ltr'>est</span> <span class='ocrx_word' id='word_1_52' title='bbox 1484 1662 1503 1701; x_wconf 90' lang='lat'>‚</span> <span class='ocrx_word' id='word_1_53' title='bbox 1560 1630 1729 1681; x_wconf 90' lang='lat' dir='ltr'>cum</span> <span class='ocrx_word' id='word_1_54' title='bbox 1785 1605 1950 1705; x_wconf 77' lang='lat' dir='ltr'>quia</span> <span class='ocrx_word' id='word_1_55' title='bbox 2007 1615 2430 1701; x_wconf 76' lang='lat' dir='ltr'>accusatur,</span> <span class='ocrx_word' id='word_1_56' title='bbox 2487 1604 2688 1705; x_wconf 84' lang='lat' dir='ltr'>quod</span> <span class='ocrx_word' id='word_1_57' title='bbox 2743 1604 2839 1683; x_wconf 80' lang='lat' dir='ltr'>sit</span> <span class='ocrx_word' id='word_1_58' title='bbox 2897 1630 3027 1708; x_wconf 88' lang='lat' dir='ltr'>pe-</span> 
     </span>
     <span class='ocr_line' id='line_1_10' title="bbox 296 1730 623 1829; baseline 0.006 -26"><span class='ocrx_word' id='word_1_59' title='bbox 296 1730 623 1829; x_wconf 75' lang='lat' dir='ltr'>regi-inus,</span> 
     </span>
     <span class='ocr_line' id='line_1_11' title="bbox 1544 1835 1772 1916; baseline 0.009 -3"><span class='ocrx_word' id='word_1_60' title='bbox 1544 1836 1579 1913; x_wconf 85' lang='lat'>1</span> <span class='ocrx_word' id='word_1_61' title='bbox 1602 1835 1772 1916; x_wconf 81' lang='lat'><strong>116.</strong></span> 
     </span>
     <span class='ocr_line' id='line_1_12' title="bbox 480 1972 3023 2085; baseline 0 -32"><span class='ocrx_word' id='word_1_62' title='bbox 480 1972 681 2069; x_wconf 53' lang='lat' dir='ltr'>Totis·</span> <span class='ocrx_word' id='word_1_63' title='bbox 720 1972 1269 2085; x_wconf 79' lang='grc' dir='ltr'><strong><em>ἀποφυγόντας</em></strong></span> <span class='ocrx_word' id='word_1_64' title='bbox 1307 1982 1556 2072; x_wconf 78' lang='grc' dir='ltr'><strong><em>ξενίας</em></strong></span> <span class='ocrx_word' id='word_1_65' title='bbox 1595 1987 1879 2072; x_wconf 78' lang='grc' dir='ltr'><strong><em>ἐξεῖναι</em></strong></span> <span class='ocrx_word' id='word_1_66' title='bbox 1916 1978 2026 2079; x_wconf 74' lang='grc' dir='ltr'><strong><em>τῷ</em></strong></span> <span class='ocrx_word' id='word_1_67' title='bbox 2062 1980 2518 2080; x_wconf 77' lang='grc' dir='ltr'><strong><em>βουλομένῳ</em></strong></span> <span class='ocrx_word' id='word_1_68' title='bbox 2557 1976 2791 2055; x_wconf 80' lang='grc' dir='ltr'><strong><em>πάλιν</em></strong></span> <span class='ocrx_word' id='word_1_69' title='bbox 2827 1976 3023 2085; x_wconf 79' lang='grc' dir='ltr'><strong><em>γρά-</em></strong></span> 
     </span>
     <span class='ocr_line' id='line_1_13' title="bbox 288 2099 2775 2209; baseline 0 -32"><span class='ocrx_word' id='word_1_70' title='bbox 288 2110 569 2203; x_wconf 80' lang='grc' dir='ltr'><strong><em>ψασθαι</em></strong></span> <span class='ocrx_word' id='word_1_71' title='bbox 591 2162 614 2195; x_wconf 88' lang='grc'><strong><em>,</em></strong></span> <span class='ocrx_word' id='word_1_72' title='bbox 672 2101 814 2181; x_wconf 74' lang='grc' dir='ltr'>ἐὰν</span> <span class='ocrx_word' id='word_1_73' title='bbox 838 2104 946 2205; x_wconf 81' lang='grc' dir='ltr'>μὴ</span> <span class='ocrx_word' id='word_1_74' title='bbox 989 2102 1273 2181; x_wconf 73' lang='grc' dir='ltr'><strong><em>δοκῶσι</em></strong></span> <span class='ocrx_word' id='word_1_75' title='bbox 1314 2102 1629 2193; x_wconf 81' lang='grc' dir='ltr'><strong><em>δικαίως</em></strong></span> <span class='ocrx_word' id='word_1_76' title='bbox 1666 2101 1755 2181; x_wconf 79' lang='grc' dir='ltr'><strong><em>τὸ</em></strong></span> <span class='ocrx_word' id='word_1_77' title='bbox 1796 2100 2102 2204; x_wconf 74' lang='grc' dir='ltr'><strong><em>πρῶτον</em></strong></span> <span class='ocrx_word' id='word_1_78' title='bbox 2139 2099 2775 2209; x_wconf 83' lang='grc' dir='ltr'><strong><em>ἀποπεφευγέναι.</em></strong></span> 
     </span>
    </p>
   </div>
   <div class='ocr_carea' id='block_1_7' title="bbox 1534 2228 2809 2474">
    <p class='ocr_par' dir='ltr' id='par_1_7' title="bbox 1534 2228 2809 2474">
     <span class='ocr_line' id='line_1_14' title="bbox 1694 2228 2809 2335; baseline -0.002 -24"><span class='ocrx_word' id='word_1_79' title='bbox 1694 2234 2234 2335; x_wconf 81' lang='lat' dir='ltr'>(Harpocratio</span> <span class='ocrx_word' id='word_1_80' title='bbox 2256 2262 2274 2310; x_wconf 92' lang='lat'><strong>:</strong></span> <span class='ocrx_word' id='word_1_81' title='bbox 2331 2228 2809 2330; x_wconf 77' lang='grc' dir='ltr'><strong><em>δωροξενία.)</em></strong></span> 
     </span>
     <span class='ocr_line' id='line_1_15' title="bbox 1534 2396 1763 2474; baseline 0.004 -1"><span class='ocrx_word' id='word_1_82' title='bbox 1534 2398 1571 2473; x_wconf 88' lang='grc'><strong>1</strong></span> <span class='ocrx_word' id='word_1_83' title='bbox 1591 2397 1625 2474; x_wconf 88' lang='grc'><strong>1</strong></span> <span class='ocrx_word' id='word_1_84' title='bbox 1644 2396 1763 2474; x_wconf 85' lang='grc'>16.</span> 
     </span>
    </p>
   </div>
   <div class='ocr_carea' id='block_1_8' title="bbox 272 2522 3020 2754">
    <p class='ocr_par' dir='ltr' id='par_1_8' title="bbox 272 2522 3020 2754">
     <span class='ocr_line' id='line_1_16' title="bbox 475 2522 3020 2626; baseline 0.001 -26"><span class='ocrx_word' id='word_1_85' title='bbox 475 2522 798 2602; x_wconf 84' lang='lat' dir='ltr'>Cuilibet</span> <span class='ocrx_word' id='word_1_86' title='bbox 832 2524 1275 2621; x_wconf 80' lang='lat' dir='ltr'>conceditur,</span> <span class='ocrx_word' id='word_1_87' title='bbox 1316 2535 1398 2601; x_wconf 92' lang='lat' dir='ltr'>ut</span> <span class='ocrx_word' id='word_1_88' title='bbox 1436 2526 1662 2602; x_wconf 87' lang='lat' dir='ltr'>etiam</span> <span class='ocrx_word' id='word_1_89' title='bbox 1699 2524 2082 2601; x_wconf 87' lang='lat' dir='ltr'>absolutos</span> <span class='ocrx_word' id='word_1_90' title='bbox 2121 2524 2678 2626; x_wconf 83' lang='lat' dir='ltr'>peregrinitatis</span> <span class='ocrx_word' id='word_1_91' title='bbox 2715 2525 3020 2602; x_wconf 87' lang='lat' dir='ltr'>crimine</span> 
     </span>
     <span class='ocr_line' id='line_1_17' title="bbox 272 2644 2583 2754; baseline 0.003 -35"><span class='ocrx_word' id='word_1_92' title='bbox 272 2644 521 2723; x_wconf 88' lang='lat' dir='ltr'>iterum</span> <span class='ocrx_word' id='word_1_93' title='bbox 557 2663 891 2747; x_wconf 83' lang='lat' dir='ltr'>accuset,</span> <span class='ocrx_word' id='word_1_94' title='bbox 955 2651 1015 2727; x_wconf 84' lang='lat' dir='ltr'>si</span> <span class='ocrx_word' id='word_1_95' title='bbox 1056 2652 1259 2754; x_wconf 84' lang='lat' dir='ltr'>prius</span> <span class='ocrx_word' id='word_1_96' title='bbox 1298 2651 1496 2728; x_wconf 85' lang='lat' dir='ltr'>haud</span> <span class='ocrx_word' id='word_1_97' title='bbox 1534 2662 1733 2729; x_wconf 89' lang='lat' dir='ltr'>recte</span> <span class='ocrx_word' id='word_1_98' title='bbox 1771 2651 2094 2728; x_wconf 84' lang='lat' dir='ltr'>absoluti</span> <span class='ocrx_word' id='word_1_99' title='bbox 2131 2650 2583 2727; x_wconf 80' lang='lat' dir='ltr'>viderentur.</span> 
     </span>
    </p>
   </div>
   <div class='ocr_carea' id='block_1_9' title="bbox 274 2814 3020 3268">
    <p class='ocr_par' dir='ltr' id='par_1_9' title="bbox 274 2814 3020 3268">
     <span class='ocr_line' id='line_1_18' title="bbox 1528 2814 1757 2891; baseline 0.004 -1"><span class='ocrx_word' id='word_1_100' title='bbox 1528 2814 1757 2891; x_wconf 84' lang='grc'><strong>1117.</strong></span> 
     </span>
     <span class='ocr_line' id='line_1_19' title="bbox 470 2949 3020 3058; baseline -0.001 -27"><span class='ocrx_word' id='word_1_101' title='bbox 470 2957 899 3056; x_wconf 77' lang='grc' dir='ltr'><strong><em>Δωροξενία</em></strong></span> <span class='ocrx_word' id='word_1_102' title='bbox 954 2959 1109 3032; x_wconf 77' lang='grc' dir='ltr'><strong><em>ἐστι</em></strong></span> <span class='ocrx_word' id='word_1_103' title='bbox 1168 2953 1348 3048; x_wconf 81' lang='grc' dir='ltr'><strong><em>δίκη</em></strong></span> <span class='ocrx_word' id='word_1_104' title='bbox 1404 2954 1607 3032; x_wconf 76' lang='grc' dir='ltr'><strong><em>κατὰ</em></strong></span> <span class='ocrx_word' id='word_1_105' title='bbox 1660 2955 1820 3033; x_wconf 75' lang='grc' dir='ltr'><strong><em>τῶν</em></strong></span> <span class='ocrx_word' id='word_1_106' title='bbox 1859 2953 2156 3032; x_wconf 79' lang='grc' dir='ltr'><strong><em>δόντων</em></strong></span> <span class='ocrx_word' id='word_1_107' title='bbox 2193 2951 2397 3054; x_wconf 80' lang='grc' dir='ltr'>δῶρα</span> <span class='ocrx_word' id='word_1_108' title='bbox 2417 3011 2440 3044; x_wconf 88' lang='grc'><strong><em>,</em></strong></span> <span class='ocrx_word' id='word_1_109' title='bbox 2496 2954 2626 3029; x_wconf 76' lang='grc' dir='ltr'>ἵνα</span> <span class='ocrx_word' id='word_1_110' title='bbox 2666 2949 3020 3058; x_wconf 79' lang='grc' dir='ltr'><strong><em>φύγωσιν</em></strong></span> 
     </span>
     <span class='ocr_line' id='line_1_20' title="bbox 274 3071 2804 3268; baseline 0.002 -117"><span class='ocrx_word' id='word_1_111' title='bbox 274 3071 521 3183; x_wconf 72' lang='grc' dir='ltr'><strong><em>ἀγῶνα</em></strong></span> <span class='ocrx_word' id='word_1_112' title='bbox 558 3084 829 3172; x_wconf 79' lang='grc' dir='ltr'><strong><em>ξενίας.</em></strong></span> <span class='ocrx_word' id='word_1_113' title='bbox 1528 3191 1735 3268; x_wconf 70' lang='lat'><strong>1¹17</strong></span> <span class='ocrx_word' id='word_1_114' title='bbox 1854 3085 2082 3178; x_wconf 77' lang='lat' dir='ltr'>[LeX.</span> <span class='ocrx_word' id='word_1_115' title='bbox 2123 3079 2427 3182; x_wconf 83' lang='lat' dir='ltr'>Seguer.</span> <span class='ocrx_word' id='word_1_116' title='bbox 2465 3109 2536 3182; x_wconf 93' lang='lat' dir='ltr'>p.</span> <span class='ocrx_word' id='word_1_117' title='bbox 2579 3081 2804 3177; x_wconf 79' lang='lat'><strong>238.)</strong></span> 
     </span>
    </p>
   </div>
   <div class='ocr_carea' id='block_1_10' title="bbox 270 3313 3012 3547">
    <p class='ocr_par' dir='ltr' id='par_1_10' title="bbox 270 3313 3012 3547">
     <span class='ocr_line' id='line_1_21' title="bbox 468 3313 3012 3418; baseline -0.001 -26"><span class='ocrx_word' id='word_1_118' title='bbox 468 3313 1027 3418; x_wconf 80' lang='lat' dir='ltr'>Peregrinitatis</span> <span class='ocrx_word' id='word_1_119' title='bbox 1082 3314 1281 3395; x_wconf 87' lang='lat' dir='ltr'>dono</span> <span class='ocrx_word' id='word_1_120' title='bbox 1337 3327 1667 3397; x_wconf 82' lang='lat' dir='ltr'>tentatae</span> <span class='ocrx_word' id='word_1_121' title='bbox 1726 3318 1922 3395; x_wconf 85' lang='lat' dir='ltr'>actio</span> <span class='ocrx_word' id='word_1_122' title='bbox 1973 3319 2056 3393; x_wconf 85' lang='lat' dir='ltr'>fit</span> <span class='ocrx_word' id='word_1_123' title='bbox 2091 3326 2354 3394; x_wconf 88' lang='lat' dir='ltr'>contra</span> <span class='ocrx_word' id='word_1_124' title='bbox 2389 3314 2592 3412; x_wconf 77' lang='lat' dir='ltr'>inca,</span> <span class='ocrx_word' id='word_1_125' title='bbox 2649 3314 2772 3415; x_wconf 91' lang='lat' dir='ltr'>qui</span> <span class='ocrx_word' id='word_1_126' title='bbox 2811 3313 3012 3390; x_wconf 88' lang='lat' dir='ltr'>dona</span> 
     </span>
     <span class='ocr_line' id='line_1_22' title="bbox 270 3439 2164 3547; baseline 0.002 -30"><span class='ocrx_word' id='word_1_127' title='bbox 270 3439 619 3518; x_wconf 85' lang='lat' dir='ltr'>dederunt</span> <span class='ocrx_word' id='word_1_128' title='bbox 638 3501 657 3540; x_wconf 90' lang='lat'>‚</span> <span class='ocrx_word' id='word_1_129' title='bbox 714 3455 795 3520; x_wconf 92' lang='lat' dir='ltr'>ut</span> <span class='ocrx_word' id='word_1_130' title='bbox 831 3443 1238 3522; x_wconf 84' lang='lat' dir='ltr'>evaderent</span> <span class='ocrx_word' id='word_1_131' title='bbox 1272 3444 1551 3522; x_wconf 83' lang='lat' dir='ltr'>crimen</span> <span class='ocrx_word' id='word_1_132' title='bbox 1591 3444 2164 3547; x_wconf 85' lang='lat' dir='ltr'>peregrinitatis.</span> 
     </span>
    </p>
   </div>
   <div class='ocr_carea' id='block_1_11' title="bbox 1523 3607 1752 3684">
    <p class='ocr_par' dir='ltr' id='par_1_11' title="bbox 1523 3607 1752 3684">
     <span class='ocr_line' id='line_1_23' title="bbox 1523 3607 1752 3684; baseline 0 0"><span class='ocrx_word' id='word_1_133' title='bbox 1523 3607 1752 3684; x_wconf 88' lang='grc'><strong>1118.</strong></span> 
     </span>
    </p>
   </div>
   <div class='ocr_carea' id='block_1_12' title="bbox 261 3744 3009 4726">
    <p class='ocr_par' dir='ltr' id='par_1_12' title="bbox 261 3744 3009 4726">
     <span class='ocr_line' id='line_1_24' title="bbox 466 3744 3009 3853; baseline 0.002 -33"><span class='ocrx_word' id='word_1_134' title='bbox 466 3751 837 3824; x_wconf 76' lang='grc' dir='ltr'><strong><em>Γενέσθαι</em></strong></span> <span class='ocrx_word' id='word_1_135' title='bbox 878 3744 1183 3841; x_wconf 80' lang='grc' dir='ltr'><strong><em>ζήτησιν</em></strong></span> <span class='ocrx_word' id='word_1_136' title='bbox 1218 3746 1529 3826; x_wconf 80' lang='grc' dir='ltr'><strong><em>πάντων</em></strong></span> <span class='ocrx_word' id='word_1_137' title='bbox 1563 3748 1718 3826; x_wconf 77' lang='grc' dir='ltr'><strong><em>τῶν</em></strong></span> <span class='ocrx_word' id='word_1_138' title='bbox 1753 3749 2392 3853; x_wconf 75' lang='grc' dir='ltr'><strong><em>ἐγγεγραμμένων</em></strong></span> <span class='ocrx_word' id='word_1_139' title='bbox 2423 3755 2582 3835; x_wconf 82' lang='grc' dir='ltr'><strong><em>τοῖς</em></strong></span> <span class='ocrx_word' id='word_1_140' title='bbox 2619 3751 3009 3845; x_wconf 77' lang='grc' dir='ltr'><strong><em>ληξιαρχι-</em></strong></span> 
     </span>
     <span class='ocr_line' id='line_1_25' title="bbox 268 3869 3008 3980; baseline 0.003 -38"><span class='ocrx_word' id='word_1_141' title='bbox 268 3877 426 3958; x_wconf 75' lang='grc' dir='ltr'><strong><em>κοῒς</em></strong></span> <span class='ocrx_word' id='word_1_142' title='bbox 472 3879 1056 3977; x_wconf 80' lang='grc' dir='ltr'><strong><em>γραμματείοις,</em></strong></span> <span class='ocrx_word' id='word_1_143' title='bbox 1114 3873 1266 3951; x_wconf 77' lang='grc' dir='ltr'><strong><em>εἴτε</em></strong></span> <span class='ocrx_word' id='word_1_144' title='bbox 1322 3871 1621 3980; x_wconf 77' lang='grc' dir='ltr'><strong><em>γνήσιοι</em></strong></span> <span class='ocrx_word' id='word_1_145' title='bbox 1678 3874 1989 3950; x_wconf 84' lang='grc' dir='ltr'><strong><em>πολῖταί</em></strong></span> <span class='ocrx_word' id='word_1_146' title='bbox 2046 3873 2242 3950; x_wconf 75' lang='grc' dir='ltr'><strong><em>εἰσιν</em></strong></span> <span class='ocrx_word' id='word_1_147' title='bbox 2299 3873 2449 3948; x_wconf 81' lang='grc' dir='ltr'><strong><em>εἴτε</em></strong></span> <span class='ocrx_word' id='word_1_148' title='bbox 2495 3869 2604 3973; x_wconf 80' lang='grc' dir='ltr'>μή</span> <span class='ocrx_word' id='word_1_149' title='bbox 2628 3928 2652 3963; x_wconf 88' lang='lat'><em>,</em></span> <span class='ocrx_word' id='word_1_150' title='bbox 2710 3869 2894 3961; x_wconf 78' lang='grc' dir='ltr'>τούς</span> <span class='ocrx_word' id='word_1_151' title='bbox 2930 3873 3008 3950; x_wconf 85' lang='grc' dir='ltr'><strong><em>δὲ</em></strong></span> 
     </span>
     <span class='ocr_line' id='line_1_26' title="bbox 262 3991 3007 4102; baseline 0.001 -31"><span class='ocrx_word' id='word_1_152' title='bbox 262 3991 359 4087; x_wconf 82' lang='grc' dir='ltr'>μὴ</span> <span class='ocrx_word' id='word_1_153' title='bbox 395 3996 799 4102; x_wconf 78' lang='grc' dir='ltr'><strong><em>γεγονότας</em></strong></span> <span class='ocrx_word' id='word_1_154' title='bbox 852 4007 931 4094; x_wconf 71' lang='grc' dir='ltr'>ἐξ</span> <span class='ocrx_word' id='word_1_155' title='bbox 990 3996 1229 4077; x_wconf 82' lang='grc' dir='ltr'><strong><em>ἀστοῦ</em></strong></span> <span class='ocrx_word' id='word_1_156' title='bbox 1292 4005 1433 4076; x_wconf 79' lang='grc' dir='ltr'>καὶ</span> <span class='ocrx_word' id='word_1_157' title='bbox 1485 3995 1716 4091; x_wconf 82' lang='grc' dir='ltr'><strong><em>ἆστῆς</em></strong></span> <span class='ocrx_word' id='word_1_158' title='bbox 1752 4001 2340 4094; x_wconf 76' lang='grc' dir='ltr'><strong><em>ἐξαλείφεσθαι,</em></strong></span> <span class='ocrx_word' id='word_1_159' title='bbox 2399 3995 3007 4100; x_wconf 74' lang='grc' dir='ltr'><strong><em>διαψηφίζεσθαι</em></strong></span> 
     </span>
     <span class='ocr_line' id='line_1_27' title="bbox 270 4115 3006 4226; baseline 0.003 -33"><span class='ocrx_word' id='word_1_160' title='bbox 270 4115 337 4195; x_wconf 82' lang='grc' dir='ltr'><strong><em>δὲ</em></strong></span> <span class='ocrx_word' id='word_1_161' title='bbox 374 4127 531 4224; x_wconf 80' lang='grc' dir='ltr'><strong><em>περὶ</em></strong></span> <span class='ocrx_word' id='word_1_162' title='bbox 566 4119 876 4202; x_wconf 82' lang='grc' dir='ltr'><strong><em>πάντων</em></strong></span> <span class='ocrx_word' id='word_1_163' title='bbox 914 4121 1101 4215; x_wconf 78' lang='grc' dir='ltr'>τούς</span> <span class='ocrx_word' id='word_1_164' title='bbox 1139 4123 1505 4226; x_wconf 85' lang='grc' dir='ltr'><strong><em>δημότας,</em></strong></span> <span class='ocrx_word' id='word_1_165' title='bbox 1564 4129 1702 4201; x_wconf 80' lang='grc' dir='ltr'>καὶ</span> <span class='ocrx_word' id='word_1_166' title='bbox 1737 4121 1924 4212; x_wconf 80' lang='grc' dir='ltr'>τούς</span> <span class='ocrx_word' id='word_1_167' title='bbox 1952 4125 2103 4225; x_wconf 81' lang='grc' dir='ltr'>μὲν</span> <span class='ocrx_word' id='word_1_168' title='bbox 2141 4119 2831 4226; x_wconf 82' lang='grc' dir='ltr'><strong><em>ἇποψηφισθέντας</em></strong></span> <span class='ocrx_word' id='word_1_169' title='bbox 2867 4129 3006 4201; x_wconf 76' lang='grc' dir='ltr'>καὶ</span> 
     </span>
     <span class='ocr_line' id='line_1_28' title="bbox 266 4245 3007 4354; baseline 0.003 -36"><span class='ocrx_word' id='word_1_170' title='bbox 266 4251 749 4347; x_wconf 74' lang='grc' dir='ltr'><strong><em>ἐμμείναντας</em></strong></span> <span class='ocrx_word' id='word_1_171' title='bbox 784 4249 875 4350; x_wconf 79' lang='grc' dir='ltr'><strong><em>τῇ</em></strong></span> <span class='ocrx_word' id='word_1_172' title='bbox 915 4247 1154 4354; x_wconf 79' lang='grc' dir='ltr'><strong><em>ψήφῳ</em></strong></span> <span class='ocrx_word' id='word_1_173' title='bbox 1190 4245 1347 4327; x_wconf 73' lang='grc' dir='ltr'><strong><em>τῶν</em></strong></span> <span class='ocrx_word' id='word_1_174' title='bbox 1384 4249 1738 4351; x_wconf 78' lang='grc' dir='ltr'><strong><em>δημοτῶν</em></strong></span> <span class='ocrx_word' id='word_1_175' title='bbox 1784 4251 2296 4345; x_wconf 77' lang='grc' dir='ltr'><strong><em>ἐξαληλίφθαι</em></strong></span> <span class='ocrx_word' id='word_1_176' title='bbox 2330 4251 2472 4323; x_wconf 76' lang='grc' dir='ltr'>καὶ</span> <span class='ocrx_word' id='word_1_177' title='bbox 2511 4245 2706 4325; x_wconf 83' lang='grc' dir='ltr'><strong><em>εἶναι</em></strong></span> <span class='ocrx_word' id='word_1_178' title='bbox 2736 4254 3007 4349; x_wconf 85' lang='grc' dir='ltr'><strong><em>μετοί-</em></strong></span> 
     </span>
     <span class='ocr_line' id='line_1_29' title="bbox 266 4369 3008 4478; baseline 0.003 -32"><span class='ocrx_word' id='word_1_179' title='bbox 266 4401 439 4461; x_wconf 76' lang='grc' dir='ltr'><strong><em>κους</em></strong></span> <span class='ocrx_word' id='word_1_180' title='bbox 455 4432 479 4467; x_wconf 88' lang='grc'>,</span> <span class='ocrx_word' id='word_1_181' title='bbox 552 4385 711 4464; x_wconf 84' lang='grc' dir='ltr'><strong><em>τοῖς</em></strong></span> <span class='ocrx_word' id='word_1_182' title='bbox 768 4373 845 4452; x_wconf 83' lang='grc' dir='ltr'><strong><em>δὲ</em></strong></span> <span class='ocrx_word' id='word_1_183' title='bbox 900 4379 1405 4478; x_wconf 82' lang='grc' dir='ltr'><strong><em>βουλομένοις</em></strong></span> <span class='ocrx_word' id='word_1_184' title='bbox 1462 4378 1727 4474; x_wconf 71' lang='grc' dir='ltr'><strong><em>ἔφεσιν</em></strong></span> <span class='ocrx_word' id='word_1_185' title='bbox 1782 4379 1892 4463; x_wconf 80' lang='grc' dir='ltr'><strong><em>εἰς</em></strong></span> <span class='ocrx_word' id='word_1_186' title='bbox 1947 4369 2314 4461; x_wconf 74' lang='grc' dir='ltr'><strong><em>δικαστὰς</em></strong></span> <span class='ocrx_word' id='word_1_187' title='bbox 2372 4370 2734 4451; x_wconf 82' lang='grc' dir='ltr'><strong><em>δεδόσθαι</em></strong></span> <span class='ocrx_word' id='word_1_188' title='bbox 2758 4433 2779 4466; x_wconf 86' lang='grc'>,</span> <span class='ocrx_word' id='word_1_189' title='bbox 2846 4371 3008 4454; x_wconf 66' lang='grc' dir='ltr'>κᾶν</span> 
     </span>
     <span class='ocr_line' id='line_1_30' title="bbox 261 4495 3004 4606; baseline 0.003 -35"><span class='ocrx_word' id='word_1_190' title='bbox 261 4501 391 4594; x_wconf 78' lang='grc' dir='ltr'>μὲν</span> <span class='ocrx_word' id='word_1_191' title='bbox 425 4495 657 4579; x_wconf 76' lang='grc' dir='ltr'><strong><em>ἆλῶσι</em></strong></span> <span class='ocrx_word' id='word_1_192' title='bbox 695 4507 833 4578; x_wconf 74' lang='grc' dir='ltr'>καὶ</span> <span class='ocrx_word' id='word_1_193' title='bbox 870 4501 1071 4605; x_wconf 75' lang='grc' dir='ltr'><strong><em>παρὰ</em></strong></span> <span class='ocrx_word' id='word_1_194' title='bbox 1108 4503 1219 4606; x_wconf 74' lang='grc' dir='ltr'><strong><em>τῷ</em></strong></span> <span class='ocrx_word' id='word_1_195' title='bbox 1258 4501 1772 4606; x_wconf 71' lang='grc' dir='ltr'><strong><em>δικαστηρίῳ,</em></strong></span> <span class='ocrx_word' id='word_1_196' title='bbox 1832 4497 2302 4600; x_wconf 80' lang='grc' dir='ltr'><strong><em>πεπρᾶσθαι,</em></strong></span> <span class='ocrx_word' id='word_1_197' title='bbox 2355 4497 2494 4578; x_wconf 74' lang='grc' dir='ltr'>ἐὰν</span> <span class='ocrx_word' id='word_1_198' title='bbox 2547 4498 2628 4577; x_wconf 75' lang='grc' dir='ltr'><strong><em>δὲ</em></strong></span> <span class='ocrx_word' id='word_1_199' title='bbox 2685 4498 3004 4600; x_wconf 81' lang='grc' dir='ltr'><strong><em>ἀποφύ-</em></strong></span> 
     </span>
     <span class='ocr_line' id='line_1_31' title="bbox 267 4627 1145 4726; baseline 0.008 -28"><span class='ocrx_word' id='word_1_200' title='bbox 267 4650 519 4726; x_wconf 79' lang='grc' dir='ltr'><strong><em>γωσιν,</em></strong></span> <span class='ocrx_word' id='word_1_201' title='bbox 576 4627 771 4705; x_wconf 80' lang='grc' dir='ltr'><strong><em>εἶναι</em></strong></span> <span class='ocrx_word' id='word_1_202' title='bbox 810 4633 1145 4717; x_wconf 85' lang='grc' dir='ltr'><strong><em>πολίτας.</em></strong></span> 
     </span>
    </p>
   </div>
   <div class='ocr_carea' id='block_1_13' title="bbox 590 4751 2790 4862">
    <p class='ocr_par' dir='ltr' id='par_1_13' title="bbox 590 4751 2790 4862">
     <span class='ocr_line' id='line_1_32' title="bbox 590 4751 2790 4862; baseline -0.002 -22"><span class='ocrx_word' id='word_1_203' title='bbox 590 4755 1005 4862; x_wconf 85' lang='lat' dir='ltr'>(Anonymi</span> <span class='ocrx_word' id='word_1_204' title='bbox 1042 4783 1327 4860; x_wconf 84' lang='lat' dir='ltr'>argum.</span> <span class='ocrx_word' id='word_1_205' title='bbox 1368 4757 1443 4834; x_wconf 88' lang='lat' dir='ltr'>in</span> <span class='ocrx_word' id='word_1_206' title='bbox 1485 4754 1873 4834; x_wconf 80' lang='lat' dir='ltr'>Demosth.</span> <span class='ocrx_word' id='word_1_207' title='bbox 1911 4777 1976 4834; x_wconf 87' lang='lat' dir='ltr'>c.</span> <span class='ocrx_word' id='word_1_208' title='bbox 2016 4751 2359 4834; x_wconf 76' lang='lat' dir='ltr'>Eubulid.</span> <span class='ocrx_word' id='word_1_209' title='bbox 2397 4779 2469 4859; x_wconf 87' lang='lat' dir='ltr'>p.</span> <span class='ocrx_word' id='word_1_210' title='bbox 2515 4755 2790 4850; x_wconf 72' lang='lat'>1298.)</span> 
     </span>
    </p>
   </div>
   <div class='ocr_carea' id='block_1_14' title="bbox 1504 4916 1731 4999">
    <p class='ocr_par' dir='ltr' id='par_1_14' title="bbox 1504 4916 1731 4999">
     <span class='ocr_line' id='line_1_33' title="bbox 1504 4916 1731 4999; baseline 0.026 -6"><span class='ocrx_word' id='word_1_211' title='bbox 1504 4916 1731 4999; x_wconf 78' lang='grc'><strong>1118.</strong></span> 
     </span>
    </p>
   </div>
   <div class='ocr_carea' id='block_1_15' title="bbox 273 5041 2998 5275">
    <p class='ocr_par' dir='ltr' id='par_1_15' title="bbox 273 5041 2998 5275">
     <span class='ocr_line' id='line_1_34' title="bbox 456 5041 2998 5148; baseline -0.001 -23"><span class='ocrx_word' id='word_1_212' title='bbox 456 5041 845 5148; x_wconf 84' lang='lat' dir='ltr'>Inquisitio</span> <span class='ocrx_word' id='word_1_213' title='bbox 884 5045 1016 5124; x_wconf 86' lang='lat' dir='ltr'>fiat</span> <span class='ocrx_word' id='word_1_214' title='bbox 1049 5043 1127 5123; x_wconf 89' lang='lat' dir='ltr'>in</span> <span class='ocrx_word' id='word_1_215' title='bbox 1166 5069 1455 5142; x_wconf 76' lang='lat' dir='ltr'>omneS,</span> <span class='ocrx_word' id='word_1_216' title='bbox 1514 5047 1638 5146; x_wconf 90' lang='lat' dir='ltr'>qui</span> <span class='ocrx_word' id='word_1_217' title='bbox 1678 5055 1851 5120; x_wconf 84' lang='lat' dir='ltr'>sunt</span> <span class='ocrx_word' id='word_1_218' title='bbox 1887 5045 1962 5120; x_wconf 93' lang='lat' dir='ltr'>in</span> <span class='ocrx_word' id='word_1_219' title='bbox 2001 5044 2256 5122; x_wconf 86' lang='lat' dir='ltr'>album</span> <span class='ocrx_word' id='word_1_220' title='bbox 2293 5043 2604 5124; x_wconf 76' lang='lat' dir='ltr'>civitatis</span> <span class='ocrx_word' id='word_1_221' title='bbox 2642 5045 2998 5147; x_wconf 77' lang='lat' dir='ltr'>inscripti,</span> 
     </span>
     <span class='ocr_line' id='line_1_35' title="bbox 273 5163 2998 5275; baseline 0.001 -27"><span class='ocrx_word' id='word_1_222' title='bbox 273 5163 536 5252; x_wconf 76' lang='lat' dir='ltr'>civesne</span> <span class='ocrx_word' id='word_1_223' title='bbox 593 5175 930 5275; x_wconf 76' lang='lat' dir='ltr'>germani</span> <span class='ocrx_word' id='word_1_224' title='bbox 989 5174 1137 5250; x_wconf 83' lang='lat' dir='ltr'>sint</span> <span class='ocrx_word' id='word_1_225' title='bbox 1190 5199 1328 5253; x_wconf 86' lang='lat' dir='ltr'>nec</span> <span class='ocrx_word' id='word_1_226' title='bbox 1382 5197 1521 5269; x_wconf 88' lang='lat' dir='ltr'>ne,</span> <span class='ocrx_word' id='word_1_227' title='bbox 1578 5184 1655 5250; x_wconf 84' lang='lat' dir='ltr'>et</span> <span class='ocrx_word' id='word_1_228' title='bbox 1702 5167 1797 5267; x_wconf 85' lang='lat' dir='ltr'>ii,</span> <span class='ocrx_word' id='word_1_229' title='bbox 1855 5167 1981 5271; x_wconf 91' lang='lat' dir='ltr'>qui</span> <span class='ocrx_word' id='word_1_230' title='bbox 2039 5195 2190 5247; x_wconf 89' lang='lat' dir='ltr'>non</span> <span class='ocrx_word' id='word_1_231' title='bbox 2253 5184 2326 5248; x_wconf 90' lang='lat' dir='ltr'>et</span> <span class='ocrx_word' id='word_1_232' title='bbox 2379 5184 2592 5274; x_wconf 83' lang='lat' dir='ltr'>patre</span> <span class='ocrx_word' id='word_1_233' title='bbox 2650 5183 2725 5248; x_wconf 88' lang='lat' dir='ltr'>et</span> <span class='ocrx_word' id='word_1_234' title='bbox 2761 5183 2998 5252; x_wconf 84' lang='lat' dir='ltr'>matre</span> 
     </span>
    </p>
   </div>
  </div>
 </body>
</html>
