3725 5850
720 412 873 489 144
1448 478 1455 487 .
1808 438 1936 491 ms
1978 436 2398 493 mumma.

714 656 843 707 eos
896 634 1147 710 autem
1202 626 1328 729 qui
1380 626 1661 729 aliquid
1716 628 2012 729 legibus
2063 628 2146 707 in
2201 628 2506 707 civitate
2559 622 3044 709 interdicutm
3083 630 3511 710 commise-

714 764 917 850 runt,
955 755 1081 831 vel
1117 753 1463 855 ejiciendi
1498 754 1625 831 vel
1662 756 1906 858 capite
1944 756 2346 857 plectendi.

926 1034 1304 1137 Δεύτερον
1341 1035 1410 1112 δ’
1448 1042 1707 1137 ἕτερον
1763 917 2260 1140 δικαστῗῑῗιῗον
2277 1096 2300 1130 ,
2357 1036 2446 1117 τὸ
2489 1038 2658 1133 ,τῶν
2711 1034 3115 1119 ἀκουσίων
3149 1038 3450 1136 ’φόνων
3473 1096 3500 1129 ,

712 1160 801 1240 τὸ
842 1170 963 1239 ἐπὶ
1010 1160 1461 1262 Παλλαδίῳ.
2077 1168 2503 1275 (Βθωοείὼ.
2543 1192 2606 1245 c.
2647 1166 3002 1247 Aristocr.
3041 1169 3264 1262 643.)

2007 1328 2182 1406 586.

928 1454 1272 1533 Alterum
1294 1452 1661 1555 judicium
1696 1462 1811 1531 est
1844 1450 1939 1530 de
1983 1452 2338 1531 caedibus
2375 1454 2698 1531 fortuitis
2733 1454 2829 1535 ad
2865 1452 3296 1533 Palladium.

2009 1614 2185 1691 587.

928 1735 1244 1830 Δικάζει
1284 1734 1362 1813 δὲ
1402 1740 1538 1811 καὶ
1578 1738 1889 1826 οἰκέτην
1927 1730 1976 1826 ἢ
1999 1742 2379 1835 μέτοικον
2417 1731 2465 1827 ἢ
2501 1741 2726 1828 ξένον
2762 1732 3336 1815 ἀποκτείναντι.

1635 1863 1946 1989 (Schol.3
1966 1864 2045 1940 in
2083 1862 2428 1943 Aeschin.
2471 1864 2564 1943 de
2602 1866 2791 1943 falsa
2826 1866 3053 1967 legat.
3093 1866 3266 1985 87.)

2005 2026 2182 2103 587.

928 2152 985 2230 J
986 2179 1073 2228 us
1112 2150 1289 2228 dicit
1326 2158 1575 2227 autem
1613 2158 1689 2226 et
1724 2150 1872 2246 illi,
1929 2152 2056 2253 qui
2111 2176 2411 2228 servum
2467 2150 2589 2228 vel
2626 2148 3070 2249 inquilinum
3107 2150 3230 2227 vel
3265 2176 3490 2253 pere-

712 2280 1012 2379 grinum
1048 2275 1421 2353 occiderit.

2006 2381 2181 2460 588.

912 2500 1165 2583 ’Όταν
1214 2510 1293 2596 ἐξ
1340 2503 1747 2605 ἐπιβουλῆς
1792 2506 1908 2591 τίς
1965 2532 2117 2579 τινι
2173 2495 2712 2602 κατασκευάζῃ
2773 2500 3170 2596 θάνατον,
3225 2502 3370 2582 ἐάν
3405 2536 3490 2581 τε

718 2630 1087 2729 ἀποθάνῃ
1147 2621 1190 2705 o‘
1250 2630 1874 2728 ἐπιβουλευθεὶς,
1959 2624 2098 2705 ἐάν
2157 2660 2238 2705 τε
2283 2626 2440 2731 μὴ,
2515 2628 2802 2706 τούτου
2865 2635 2988 2706 ἐπὶ
3049 2628 3486 2731 Παλλαδίῳ

720 2756 914 2835 εἶναι
953 2755 1088 2844 τὰς
1127 2752 1369 2841 δίκας.
2099 2758 2672 2865 (Harpocratioz
2727 2753 3266 2857 βουλεύσεως.)

2011 2920 2187 2999 588.

931 3048 1011 3127 Si
1050 3049 1239 3125 alter
1274 3048 1487 3125 alteri
1523 3073 1657 3149 per
1693 3046 1998 3124 insidias
2031 3071 2301 3124 necem
2338 3049 2748 3150 paraverit,
2788 3047 2944 3124 sive
2983 3060 3482 3149 consequatur

717 3201 958 3270 mors,
996 3175 1155 3250 sive
1192 3201 1387 3259 non·
1368 3231 1388 3272 ,
1444 3173 1535 3250 dc
1574 3199 1671 3250 eo
1706 3152 1934 3251 debet
1967 3173 2326 3272 cognosci
2362 3171 2440 3248 in
2477 3173 2844 3250 Palladio.

2005 3336 2182 3411 589.

938 3460 1221 3557 Τρίτον
1259 3455 1327 3530 δ’
1365 3461 1628 3554 ἕτερον
1660 3451 1844 3556 πρὸς
1881 3453 2185 3543 τούτοις
2224 3453 2753 3557 δικαστήριον,
2811 3447 2859 3531 ὃ
2895 3453 3205 3531 πάντων
3241 3447 3480 3561 ἁγιώ-

717 3613 907 3660 τατα
944 3580 1245 3658 τούτων
1284 3583 1440 3678 ἔχει
1465 3638 1486 3670 ,
1547 3585 1685 3655 καὶ
1744 3578 2358 3680 φρικωδέστατα,
2417 3575 2522 3656 ἄν
2559 3611 2664 3669 τις
2704 3571 3050 3685 ὃμολογῆ
3081 3585 3230 3678 μὲν
3266 3592 3482 3657 κτεῖ-

719 3739 893 3800 ναι,
950 3705 1288 3806 ἐννόμως
1327 3702 1405 3784 δὲ
1447 3704 1555 3802 φῆ
1596 3703 2066 3806 δεδρακέναι.
2151 3705 2407 3782 Τοῦτο
2467 3704 2536 3782 δ’
2575 3711 2730 3782 ἐστὶ
2782 3701 2872 3782 τὸ
2911 3711 3033 3780 ἐπὶ
3074 3709 3482 3804 Δελφινίῳ.

2081 3835 2508 3928 (Demosth.
2547 3860 2608 3910 c.
2651 3833 3005 3914 Aristocr.
3043 3835 3268 3929 644.)

2017 3994 2193 4070 589.

930 4125 1241 4200 Praeter
1276 4119 1459 4196 haec
1499 4119 1797 4195 tertium
1835 4116 2034 4194 aliud
2074 4127 2188 4193 est
2229 4116 2598 4220 judicium
2651 4119 2986 4194 omnium
3041 4120 3309 4196 horum
3356 4146 3478 4196 au-

718 4249 1225 4350 gustissimum
1264 4245 1715 4344 maximique
1752 4245 2058 4321 terroris
2080 4302 2098 4339 ‚
2135 4243 2199 4318 si
2235 4246 2401 4344 quis
2439 4244 2798 4321 occidisse
2835 4244 3198 4342 fateatur,
3253 4247 3332 4322 id
3373 4256 3478 4321 ta-

718 4400 891 4454 men
928 4371 1339 4452 secundum
1377 4370 1583 4470 leges
1612 4393 1695 4444 se
1712 4368 1978 4445 fecisse
2017 4369 2238 4444 dicat.
2280 4369 2415 4444 Est
2431 4379 2684 4445 autem
2703 4369 2848 4446 hoc
2865 4369 2959 4446 ad
2977 4369 3477 4472 Delphinium.

2009 4531 2187 4611 590.

939 4661 1316 4760 Τέταρτον
1370 4651 1567 4735 ἄλλο
1625 4651 1811 4759 πρὸς
1862 4655 2166 4745 τούτοις
2221 4651 2310 4733 τὸ
2366 4661 2489 4733 ἐπὶ
2547 4657 3036 4758 Πρυτανείῳ.
3117 4651 3376 4732 Τοῦτο
3415 4653 3478 4729 δ’

718 4787 968 4873 ἐστίν,
1027 4780 1175 4859 ἐὰν
1222 4779 1548 4871 λὶθος’“
1500 4818 1541 4875 η
1602 4779 1847 4875 ξύλον
1903 4779 1951 4875 ἢ
2005 4778 2392 4882 σίδηρος’“
2342 4817 2384 4876 η
2425 4813 2498 4858 τι
2554 4783 2921 4859 τοιοῦτον
2965 4781 3298 4882 ἐμπεσόν
3335 4809 3478 4856 πα-

715 4909 946 5006 τάξῃ,
1004 4913 1141 4983 και
1180 4907 1324 4985 τὸν
1350 4911 1501 5007 μὲν
1555 4908 1904 5009 βαλόντα
1963 4899 2213 5015 ἀγνοῇ
2269 4940 2417 4999 τις,
2477 4904 2674 4985 αὐτὸ
2715 4907 2794 4985 δὲ
2833 4906 3002 5006 εἰδῇ
3036 4914 3174 4983 καὶ
3217 4909 3356 5005 ἶν’χῃ
3393 4902 3475 4980 τὸ

716 5063 858 5112 τον
894 5031 1155 5130 φόνον
1192 5039 1770 5196 ε’ἰργασμένονῇ
1794 5031 2102 5122 τούτοις
2133 5033 2500 5111 ἐνταῦθα
2531 5033 3023 5138 λαγχάνεται.
3083 5069 3092 5076 ·
3199 5067 3204 5076 ·

2084 5164 2612 5257 (Demosthe.
2654 5109 3274 5263 Aristocr.645.)
3399 5165 3408 5172 '
