3725 5850
942 393 1563 444 COMMENTARIUS
1601 390 1707 441 An
1748 389 1874 442 262.
1916 391 2038 444 263.
2079 392 2202 445 266.
2803 368 2958 444 457

405 586 513 661 De
556 583 937 685 apodectis
978 580 1235 659 eadem
1290 582 1626 677 tradunt,
1684 610 1872 682 quae
1929 586 2004 658 in
2063 583 2353 685 legibus
2415 588 2667 687 posui,
2727 585 2954 662 Scho-

196 712 409 787 liasta
443 712 523 787 in
562 708 906 787 Aeschin.
946 708 1415 811 Ctesiphont.
1457 710 1583 785 25.
1642 708 1937 811 Corpus
1976 712 2320 815 Inscript.
2357 712 2621 791 Graec.
2661 710 2789 790 Nr.
2831 712 2956 803 84,

198 846 273 913 et
312 834 897 939 Etymologicum
933 834 1311 935 Magnum.

1363 990 1514 1074 Ad
1564 992 1787 1075 262.

406 1158 671 1262 Harp
695 1187 739 1236 o
762 1160 1083 1237 cratio
1158 1186 1214 1235 s.
1272 1187 1341 1234 v,
1416 1157 1743 1253 Ταμιάιε
1819 1158 2300 1257 Magistratus
2375 1158 2674 1263 quidam
2753 1156 2958 1260 apud

194 1282 681 1362 Athenienses
722 1298 965 1379 erant,
1026 1284 1287 1362 decem
1342 1309 1669 1362 numero.
1746 1284 1884 1361 His
1947 1310 2198 1362 coram
2236 1296 2492 1362 senatu
2529 1284 2960 1363 tradebatur

192 1412 667 1487 simulacrum
704 1411 1085 1488 Minervae
1126 1420 1198 1488 et
1238 1408 1617 1487 Victoriae
1655 1422 1728 1487 et
1774 1411 2104 1511 reliquus
2163 1430 2469 1487 ornatus
2510 1422 2582 1487 et
2621 1408 2956 1514 pecunia.

197 1538 431 1613 Erant
464 1536 686 1613 etiam
723 1534 1025 1638 quidam
1063 1535 1475 1612 triremium
1513 1546 1962 1635 quaestores

405 1680 699 1757 Pollu
724 1709 769 1758 x
824 1680 1032 1777 VIII,
1076 1680 1218 1756 97:
1276 1682 1728 1776 Quaestores
1764 1682 1972 1759 Deae
2014 1682 2227 1759 electi
2269 1693 2482 1759 erant
2519 1708 2558 1758 e
2601 1690 2954 1783 pentaco-

194 1804 695 1883 siomedimnis
718 1865 735 1902 ‚
800 1816 875 1883 et
913 1804 975 1882 O
996 1832 1041 1883 o
1062 1807 1087 1882 l
1108 1832 1154 1883 a
1172 1833 1211 1884 c
1232 1835 1268 1883 r
1290 1832 1329 1883 e
1350 1816 1381 1883 t
1401 1834 1446 1883 a
1467 1832 1505 1882 e
1546 1806 1999 1884 dicebantur.

406 1946 651 2025 Schol.
693 1949 772 2026 in
807 1950 1197 2027 Demosth.
1238 1950 1561 2029 Timocr.
1601 1950 1782 2047 743,
1826 1952 1863 2025 1
1899 1980 1915 2027 :
1973 1945 2353 2047 Χρήματα
2411 1952 2550 2025 καὶ
2606 1950 2761 2025 τῶν
2817 1940 2960 2022 ἄλ-

194 2076 349 2146 λων
404 2069 628 2169 ἱερῶν
680 2071 837 2148 τῶν
899 2073 1107 2149 θεῶν
1160 2080 1298 2149 καὶ
1356 2072 1484 2165 τῆς
1530 2070 1881 2164 Ἀθηνᾶς
1939 2077 2190 2150 ἔκειτο
2248 2077 2334 2151 ἔν
2387 2104 2538 2151 τινι
2595 2070 2960 2172 οἰκήματι

196 2192 433 2271 ὀπίσω
490 2196 621 2287 τῆς
677 2194 1206 2297 ἀκροπόλεως,
1266 2198 1375 2299 τῷ
1432 2203 1894 2299 καλουμένῳ
1955 2197 2508 2300 ὀπισθοδόμῳ,
2569 2204 2706 2274 καὶ
2766 2192 2962 2290 ἦσαν

193 2353 386 2408 τινες
420 2330 863 2426 τεταγμένοι
901 2328 1170 2423 ταμίαι
1210 2329 1330 2401 ἐπὶ
1366 2326 1458 2422 τῇ
1500 2328 1817 2423 φυλακῇ
1863 2323 2184 2402 τούτων.
2249 2330 2664 2423 (Pecuniae
2707 2352 2958 2403 sacrae

192 2451 491 2527 deorum
533 2464 606 2528 et
641 2451 1017 2529 Minervae
1062 2452 1424 2556 jacebant
1478 2454 1557 2529 in
1613 2453 1934 2555 quodam
1994 2454 2332 2531 aedificio
2373 2482 2417 2531 a
2455 2464 2668 2551 tergo
2729 2452 2960 2541 arcis,

194 2576 387 2677 quod
427 2576 834 2655 vocabatur
872 2577 1456 2681 Opisthodomus
1480 2639 1497 2673 ‚
1559 2590 1916 2683 erantque
1978 2578 2278 2681 quidam
2319 2577 2698 2657 constituti
2738 2602 2959 2679 quae-

195 2714 427 2779 stores
466 2703 559 2781 ad
596 2704 729 2781 has
769 2706 1358 2798 custodiendae.)

1363 2916 1515 3000 Ad
1561 2917 1791 3001 263.

408 3084 673 3185 Lysias
711 3109 849 3185 pro
890 3083 1123 3159 milite
1166 3084 1254 3158 7:
1312 3081 1384 3154 οἱ
1441 3084 1713 3180 ταμίαι
1772 3076 2441 3178 ἀνακαλεσάμενοι
2497 3077 2679 3167 τούς
2717 3109 2962 3177 παρα-

199 3201 467 3292 δόντας
503 3202 646 3294 τήν
683 3202 1019 3308 γραφήν,
1061 3204 1545 3282 ἐσκοποῦντο
1584 3205 1710 3296 τῆς
1750 3209 1999 3290 αἰτίας
2037 3201 2178 3295 τὴν
2217 3202 2624 3304 πρόφασιν.
2659 3202 2964 3280 Ἀκού-

198 3356 455 3416 σαντες
495 3327 570 3404 δὲ
595 3327 683 3405 τὸ
723 3334 1232 3434 γεγενημένον
1273 3392 1285 3405 .
1333 3391 1346 3405 .
1390 3392 1404 3408 .
1450 3323 1752 3428 ἄκυρον
1788 3327 1930 3420 τὴν
1971 3333 2248 3428 ζημίαν
2288 3331 2626 3429 ἔκριναν.
2677 3335 2962 3426 (Quae-

197 3469 423 3534 stores
462 3459 551 3534 iis
590 3457 970 3534 advocatis
1011 3461 1134 3558 qui
1174 3457 1637 3535 tradiderunt
1674 3459 2069 3554 tabellam,
2113 3459 2604 3536 accusationis
2643 3460 2963 3534 occasio-

198 3609 363 3659 nem
422 3583 1012 3685 perpendebant.
1089 3583 1197 3658 Re
1252 3593 1501 3659 autem
1560 3583 1810 3660 audita
1859 3643 1874 3688 3
1930 3643 1944 3659 .
1999 3642 2014 3658 .
2055 3585 2410 3660 mulctam
2465 3584 2742 3661 irritam
2801 3608 2964 3660 esse

202 3709 849 3810 pronunciarunt.)

1369 3811 1520 3894 Ad
1561 3812 1792 3894 266.

410 3976 856 4056 Huiusmodi
897 3979 1039 4056 fuit
1077 3979 1477 4058 Aristides:
1533 3976 1694 4052 τῶν
1752 3975 2141 4075 δημοσίων
2195 3973 2596 4076 προσόδων
2633 3978 2964 4078 αἱρεθεὶς

196 4099 653 4202 ἐπιμελητής.
710 4104 797 4181 Id
837 4117 988 4181 est:
1045 4105 1517 4209 publicorum
1574 4105 1944 4182 redituum
2009 4118 2443 4206 procurator
2495 4107 2962 4186 constitutus.

200 4230 613 4325 (Plutarch.
657 4228 954 4309 Aristid.
995 4233 1107 4327 4.)
1182 4235 1369 4310 Item
1406 4230 1842 4332 Lycurgus,
1905 4231 1996 4306 de
2038 4259 2182 4332 quo
2223 4231 2666 4310 Plutarchus
2701 4233 2780 4308 in
2817 4242 2962 4320 ter,-

196 4355 289 4433 tio
330 4357 636 4434 decreto
674 4367 847 4459 post
888 4357 987 4431 10
1027 4368 1403 4434 oratorum
1443 4360 1673 4434 vitas:
1730 4353 2142 4459 γενόμενος
2197 4354 2324 4445 τῆς
2372 4354 2638 4447 κοινῆς
2679 4353 2965 4454 προσό-

201 4477 344 4589 δου.
376 4481 653 4577 ταμίας
688 4477 779 4574 τῇ
822 4476 1054 4557 πόλει.
1113 4483 1636 4574 (Publicorum
1675 4483 2047 4562 redituum
2088 4493 2435 4584 quaestor
2474 4483 2780 4575 factus.)

409 4623 817 4705 Aeschines
838 4629 1017 4704 dicit
1038 4626 1128 4705 de
1153 4627 1547 4731 Aphobeto
1586 4630 1706 4724 (M
1726 4632 1815 4707 al
1838 4656 1878 4706 e
1916 4657 1968 4730 g
1989 4657 2027 4706 e
2051 4642 2200 4708 sta
2236 4629 2320 4706 le
2342 4659 2394 4732 g
2413 4631 2615 4707 atio
2655 4625 2964 4732 §.149):

200 4747 449 4836 καλῶς
487 4755 622 4824 καί
666 4747 978 4838 δικαίως
1020 4748 1172 4825 τῶν
1230 4743 1614 4852 ὑμετέρων
1673 4749 2074 4852 προσόδων
2128 4757 2602 4850 ἐπιμεληθεὶς
2652 4749 2777 4829 ὅτε
2816 4749 2964 4829 αὖ·

202 4874 333 4952 τὸν
372 4879 495 4952 ἐπὶ
534 4871 678 4965 τήν
727 4873 1009 4967 κοινήν
1066 4875 1451 4968 διοίκησιν
1508 4881 1827 4957 εἵλεσθε.
1908 4881 2256 4976 (Vestros
2297 4882 2576 4958 r‘editus
2613 4893 2815 4958 recte
2843 4884 2964 4983 ju-

204 5017 454 5105 steque
496 5005 799 5100 curavit,
834 5033 1063 5106 quum
1103 5031 1271 5080 eum
1310 5007 1653 5106 publicae
1696 5007 2318 5094 administrationi
2356 5008 2962 5109 praefecissetis.)

411 5127 527 5207 Of.
566 5128 1031 5206 Boeckhium
1068 5131 1147 5212 in
1186 5128 1463 5208 Oecon.
1502 5134 1707 5232 publ.
1753 5133 2017 5212 Athen.
2057 5135 2114 5210 I.
2156 5161 2226 5232 p.
2271 5134 2714 5208 227—232.
