3725 5850
1021 487 1696 542 GYMNASIAncmA.
1735 505 1804 518 —-
1844 489 2350 543 couvlvA'rIo.
2912 457 3063 540 235

1603 679 1779 758 928.

525 824 1114 930 Gymnasiarcha
1147 836 1298 920 est,
1357 825 1482 925 qui
1539 822 1782 902 oleum
1837 827 2151 927 praebet
2204 827 2333 922 iis,
2392 826 2516 927 qui
2574 851 2651 902 se
2700 827 2779 902 in
2817 824 3063 925 palae-

337 967 467 1031 stra
501 963 884 1049 exercent,
944 962 1018 1028 et
1059 962 1384 1027 crateres
1420 951 1685 1052 implet
1721 950 2021 1051 publice
2062 953 2243 1053 ungi
2280 951 2723 1028 volentibus.

1595 1115 1772 1190 929.

527 1239 625 1312 Οἵ
676 1265 756 1311 τε
809 1240 1224 1332 ταχθέντες
1275 1235 1806 1341 γυμνάζεσθαι
1861 1243 1947 1313 ἐν
2002 1247 2160 1325 τοῖς
2195 1239 2649 1342 γυμνασίοις
2686 1239 2823 1309 καὶ
2865 1237 2939 1309 οἱ
2976 1241 3061 1311 ἐν

331 1372 474 1449 ταῖς
541 1357 876 1461 λαμπάσι
948 1357 1754 1466 γυμνασιαρχούμενοι
1807 1358 1953 1452 τὴν
2003 1359 2303 1460 τροφὴν
2372 1357 3069 1461 άπολαμβάνουσιν

333 1483 505 1580 [ἀπὸ
540 1486 683 1562 τοῦ
722 1485 1369 1593 γυμνασιάρχου).
1482 1491 1975 1593 (Xenophon.
2004 1490 2093 1567 de
2124 1492 2490 1590 Vectigal.
2521 1491 2651 1586 IV,
2690 1492 2851 1583 52.)

1603 1653 1781 1728 929.

522 1778 670 1872 Qui
707 1803 788 1854 se
825 1778 1018 1877 jussi
1075 1777 1350 1855 fuerint
1407 1801 1750 1854 exercere
1803 1778 1884 1854 in
1920 1778 2293 1880 palaestra
2328 1788 2407 1854 et
2442 1779 2569 1879 qui
2604 1779 3069 1879 gymnasiar-

331 1901 490 1978 chae
559 1912 828 2004 parent
897 1903 978 1978 in
1052 1903 1484 1980 decursione
1558 1926 1729 1978 cum
1800 1902 2087 1979 facibus
2109 1960 2127 1997 ,
2222 1903 2503 1978 victum
2574 1903 2950 2004 accipiunt
3025 1929 3070 1978 a

330 2027 890 2128 gymnasiarcha.

1605 2135 1781 2211 930.

507 2255 653 2336 Ἐν
723 2269 880 2345 τοῖς
927 2255 1290 2362 μεγάλοις
1362 2261 1928 2350 παναθηναίοις
2002 2255 2389 2363 γυμνάσια
2464 2263 2850 2364 γίγνεται,
2928 2268 3067 2339 καὶ

329 2382 818 2484 προβάλλεται
877 2381 1016 2480 ἀφ’
1075 2383 1391 2475 ἑκάστης
1463 2383 1704 2479 φυλῆς
1780 2381 1883 2472 εἷς
1957 2389 2571 2489 γυμνασίαρχος,
2646 2392 3072 2488 λαμβάνων

315 2509 650 2610 χρήματα
689 2515 796 2596 εἰς
829 2507 920 2585 τὸ
957 2509 1376 2614 γυμνάζειν
1409 2506 1592 2597 τούς
1627 2515 2186 2600 ἐπιτελέσοντας
2220 2509 2365 2603 τήν
2404 2510 2697 2610 ἑορτήν,
2736 2520 2874 2590 καὶ
2915 2510 3067 2589 δώ-

326 2661 466 2712 σων
499 2633 634 2724 τάς
672 2633 974 2712 τούτων
1012 2633 1354 2722 δαπάνας
1389 2645 1548 2722 τοῖς
1586 2635 1713 2727 τῆς
1753 2635 2030 2712 ἑαυτοῦ
2071 2635 2333 2732 φυλῆς.

1099 2765 1514 2867 (Anonymi
1552 2791 1836 2865 argum.
1875 2766 1951 2841 in
1991 2767 2375 2842 Demosth.
2417 2765 2594 2843 Mid.
2639 2768 2854 2860 510.)

1605 2926 1782 3004 930.

519 3052 609 3129 In
665 3053 959 3150 magnis
1016 3051 1560 3127 Panathenaeis
1618 3052 2183 3129 exercitationes
2244 3055 2472 3149 fiunt,
2531 3065 2606 3128 et
2664 3081 2703 3129 e
2761 3057 3069 3153 singulis

316 3174 645 3252 tribubus
683 3204 876 3253 unus
928 3177 1502 3279 gymnasiarcha
1558 3186 1889 3270 creatur,
1942 3177 2073 3278 ‘qui
2130 3178 2527 3279 pecuniam
2565 3178 2693 3255 dat
2731 3178 2824 3255 ad
2862 3208 3068 3259 exer-

319 3302 582 3380 cendos
621 3331 785 3398 eos,
845 3304 972 3403 qui
1009 3303 1279 3379 festum
1315 3304 1685 3404 peracturi
1723 3312 1895 3377 sunt
1934 3313 2008 3377 et
2044 3304 2137 3379 ad
2177 3304 2335 3404 ejus
2377 3305 2548 3379 festi
2586 3316 2866 3381 sumtus
2907 3332 3063 3383 cer-

315 3428 668 3505 tatoribus
706 3455 882 3505 suae
921 3427 1160 3504 tribus
1199 3427 1806 3529 suppeditandOS.

1495 3704 1756 3783 Ἀρθρον
1793 3706 1873 3785 γ’.

1336 3812 2031 3891 Ἔστιατορία.

1633 3926 1735 3943 er

1500 4001 1781 4051 Articulus
1820 4000 1872 4053 3.

1350 4106 2011 4160 Convivatio.

501 4370 921 4477 ςΕστιάτωρ
959 4372 1041 4449 δέ
1073 4381 1282 4451 ἐστιν
1317 4364 1360 4451 ὃ
1399 4370 1542 4466 τὴν
1578 4373 1834 4469 φυλήν
1873 4380 1981 4464 εἰς
2020 4374 2285 4456 δεῖπνα
2325 4374 2610 4456 καλῶν.

1251 4502 1538 4597 (Schol.
1578 4504 1658 4579 in
1693 4505 2080 4582 Demosth.
2123 4506 2419 4608 Leptin.
2463 4508 2639 4603 465,
2683 4510 2849 4601 28.)

513 4794 882 4873 Convivio
923 4794 1301 4897 excipiens
1341 4806 1492 4893 est,
1554 4796 1682 4896 qui
1719 4797 1998 4873 tribum
2034 4798 2129 4874 ad
2170 4824 2481 4876 coenam
2519 4812 2760 4875 vocat.

1589 4957 1767 5032 932.

515 5084 606 5157 Oi
644 5082 962 5175 φυλέται
1005 5073 1396 5181 ἑστιάτορα
1434 5082 1778 5178 φέρουσι.

1567 5210 1987 5302 (Demosth.
2028 5208 2194 5289 adv.
2234 5211 2489 5289 Boeot.
2530 5212 2589 5308 I,
2631 5212 2849 5305 996.)
