3725 5850
689 432 842 510 334
1760 463 1883 514 sus
1927 461 2347 518 rosacum.

687 650 1010 728 Puniant
1061 679 1242 730 vero
1299 652 1504 735 inum
1551 663 1786 731 morte
1839 653 1963 730 vel
1998 651 2260 749 exili0,
2319 651 2741 752 ubicunque
2779 647 3277 728 Athenienses
3314 675 3431 726 eo·

683 799 992 877 rumque
1031 779 1210 858 socii
1245 782 1656 882 imperant3
1711 790 1785 858 et
1821 780 1885 856 si
1920 788 2157 860 morte
2214 778 2439 858 fuerit
2492 777 2839 883 punitae,
2894 801 2993 858 ne
3030 775 3433 879 sepeliatur

682 898 760 978 in
798 893 1048 984 Attica
1083 931 1323 1010 neque
1362 906 1439 980 in
1479 905 1846 988 sociorum
1882 915 2098 990 terra.

1951 1066 2177 1146 1296.

877 1201 1078 1283 “Eva
1117 1215 1449 1285 ἕκαστον
1483 1207 1637 1285 τῶν
1677 1203 2103 1309 συμμάχων
2158 1205 2276 1287 δεῖ
2328 1203 2815 1305 ἀφικόμενον
2859 1199 3253 1298 Ἀθήναζε
3310 1198 3435 1280 δί·-

684 1362 834 1424 κην
873 1331 1148 1412 δοῦναι
1185 1339 1323 1412 καὶ
1361 1338 1628 1439 λαβεῖν
1665 1343 1751 1414 ἐν
1786 1336 1895 1439 τῷ
1946 1334 2175 1434 δήμω.

1911 1463 2375 1569 (Xenophon
2413 1487 2607 1566 resp.
2648 1456 2915 1538 Athen.
2956 1460 3015 1556 Ι,
3056 1457 3220 1551 18.)

1953 1625 2178 1702 1296.

894 1747 1280 1826 Sociorum
1351 1776 1950 1852 unumquemque
2025 1761 2321 1856 oportet
2394 1747 2727 1830 Athenas
2801 1747 3438 1854 proficiscentem,

683 1898 980 1952 causam
1017 1876 1217 1980 apud
1254 1877 1617 1982 populum
1651 1902 1895 1976 agere.
3260 1889 3265 1901 '

1951 2021 2179 2096 1297.
3206 2109 3215 2122 ,

892 2155 1284 2256 Δεδόχθαι
1320 2156 1410 2256 τῇ
1445 2158 1692 2260 βουλῇ
1730 2164 1868 2236 καὶ
1909 2159 2018 2260 τῷ
2061 2158 2273 2260 δήμῳ
2326 2160 2435 2262 τῷ
2494 2163 2934 2260 Κορησίων·
2981 2153 3439 2248 Ἀθηναίων

682 2278 878 2357 εἶναι
933 2281 1060 2373 τῆς
1106 2288 1390 2383 μίλτου
1444 2280 1587 2375 τήν
1640 2282 2053 2391 ἐξαγωγήν.
2104 2283 2458 2392 Ἐξάγειν
2511 2294 2602 2384 ἐμ
2652 2272 2999 2384 πλοίῳῷ
3036 2277 3138 2363 ἂν
3179 2278 3442 2372 Ἀθη·

680 2417 889 2483 ναῖοι
928 2403 1474 2500 ἀποδείξωσιν,
1531 2417 1616 2485 ἐν
1655 2402 1867 2510 ἄλλῳ
1906 2407 1983 2485 δὲ
2024 2415 2272 2511 ῃλοίῳ
2301 2409 2615 2510 μηδενί·
2670 2408 3014 2486 ναῦλλον
3060 2405 3136 2492 δὲ
3192 2413 3441 2484 τελεῖν

680 2527 976 2630 ὀβολὸν
1009 2533 1158 2610 τοῦ
1189 2531 1570 2612 ταλάντου
1605 2545 1762 2624 τοῖς
1798 2534 2255 2636 ναυκλήροις
2291 2534 2473 2624 τούς
2520 2541 3065 2641 ἐργαζομένους
3089 2559 3105 2577 ·
3160 2529 3305 2611 ἐὰν·
3360 2529 3446 2608 δέ

677 2686 788 2745 τις
825 2665 912 2734 ἐν
947 2650 1159 2759 ἄλλῳ
1197 2664 1441 2760 πλοίῳ
1477 2657 1747 2765 ἐξάγῃ,
1805 2663 2094 2760 ἔνοχον
2128 2660 2326 2739 εἶναι
2363 2663 2475 2763 τῷ
2517 2661 2763 2764 νόμῳ·
2821 2660 2934 2763 τῷ
2969 2658 3045 2738 δὲ
3100 2655 3442 2754 φήναντι

681 2778 728 2873 ἢ
764 2781 1182 2876 ἐνδείξαντι
1237 2783 1331 2861 τά
1391 2779 1664 2880 ἧιιίσεα
1705 2789 1893 2864 ἔστω
1954 2787 2109 2868 τῶν
2165 2785 2586 2890 δημοσίω-ν·
2652 2784 2794 2866 ἐάν
2848 2786 2923 2864 δὲ
2985 2785 3263 2873 δοῦλος
3296 2776 3353 2882 ᾗ
3392 2775 3437 2860 ὅ

680 2906 1057 3003 ἐνδείξας,
1112 2907 1256 3010 ἐάμ
1285 2915 1434 3011 μὲν
1467 2910 1624 2989 τῶν
1659 2909 2095 3019 ἐξαγόντων
2128 2907 2176 3014 ᾗ
2196 2972 2219 3007 ,
2276 2913 2681 3015 ἐλεύθερος
2737 2916 2923 2991 ἔστω
2977 2915 3114 2990 καὶ
3152 2906 3246 2987 τοὶ
3288 2907 3440 2986 δύο

673 3039 859 3135 μέρη
899 3037 1086 3111 ἔστω
1123 3032 1341 3137 αὐτῷ
1363 3065 1376 3080 ·
1435 3036 1573 3116 ἐάν
1611 3037 1688 3115 δὲ
1728 3032 1973 3116 ἄλλου
2010 3038 2217 3130 τινὸς
2253 3034 2327 3141 ᾗ,
2384 3038 2791 3145 ἐλεύθερος
2830 3042 3051 3117 ἔσται’
3105 3035 3305 3118 εἶναι
3359 3034 3439 3111 δὲ

681 3167 819 3237 καὶ
858 3163 1121 3259 ἔφεσιν
1163 3159 1557 3257 Ἀθήναζε
1591 3170 1732 3241 καὶ
1770 3163 1880 3268 τῷ
1917 3164 2249 3262 φήναντι
2284 3171 2420 3243 καὶ
2460 3165 2568 3267 τῷ
2606 3163 3043 3259 ἐνδείξαντι.

896 3292 1055 3384 (Ex
1091 3292 1420 3408 inscript.
1458 3294 1856 3372 Boeckhii:
1897 3294 2491 3373 Staatshaushalt
2520 3294 2591 3371 d.
2612 3294 2962 3373 Athener.
3001 3293 3214 3370 Tom.

1952 3529 2154 3605 ¹297
2242 3422 2339 3499 11.
2377 3448 2450 3524 p.
2487 3421 2663 3498 349.
2703 3422 2858 3498 Nro
2894 3419 3219 3509 xvm.)

894 3655 1184 3732 Placuit
1219 3656 1507 3731 senatui
1545 3664 1622 3731 et
1653 3654 1934 3756 populo
1974 3654 2517 3750 Coressiorum,
2573 3664 2655 3730 ut
2692 3652 3269 3733 Atheniensibus
3322 3677 3440 3727 es-

681 3790 794 3856 set
847 3792 1176 3883 potestas
1231 3779 1671 3880 exportandi
1727 3779 2123 3856 rubricam.
2199 3780 2650 3882 Exportetur
2685 3791 2935 3856 tamen
2972 3778 3050 3852 in
3088 3774 3400 3875 navigio
3424 3834 3443 3871 ,

681 3906 877 4006 quod
914 3905 1405 3984 Athenienses
1449 3906 2001 4003 constituerint,
2052 3906 2131 3982 in
2169 3906 2313 3985 alio
2350 3916 2597 3984 autem
2634 3904 2864 3982 nu110.
2936 3904 3088 3980 Pro
3126 3911 3446 3979 vectura

682 4057 862 4108 vero
899 4033 1194 4109 solvant
1227 4043 1674 4112 mercatores
1712 4031 2189 4109 naviculariis
2229 4031 2530 4108 obolum
2568 4058 2613 4107 a
2650 4029 2946 4129 singulo
2983 4030 3288 4106 talento·
3354 4024 3439 4103 Si

683 4158 846 4257 quis
883 4167 1132 4234 autem
1167 4158 1246 4234 in
1283 4157 1428 4235 alio
1484 4157 1784 4257 navigio
1841 4157 2385 4259 exportaverit,
2443 4157 2591 4257 legi
2631 4157 2727 4231 sit
2761 4154 3148 4233 obnoxius.
3226 4152 3440 4229 Indi-

683 4309 862 4361 cans
900 4310 1078 4361 vero
1117 4283 1242 4361 vel
1277 4283 1734 4359 denuncians
1772 4280 2157 4359 dimidium
2194 4282 2511 4384 accipiat
2544 4280 3107 4386 publicatorum.
3184 4278 3265 4355 Si
3321 4278 3441 4353 in-

683 4408 938 4485 dicans
973 4408 1193 4486 fuerit
1236 4435 1493 4485 servus
1549 4409 2145 4511 exportantium,
2204 4407 2549 4485 libertate
2588 4408 2905 4483 donetur
2941 4406 3271 4506 duasque
3308 4429 3441 4481 ac-

682 4533 907 4633 cipiat
942 4546 1231 4637 partes;
1286 4534 1402 4611 sin
1438 4533 1736 4611 alterius
1775 4534 2123 4635 alicujus,
2182 4558 2407 4609 manu
2443 4533 2795 4608 mittatur.
2870 4530 3063 4607 Tam
3095 4530 3445 4607 indicans

684 4686 901 4761 quam
939 4659 1397 4738 denuncians
1433 4684 1610 4737 vero
1645 4658 1919 4736 habeat
1944 4659 2070 4761 jus
2109 4658 2544 4761 appellandi
2584 4657 2679 4735 ad
2717 4655 3231 4737 Athenienses.

1950 4824 2179 4903 1298.

891 4943 1288 5049 Δέδόχθαι
1325 4944 1418 5046 τῇ
1452 4945 1702 5048 βουλῇ
1761 4952 1899 5023 καὶ
1933 4948 2043 5048 τῷ
2084 4944 2300 5047 δήμῳ
2356 4946 2464 5050 τῷ
2510 4942 2997 5039 Ἰουλιητῶν,
3054 4942 3254 5025 εἶναι
3290 4944 3443 5039 τήν

682 5069 1076 5177 ἐξαγωγήν
1110 5072 1241 5165 τῆς
1289 5078 1574 5173 μίλτου
1619 5070 2057 5167 Ἀθήναζε,
2114 5066 2394 5149 ἄλλοσε
2450 5072 2528 5151 δὲ
2574 5072 2931 5175 μηδαιιῇ·
2988 5068 3129 5149 ἐάν
3186 5070 3273 5177 δέ
3320 5103 3442 5161 τις

683 5194 950 5281 ἄλλοσε
988 5197 1259 5305 ἐξάγῃ,
1317 5197 1634 5299 δημόσια
1675 5203 1862 5279 ἔστω
1898 5204 2041 5277 καὶ
2080 5195 2168 5277 τὸ
2206 5205 2484 5281 πλοῖον
2516 5206 2655 5281 καὶ
2690 5198 2784 5277 τά
2804 5196 3163 5301 χρήματα
3208 5194 3305 5275 τοὶ
3344 5205 3453 5277 ἐν·
