3725 5850
1435 423 1858 482 mch‘rlo.
2878 405 3033 499 193

1449 917 1822 972 monitui.

1359 1025 1925 1078 Indicatio.

1559 1172 1736 1248 784.

459 1289 829 1385 Ἕνδειξίς
867 1300 1018 1369 ἐστι
1059 1290 1242 1392 πρὸς
1279 1290 1422 1369 τὸν
1472 1287 1818 1392 ἄρχοντα
1876 1285 2514 1400 ὁμολογουμένου
2552 1290 3025 1394 ἀδικήματος

281 1417 618 1520 μήνυσις,
677 1413 773 1494 οὐ
814 1421 1176 1518 κρίσεως,
1235 1415 1430 1494 ἀλλὰ
1489 1423 1848 1518 τιμωρίας
1913 1417 2304 1519 δεομένου.
2365 1413 2470 1496 ‘O
2508 1419 2587 1496 δὲ
2626 1418 3031 1498 ἐνδεικνύ-

283 1575 486 1646 μενος
530 1552 614 1622 gr
669 1549 1166 1650 γραμματείῳ
1223 1542 1406 1643 πρὸς
1462 1541 1605 1620 τὸν
1659 1538 2021 1645 ἄρχοντα
2059 1542 2203 1637 τὴν
2241 1544 2568 1637 ἔνδειξιν
2621 1541 3028 1647 ἀποφέρει,

290 1675 398 1748 ἵνα
447 1663 891 1756 ὖπεύθυνος
923 1663 976 1767 ᾗ
1027 1667 1157 1761 τῆς
1195 1667 1535 1770 ψευδοῦς
1589 1667 1977 1761 ἐνδείξεως
2011 1693 2028 1713 ·
2085 1676 2224 1745 καὶ
2282 1665 2477 1762 αὕτη
2525 1675 2674 1771 μὲν
2729 1675 3025 1777 γίνεται

289 1799 618 1898 περὶτῶν
652 1793 746 1873 οὐ
788 1792 1210 1896 παρόντων.
1550 1905 1706 1981 784
2036 1800 2351 1894 (Pollux
2392 1799 2601 1897 VIII,
2642 1802 2811 1896 49.)

467 2033 838 2115 Indicatio
895 2043 1009 2108 est
1064 2031 1394 2107 criminis
1453 2031 1778 2109 confessi
1843 2031 2209 2109 revelatio
2283 2032 2487 2135 apud
2561 2033 3030 2128 archontem,

287 2185 416 2236 non
453 2158 784 2259 judicio,
840 2153 972 2234 sed
1028 2153 1342 2233 mulctae
1399 2155 1829 2257 indigentis.
1913 2157 2283 2236 Judicans
2338 2167 2591 2236 autem
2640 2157 2719 2235 in
2774 2157 3034 2235 tabula

282 2285 785 2364 indicationem
820 2286 917 2364 ad
953 2285 1474 2383 magistratum
1507 2285 1748 2362 defert
1768 2343 1786 2378 ‚
1847 2298 1931 2360 ut
1985 2285 2400 2388 periculum
2457 2287 2691 2364 falsae
2748 2286 3030 2364 indica-

283 2413 477 2490 tionis
511 2413 592 2488 in
629 2437 710 2488 se
751 2412 1081 2514 recipiat.
1159 2411 1254 2488 Et
1291 2409 1476 2488 haec
1517 2413 1602 2488 fit
1638 2409 1731 2486 de
1771 2409 2231 2489 absentibus.

1560 2570 1743 2650 785.

459 2692 653 2772 Ἐάν
705 2728 818 2786 τις
871 2691 1144 2797 ἄτιμος
1184 2689 1252 2772 ὅ
1258 2727 1302 2773 ν
1359 2691 1406 2788 ἢ
1460 2692 1838 2790 ὠφληκώς
1872 2697 1985 2798 τῷ
2024 2695 2367 2798 δημοσίῳ
2403 2707 2547 2778 καὶ
2573 2700 2683 2801 μὴ
2722 2708 3021 2780 ἕκητι-

279 2817 419 2908 κῶς
453 2815 724 2922 ἄρχειν
761 2818 804 2914 ἢ
843 2821 1192 2916 δικάζειν
1227 2825 1666 2920 ἐπιχειροίη,
1704 2823 1995 2899 τοῦτον
2040 2829 2077 2898 ἐ
2098 2821 2213 2898 νδ
2230 2829 2315 2899 εἰ
2335 2855 2391 2899 κ
2413 2854 2528 2901 νυ
2550 2853 2642 2902 σι
2664 2857 2713 2902 ν
2748 2820 2791 2903 o‘
2831 2830 3029 2927 βου-

279 2944 580 3047 λόμενος
614 2948 772 3024 τῶν
811 2948 1148 3027 πολιτῶν
1172 2978 1188 2993 ·
1229 2940 1513 3049 ὁμοίως
1552 2954 1688 3024 καὶ
1729 2947 1871 3025 τὸν
1910 2947 2565 3049 ἀντιποιούμενον
2601 2950 2945 3052 πράξεων
2984 2948 3032 3044 ἢ

279 3069 520 3150 τόπων
559 3070 1199 3177 ἀπηγορευμένων
1236 3084 1396 3161 τοῖς
1439 3071 1734 3173 νόμοις,
1776 3070 1953 3153 οἷον
1987 3072 2131 3151 τὸν
2168 3066 2633 3179 ἡταιρηκότα
2672 3078 2799 3171 τῆς
2836 3075 3030 3183 ἆγον

278 3198 396 3297 ρᾶς
431 3204 572 3275 καὶ
603 3198 748 3275 τοῦ
785 3206 1034 3305 λέγειν
1071 3206 1158 3275 ἐν
1193 3199 1306 3299 τῷ
1343 3196 1556 3299 δήμῳ
1581 3222 1598 3243 ·
1657 3200 1764 3273 ἔτι
1809 3196 1954 3275 τὸν
1992 3200 2257 3287 κακῶς
2313 3206 2636 3307 λέγοντα
2687 3202 2872 3293 τούς
2908 3236 3031 3280 τε-

277 3323 808 3417 τελευτηκότας
846 3306 1182 3413 eicient-29³
1241 3326 1493 3400 ἔπειτα
1551 3335 1710 3411 τοῖς
1765 3315 2041 3401 ἆλοῦσι
2098 3324 2399 3402 τούτων
2447 3326 2657 3417 τινὸς
2711 3328 3033 3429 τιμῶσιν

279 3453 344 3527 οὶ
379 3450 779 3541 δικασταὶ,
836 3455 912 3526 τί
938 3448 1094 3551 χρή
1137 3456 1426 3529 παθεῖν
1467 3445 1515 3542 ἢ
1551 3446 1932 3532 ἀποτῖσαι.
2052 3453 2403 3549 (Suidasz
2442 3452 2819 3555 ἔνδειξις.)

1559 3617 1738 3693 785.

477 3742 560 3821 Si
594 3742 758 3845 quis
791 3742 1098 3821 infamia
1134 3752 1432 3820 notatus
1489 3754 1618 3820 aut
1673 3740 2069 3847 pecuniam
2125 3745 2413 3822 aerario
2470 3744 2753 3821 debens
2788 3770 3031 3847 neque

273 3872 705 3972 persolvens
761 3870 1278 3969 magistratum
1337 3872 1822 3972 capessiverit
1877 3870 1999 3947 vel
2043 3870 2169 3972 jus
2219 3871 2526 3966 dixerit,
2585 3898 2757 3950 eum
2793 3872 3032 3973 quivis

273 3996 539 4073 civium
575 4021 924 4073 accusare
961 4006 1248 4098 potest3
1309 3996 1488 4072 item
1524 3996 1774 4091 illum,
1834 3996 1961 4095 qui
2015 3995 2433 4072 actionibus
2489 4008 2565 4071 et
2622 3996 2805 4073 locis
2861 3997 3029 4097 lege

273 4120 677 4199 interdictis
713 4148 870 4197 non
907 4121 1385 4197 abstinuerit:
1441 4119 1646 4198 velut
1699 4119 1761 4197 si
1805 4118 2228 4222 impudicus
2268 4120 2582 4198 comitiis
2618 4120 3033 4199 interfuerit

275 4248 448 4324 etin
487 4250 846 4325 concione
885 4246 1145 4348 populi
1201 4246 1437 4323 verba
1491 4244 1792 4343 fecerit3
1847 4256 2247 4353 praeterea·
2277 4271 2486 4340 eum,
2544 4246 2671 4347 qui
2707 4244 2796 4323 de
2833 4274 3028 4323 mor-

271 4375 408 4449 tuis
444 4374 646 4450 mala
682 4371 829 4448 fide
867 4369 1290 4447 detraxerit.
1369 4369 1659 4447 Deinde
1709 4369 1769 4447 si
1809 4371 1935 4469 qui
1990 4368 2253 4445 horum
2292 4370 2677 4446 criminum
2717 4372 3031 4473 alicujus

274 4498 582 4573 convicti
623 4496 901 4575 fuerint
924 4555 942 4592 ‚
987 4497 1277 4597 judices
1316 4496 1618 4573 modum
1653 4522 1943 4598 poenae
1985 4497 2103 4572 vel
2141 4497 2461 4573 mulctae
2500 4508 2847 4577 statuant.

1563 4657 1741 4731 786.

483 4776 698 4859 Κατά
737 4810 814 4855 τε
849 4778 1006 4881 τῶν
1056 4776 1529 4874 ὀφειλόντων
1565 4776 1674 4879 τῷ
1718 4776 2059 4879 δημοσίῳ
2096 4776 2231 4869 τὰς
2268 4778 2617 4873 ἐνδείξεις
2651 4774 2793 4859 τὸν
2826 4783 3026 4883 βου-

275 4904 599 5007 λόμενον
648 4914 1036 4981 ποιεῖσθαι
1091 4905 1248 4983 τῶν
1303 4888 1680 4995 πολιτῶν,
1739 4910 1877 4979 καὶ
1934 4902 2071 4981 ἐάν
2117 4936 2229 4991 τις
2267 4902 2545 5005 ὀφείλῃ
2581 4907 2675 5005 τῇ
2719 4905 3026 5007 Ἀθηνᾷ

279 5028 320 5123 ἢ
351 5033 504 5110 τῶν
539 5026 796 5111 ἄλλων
838 5032 1043 5111 θεῶν
1084 5028 1132 5123 ἢ
1165 5032 1320 5112 τῶν
1346 5031 1828 5132 Ἐπωνὺμων
1862 5038 2039 5108 τινί.
2970 5012 2976 5021 ’

1543 5162 1965 5259 (Demosth.
2005 5188 2066 5241 c.
2108 5163 2508 5245 Theocrin.
2549 5166 2817 5258 1326.)

1930 5275 1941 5289 ’
2523 5288 2605 5353 13
