3725 5850
696 430 851 518 514
1452 452 2072 513 COMMENTARIUS
2113 460 2216 509 An
2257 458 2382 514 763.
2427 450 2550 513 765.
2595 454 2719 515 ⁰566.

904 654 1110 733 Idem
1152 654 1555 730 scholiasta
1592 650 1772 727 dicit
1810 650 2238 751 epobeliam
2279 653 2564 728 aerario
2623 652 2850 729 fuisse
2900 654 3239 729 solutam.
3313 650 3454 729 Sed

690 780 951 881 reliqui
990 780 1235 855 fontes
1274 790 1531 881 aperte
1571 786 1978 869 testantur,
2033 777 2574 877 rempublicam
2611 803 2704 855 ex
2742 777 3088 879 epobelia
3125 775 3305 856 nihil
3343 802 3454 852 ac-

687 904 1017 1005 cepisse,
1076 904 1425 1003 illamque
1484 901 1784 979 nonnisi
1841 901 1918 973 in
1978 901 2289 999 privatis
2344 900 2594 979 litibus
2635 904 2860 979 fuisse
2901 903 3240 981 solutam.
3315 903 3450 979 Po·

686 1039 830 1105 test
866 1041 1119 1105 tamen
1162 1028 1583 1105 Scholiasta
1621 1024 1712 1101 de
1752 1025 2015 1101 seriori
2052 1025 2256 1123 loqui
2296 1036 2560 1103 aetate.

1869 1232 2020 1317 Ad
2061 1234 2292 1318 ⁷03.

899 1403 1144 1482 Schol.
1184 1406 1260 1480 in
1298 1400 1679 1481 Demosth.
1719 1401 1897 1480 Mid.
1944 1403 2117 1496 540,
2160 1402 2302 1477 23:
2363 1399 2466 1473 Εἴ
2495 1430 2605 1486 τις
2643 1400 3284 1501 ἐκπροθεσμὴσειε
3322 1407 3455 1477 καὶ

673 1522 784 1627 μὴ
830 1524 1264 1626 καταβάλοι
1304 1524 1439 1614 τὰς
1478 1524 1747 1617 δίκας,
1807 1532 2088 1615 ἐξεῖναι
2127 1521 2506 1603 ἅπτεσθαι
2549 1522 2798 1601 αὐτοῦ
2837 1526 2992 1601 τῶν
3031 1524 3458 1625 κτημάτων.

684 1654 805 1749 (Si
841 1657 1005 1757 quis
1044 1655 1239 1731 diem
1279 1668 1786 1755 transgressus
1843 1654 2069 1731 fuerit
2124 1664 2199 1729 et
2250 1654 2566 1731 mulctas
2627 1681 2780 1731 non
2837 1632 3184 1749 solverit,
3237 1656 3460 1731 liceat

684 1783 1195 1881 possessiones
1232 1783 1466 1883 ipsius
1503 1781 2033 1882 prehendere.)

895 1922 1252 2000 Suidas
1308 1951 1365 1999 s.
1410 1951 1476 2000 v.
1532 1916 2041 2017 Χρὴσασθαι.·
2097 1921 2359 2000 Mutuo
2415 1920 2592 1999 dare
2649 1920 3016 2020 (χρῆσαι)
3073 1926 3305 2000 satius
3355 1934 3462 1999 est

682 2075 905 2148 quam
946 2050 1189 2125 fenori
1227 2049 1403 2125 dare
1446 2044 1921 2146 (δανεῖσαι);
1977 2074 2150 2123 nam
2206 2046 2390 2124 illud
2447 2048 2646 2125 inter
2699 2051 2974 2128 amieos
3031 2050 3284 2136 locum
3334 2047 3460 2122 ha-

682 2175 849 2269 bet,
910 2176 1333 2252 feneramur
1369 2200 1545 2249 vero
1584 2174 1908 2251 cuilibet.

896 2298 998 2375 Id
1022 2326 1151 2373 em
1194 2325 1249 2372 s.
1294 2328 1363 2376 v.
1402 2294 1791 2397 Χρὴστης;
1856 2300 2001 2375 hoc
2060 2299 2324 2377 dicitur
2359 2310 2510 2375 tam
2549 2298 2642 2375 de
2681 2299 2812 2375 illo
2848 2302 2975 2401 qui
3013 2299 3256 2377 fenori
3297 2298 3460 2395 dat,

682 2449 906 2523 quam
943 2425 1068 2523 qui
1110 2424 1363 2499 fenore
1405 2424 1691 2525 accipit.
1770 2422 2308 2523 Aristophanes
2365 2435 2616 2499 autem
2671 2419 3024 2521 Χρὴστας
3081 2436 3307 2501 vocat
3363 2424 3462 2499 fe-

680 2562 1096 2645 neratores;
1135 2549 1547 2628 eommunis
1586 2550 1782 2625 enim
1825 2576 2000 2625 usus
2040 2548 2392 2650 loquendi
2434 2548 2804 2623 debitores
2845 2550 2952 2625 sic
2992 2549 3191 2625 dicit.
3232 2549 3460 2625 Athe-

680 2675 975 2750 nienses
1025 2699 1205 2750 vero
1263 2673 1667 2751 creditores
1724 2686 1997 2751 vocant
2035 2668 2424 2771 Χρὴστας,
2485 2672 2862 2750 debitores
2899 2686 3149 2751 autem
3187 2676 3460 2771 Χρεω-

680 2800 1046 2891 φειλέτας.
1124 2798 1569 2899 Phocylides
1608 2812 1857 2875 autem
1893 2799 2306 2875 secundum
2343 2823 2816 2874 communem
2851 2798 3208 2903 loquendi
3247 2826 3462 2875 usum

680 2927 1055 3004 debitores
1096 2939 1336 3002 vocat.

894 3053 1169 3130 Lexica
1223 3049 1687 3148 Segueriana
1742 3080 1814 3152 p.
1877 3052 2030 3126 249
2091 3052 2516 3152 ingressum
2576 3050 2964 3127 creditoris
3021 3053 3097 3128 in
3159 3051 3460 3128 domum

679 3177 1032 3255 debitoris
1073 3177 1492 3272 ἐμβατείαν
1532 3188 1607 3252 et
1644 3173 2034 3275 ἑμβαδίαν
2072 3190 2366 3255 vocant.

1852 3387 2004 3471 Ad
2054 3389 2282 3472 ⁷65.

894 3556 981 3634 Id
1040 3562 1152 3632 est
1205 3555 1609 3657 inquilinus
1664 3581 1819 3630 non
1876 3555 2117 3658 potuit
2175 3554 2451 3632 fundos
2492 3566 2565 3631 et
2599 3553 2862 3645 aedeS,
2922 3555 3138 3631 titulo
3175 3556 3456 3646 mutui,

678 3708 817 3781 pro
856 3707 934 3756 se
973 3707 1359 3782 occupare.
1437 3679 1679 3755 Locus
1734 3679 2306 3775 Demosthenis,
2363 3680 2564 3755 unde
2623 3680 2852 3755 verba
2900 3677 3089 3778 legis
3130 3681 3457 3776 extraxi,

677 3807 781 3881 ita
817 3805 1199 3882 sehabet:
1251 3799 1788 3902 μισθούμενος
1847 3791 1998 3876 οὖν
2056 3796 2186 3875 ὅδε
2253 3798 2396 3891 τὴν
2442 3804 2809 3905 ἐργασίαν
2865 3795 3115 3891 αὐτὴν
3149 3799 3294 3893 τὴν
3331 3801 3460 3894 τῆς

677 3905 1034 4027 τραπέζης
1082 3932 1219 4002 καὶ
1258 3924 1392 4012 τοὶς
1432 3922 2096 4024 παρακαταθήκας
2134 3923 2600 4026 λαμβάνων,
2660 3919 2860 4024 ὄρῶν
2925 3919 3079 4004 ὅτι
3103 3983 3124 4016 ,
3177 3959 3238 4022 μ
3263 3923 3380 4020 ήπ
3403 3957 3460 3998 ω

677 4051 844 4143 τῆς
920 4056 1442 4138 πολιτείας
1519 4043 1785 4153 αὑτῷ
1862 4057 2072 4150 παρ’
2129 4043 2377 4150 ύμῖν
2452 4044 2797 4144 οὔσης,
2879 4047 3074 4147 οὐχ
3149 4047 3482 4138 omns

680 4179 979 4252 ἔσοιτ’
1057 4173 1709 4278 εἰσπράττειν
1780 4171 1962 4252 ὅσα
2021 4181 2440 4256 Πασίων
2494 4183 2655 4254 ἐπὶ
2712 4176 2828 4281 γῇ
2886 4183 3057 4251 καὶ
3114 4199 3460 4252 συνοι-

680 4335 737 4377 κ
758 4309 787 4378 ι’
810 4333 857 4378 α
876 4335 901 4378 ι
925 4335 959 4388 ς
1015 4303 1061 4378 δ
1081 4334 1113 4378 ε
1138 4301 1182 4378 δ
1202 4333 1249 4378 α
1276 4333 1319 4379 ν
1340 4334 1373 4378 ε
1397 4334 1419 4376 ι
1451 4335 1507 4377 κ
1526 4300 1583 4376 ὠ
1610 4334 1644 4390 ς
1701 4295 1831 4393 ἦν.
1895 4307 2078 4400 (Hic
2115 4307 2344 4404 igitur
2381 4333 2682 4384 mensae
2721 4317 3034 4405 quaestu
3071 4305 3236 4407 ipso
3275 4333 3458 4383 con-

680 4434 901 4511 ducto
940 4444 1014 4508 et
1050 4445 1359 4533 accepto
1400 4433 1775 4532 deposito,
1838 4459 2066 4532 quum
2125 4433 2416 4510 viderat
2471 4459 2590 4522 se,
2653 4433 2828 4530 quia
2863 4429 3192 4510 nondum
3227 4432 3314 4506 in
3355 4431 3456 4506 ci-

680 4559 985 4636 vitatem
1027 4571 1347 4636 vestram
1385 4559 1659 4634 ascitus
1698 4567 1896 4636 esset
1919 4616 1938 4652 ‚
1995 4584 2148 4633 non
2205 4583 2429 4658 posse
2468 4557 2770 4655 exigere
2808 4583 2937 4652 ea,
2994 4583 3185 4656 quae
3225 4558 3458 4636 Pasio

678 4684 774 4762 ad
816 4683 1081 4762 fundos
1122 4695 1197 4758 et
1234 4681 1458 4759 aedes
1496 4682 1657 4758 aliis
1696 4692 1954 4757 mutuo
1995 4682 2304 4758 dederat
2341 4685 2522 4775 etc.)

1849 4890 2001 4978 Ad
2044 4892 2272 4974 760.

894 5057 1422 5161 Harpocratiot
1470 5049 1690 5150 Ἐξο
1715 5052 1825 5132 ύλ
1852 5087 1890 5148 η
1919 5087 1971 5146 ς.
2018 5052 2470 5146 'manige-vo
2520 5053 2828 5148 ἐξούλης
2865 5061 3003 5132 καὶ
3043 5049 3086 5132 ὁ
3117 5053 3452 5156 χρήστης

674 5185 1032 5278 κατέχειν
1108 5178 1510 5280 ἐπιχειρῶν
1584 5179 1840 5276 κτῆμα
1916 5178 2059 5256 τοῦ
2124 5185 2705 5278 χρεωστοΰντος
2761 5186 2900 5255 καὶ
2955 5178 3450 5278 κωλυόμενος
