3725 5850
1381 545 1486 600 mv.
1525 543 1994 600 Anvnmmo.
2802 493 2809 514 ¹
2896 523 3062 601 *299

503 881 646 976 Μὴ
687 889 809 962 ἐπὶ
847 864 1155 971 ταύταις
1184 880 1484 985 μοιχὸν
1519 885 1834 984 λαβεῖν,
1895 875 2175 960 ὅπόσαι
2233 878 2339 959 (ἲν
2388 889 2501 960 ἐπ’
2562 883 3075 986 ἐργαστηρίου.

308 1007 698 1086 καθῶνται
736 1005 789 1101 ἢ
825 1015 912 1086 ἓν
945 1007 1035 1108 τῇ
1076 1005 1328 1114 ἆγορᾷ
1365 1007 1761 1084 πωλῶνται
1803 1004 2470 1109 ἀποπεφασμένως.

1676 1138 2098 1230 (Demosth.
2138 1139 2217 1214 in
2258 1139 2525 1215 Neaer.
2572 1136 2845 1229 1367.)

1554 1292 1783 1379 1177.

501 1372 616 1519 ιεΝΘ
670 1444 870 1545 apud
927 1471 1052 1522 eas
1108 1473 1246 1547 pro
1303 1443 1612 1522 moecho
1668 1444 2067 1546 arripiatur
2111 1448 2543 1546 quisquam,
2601 1470 2790 1546 quae
2827 1445 2903 1520 in
2945 1456 3052 1522 ta-

303 1565 524 1643 berna
577 1568 953 1646 meritoria
1007 1569 1270 1646 sedent
1325 1579 1454 1645 aut
1505 1569 1584 1644 in
1647 1569 1812 1646 foro
1870 1582 2252 1647 versantes
2300 1570 2394 1647 ad
2430 1569 2837 1670 quemlibet
2871 1571 3059 1646 itant

303 1690 700 1769 manifeste.
817 1707 820 1714 '

1555 1803 1592 1877 1
1609 1803 1780 1880 178.

509 1938 711 2030 Τούς
749 1941 1251 2050 προαγωγούς
1287 1941 1749 2050 γράφεσθαι,
1807 1937 1968 2018 κᾶν
2004 1933 2272 2032 ἆλῶσι,
2334 1941 2657 2043 θανάτῳ
2706 1939 3049 2043 ζημιοῦν.

785 2071 985 2168 (Lex
1023 2065 1321 2150 Solonis
1359 2071 1559 2174 apud
1597 2072 1944 2151 Aeschin.
1985 2099 2045 2148 c.
2082 2071 2456 2148 Timarch.
2500 2067 2569 2172 ξ.
2614 2070 2839 2165 184.)

1560 2235 1600 2308 1
1617 2236 1789 2312 178.

497 2377 847 2458 Lenones
881 2391 1326 2459 accusentur
1345 2439 1364 2478 ,
1424 2390 1500 2458 et
1535 2381 1856 2458 convicti
1896 2379 2141 2482 capite
2180 2379 2626 2482 plectantur.

1558 2541 1788 2617 1179.

492 2675 685 2756 Ἐάν
735 2684 914 2758 τινα
967 2677 1412 2782 ἐκμισθώσῃ
1471 2687 1795 2780 ἑταιρεῖν
1850 2677 2095 2785 πατὴρ
2152 2675 2199 2773 ἢ
2252 2677 2583 2774 ἀδελφὸς
2639 2675 2687 2772 ἢ
2744 2687 2956 2766 θεῖος
3006 2676 3053 2771 ἢ

302 2803 686 2902 ἐπίτροπος
723 2802 772 2899 ἢ
809 2802 1000 2896 ὅλως
1033 2810 1192 2884 τῶν
1225 2809 1524 2910 κύρίων
1558 2837 1670 2894 τις
1692 2867 1710 2904 ,
1763 2814 1942 2882 κατ’
1979 2803 2229 2882 αὐτοῦ
2261 2809 2413 2905 μὲν
2446 2805 2592 2884 τοῦ
2634 2803 2900 2895 παιδὸς
2938 2805 3046 2907 μή

301 2928 578 3031 γραφάς
635 2930 1068 3033 ἑταιρήσεως
1122 2933 1316 3011 εἶναι
1340 2991 1360 3026 ,
1416 2931 1618 3011 κατὰ
1680 2932 1756 3009 δὲ
1797 2930 1940 3010 τοῦ
1971 2930 2518 3033 μισθώσαντος
2554 2938 2693 3011 καὶ
2731 2935 2877 3045 τοῦ
2906 2964 3045 3032 μι-

303 3062 836 3156 σθωσαμένου,
889 3058 1032 3136 τοῦ
1063 3062 1256 3160 μὲν,
1313 3056 1434 3137 ὅτι
1471 3063 1960 3161 ἐξεμίσθωσε,
2015 3058 2162 3135 τοῦ
2198 3057 2303 3149 δὲ,
2360 3054 2481 3135 ὅτι
2516 3056 3003 3157 ἐμισθώσατο
3030 3088 3043 3103 ·

301 3186 422 3254 καὶ
475 3181 604 3258 ka
659 3186 846 3259 ἔστω
902 3182 994 3259 τοὶ
1055 3188 1393 3286 ἐπιτίμια
1451 3190 1826 3285 ἑκατέρῳ·
1884 3190 2023 3261 καὶ
2070 3182 2181 3284 μή
2238 3183 2665 3290 ἐπάναγκες
2704 3182 2898 3260 εἶναι
2937 3184 3045 3283 τῷ

303 3304 494 3381 παιδὶ
533 3300 896 3408 ἡβήσαντι
936 3317 1241 3410 τρέφειν
1277 3310 1419 3388 τὸν
1456 3314 1778 3410 πατέρα,
1826 3308 2017 3411 μηδὲ·
2058 3310 2367 3401 οἴκησιν
2404 3316 2783 3413 παρέχειν,
2825 3302 2907 3397 ὃς
2945 3304 3047 3386 ἂν

301 3434 742 3533 ἐκμισθωθῇ
784 3440 1146 3536 ἑταιρεῖν·
1206 3432 1721 3512 ἀποθανόντα
1763 3433 1840 3512 δὲ
1887 3440 2235 3512 θαπτέτω
2270 3441 2407 3510 καὶ
2444 3430 2684 3511 τᾶλλα
2736 3439 3043 3511 ποιείτω

299 3554 380 3631 τὰ
421 3558 895 3661 νομιζόμενα.

837 3676 1040 3767 [Lex
1077 3674 1372 3751 Solonis
1410 3675 1607 3777 apud
1648 3670 2007 3753 Aeschine
2034 3698 2096 3749 c.
2135 3673 2507 3750 Timarch.
2549 3669 2615 3773 ξ.
2663 3674 2827 3766 13.)

1543 3836 1772 3913 1179.

489 3976 571 4054 Si
603 3986 822 4079 pater
860 3988 988 4055 aut
1025 3980 1257 4057 frater
1295 3990 1426 4054 aut
1460 3990 1768 4080 patruus
1825 3988 1955 4053 aut
2009 3986 2212 4052 tutor
2248 3986 2377 4053 aut
2412 3978 2474 4053 is
2513 3978 2723 4079 cujus
2762 3991 2875 4055 est
2912 4004 3038 4055 au-

301 4102 574 4179 ctoritas
613 4096 936 4203 aliquem
974 4106 1315 4179 mercede
1373 4104 1814 4205 prostituat,
1871 4130 2023 4178 non
2061 4102 2285 4178 liceat
2321 4103 2636 4206 puerum'
2669 4130 3035 4201 accusare,

301 4228 414 4302 sed
448 4240 598 4308 tam
635 4256 804 4305 eum
840 4228 966 4331 qui
1001 4228 1402 4307 elocaverit
1439 4256 1660 4330 quam
1699 4230 1838 4329 qui·
1866 4225 2326 4323 conduxerit,
2367 4238 2443 4302 et
2479 4255 2617 4329 par
2651 4228 2729 4305 in
2761 4242 3037 4305 utrum-

301 4378 420 4451 que
455 4382 702 4456 poena
739 4356 1102 4432 statuitur.
1178 4349 1440 4455 Neque
1497 4356 1901 4432 necessitas
1955 4355 2359 4456 imponitur
2419 4374 2651 4455 puero
2694 4356 2819 4431 ubi
2858 4354 3035 4431 ado-

299 4478 535 4557 leverit
568 4493 862 4582 patrem
899 4480 1148 4557 alendi
1187 4494 1316 4557 aut
1353 4482 1750 4556 domicilio*
1785 4478 2246 4582 excipiendi,
2304 4479 2366 4554 si
2406 4479 2633 4554 fuerit
2671 4481 2765 4556 ab
2808 4506 2897 4555 eo
2937 4480 3031 4555 ad

297 4612 564 4705 turpem
619 4616 1008 4707 quaestum
1065 4608 1432 4701 elocutus,
1497 4605 1929 4682 defunctum
1982 4616 2235 4681 tamen
2294 4605 2609 4706 sepeliat
2662 4615 2737 4678 et
2788 4617 3037 4681 cetera

299 4733 688 4826 parentalia
728 4732 946 4809 obeat
983 4744 1066 4808 ut
1100 4733 1328 4810 moris
1365 4744 1499 4808 est.

471 5029 665 5111 Ἐάν
705 5064 829 5124 τις
891 5032 1316 5128 Ἀθηναῖος
1373 5033 1764 5133 ἑταιρήσῃ,
1833 5028 1940 5132 μὴ
1998 5036 2263 5122 ἐξέστω
2316 5028 2533 5131 αὐτῷ
2585 5028 2743 5107 τῶν
2804 5038 3024 5107 ἐννέα

301 5152 670 5255 ἀρχόντων
723 5168 1078 5267 γενέσθαι
1127 5160 1308 5261 μηδ’
1362 5160 1814 5261 ἱεράσασθαι
1859 5156 2051 5259 μηδὲ
2108 5155 2563 5248 συνδικῆσαι
2620 5158 2727 5256 τῷ
2777 5154 3021 5256 δήμῳ,

293 5284 453 5379 μηδὲ
487 5284 731 5390 ἀρχὴν
771 5288 1056 5391 ἀρχέτω
1087 5288 1496 5388 μηδεμίαν,
1545 5286 1738 5387 μήτε
1777 5285 2111 5385 ἔνδημον
2137 5276 2799 5385 μὴτέὗπερόριον,
2831 5282 3027 5383 μήτε
