3725 5850
1105 439 1722 496 COMMssNTAmUs
1757 437 1865 490 An
1912 431 2068 491 1189.
2113 435 2271 488 1195.
2916 415 3063 502 581

285 635 596 734 impune
634 635 1048 712 verberato.
1119 634 1267 726 Qui
1305 655 1485 708 vero
1523 629 2023 706 adulteratum
2062 629 2239 730 quid
2277 628 2609 708 vendere
2646 640 3069 731 compertus

283 759 544 852 fuerit,
585 769 1116 862 praeterquam
1151 757 1349 860 quod
1387 757 1806 834 adulterato
1845 755 2306 856 privabitur,
2366 781 2511 856 pro
2549 755 2811 855 pretii,
2870 755 3070 854 quod

287 883 516 960 merci
553 884 1034 980 constituerit,
1076 882 1592 980 magnitudine
1629 881 1708 956 in
1745 879 2083 978 singulas
2120 879 2517 957 drachmas
2555 877 2869 978 singulis
2906 905 3067 956 ver-

287 1010 590 1088 beribus
625 1010 923 1107 flager
961 1010 1291 1088 caeditor
1327 1033 1702 1110 praecone
1740 1006 2078 1083 adhibito
2116 1007 2195 1082 in
2236 1006 2402 1083 foro
2424 1063 2441 1098 ,
2482 1029 2709 1082 causa
2742 1031 3066 1104 pronun-

287 1136 472 1212 tiata
509 1137 806 1212 futurae
843 1133 1407 1212 verberationis,

504 1280 589 1355 In
627 1276 876 1354 Lesbo
933 1278 1420 1377 piscariorum
1477 1277 1924 1377 quicumque
1982 1275 2183 1351 facta
2224 1267 2749 1350 'aestimatione
2787 1275 3068 1375 piscem

287 1403 508 1478 alicui
548 1401 808 1479 vendit
843 1402 1208 1480 minorem
1245 1402 1487 1501 pretio
1547 1400 1747 1500 quod
1803 1399 2032 1490 dixit,
2092 1400 2171 1474 in
2226 1398 2641 1476 custodiam
2694 1399 3067 1501 extemplo

285 1524 772 1604 abducendus
823 1538 936 1604 est
956 1587 974 1622 ,
1035 1538 1118 1604 ut
1171 1537 1590 1604 metuentes
1650 1526 1886 1624 digna
1942 1525 2459 1603 aestimatione
2518 1526 2853 1602 contenti
2905 1549 3067 1602 esse

284 1653 550 1730 malint
605 1679 826 1752 quam
880 1653 1178 1754 vesperi
1245 1651 1542 1755 putidos
1606 1679 1866 1729 omnes
1942 1652 2241 1729 domum
2315 1650 2631 1728 auferre.
2708 1649 3067 1744 (Athe-

283 1802 588 1860 naeus
645 1775 778 1873 Vl,
832 1779 1054 1870 226.)

1433 1915 1586 2000 Ad
1639 1917 1909 2000 110⁵.

501 2099 590 2176 In
649 2097 891 2176 lexico
949 2099 1196 2175 Photii
1254 2127 1324 2200 p.
1369 2100 1521 2173 665
1582 2097 1764 2176 haec
1820 2100 2212 2196 leguntur:
2270 2099 2539 2199 Lysias
2594 2101 2671 2174 in
2730 2099 3065 2175 oratione

284 2235 545 2300 contra
585 2219 1008 2301 Aristonem
1064 2221 1241 2299 dicit
1291 2222 1481 2324 legis
1539 2219 1626 2298 de
1686 2224 1951 2300 inertia
1998 2236 2376 2300 auctorem
2417 2249 2578 2300 esse
2618 2213 3063 2318 Draconem,

283 2375 434 2447 qua
474 2344 741 2424 deinde
779 2345 1011 2424 Solon
1051 2375 1346 2449 quoque
1387 2375 1562 2425 usus
1601 2350 1735 2444 sit,
1794 2345 2120 2451 p'oenam
2160 2358 2495 2426 statuens
2534 2376 2690 2426 non
2729 2337 3062 2442 mortem,

282 2485 366 2548 ut
401 2474 649 2550 Draco
686 2473 900 2567 fecit,
957 2473 1090 2550 sed
1127 2473 1548 2569 infamiam,
1595 2459 1669 2550 'si
1718 2476 1883 2575 quis
1922 2484 2036 2552 ter
2074 2473 2739 2571 condemnaretur3
2795 2475 2911 2551 sin
2949 2499 3061 2551 se-

283 2597 431 2674 mel
468 2598 823 2676 mulctam
860 2609 1162 2675 centum
1201 2597 1745 2677 drachmarum.

497 2739 943 2818 Plutarchus
981 2767 1276 2842 quoque
1336 2740 1513 2816 dicit
1572 2741 1690 2833 (in
1730 2743 1883 2817 vita
1927 2741 2225 2820 Solonis
2272 2741 2411 2838 17)
2450 2741 2744 2842 legibus
2782 2744 3061 2822 Draco·

279 2867 400 2943 nis
443 2864 786 2943 omnibus
824 2865 977 2944 fere
1015 2866 1296 2945 delictis
1333 2867 1728 2969 capitalem
1769 2893 2094 2969 poenam
2134 2867 2357 2945 fuisse
2401 2869 2917 2965 constitutam,
2954 2869 3063 2949 ita

279 3005 364 3069 ut
400 3003 639 3069 m‘orte
679 2992 902 3069 etiam
943 2992 1503 3087 mulctarentur,
1524 2993 1651 3093 qui
1691 2993 1822 3069 otii
1866 2992 2195 3069 damnati
2237 3005 2504 3069 essent.
2528 3036 2631 3047 —-
2672 2992 2797 3071 Ait
2835 3022 3059 3096 porro

282 3116 514 3213 (310,
556 3117 753 3220 quod
789 3117 1036 3219 legem
1074 3118 1166 3195 de
1205 3120 1402 3213 oti0,
1443 3120 1504 3195 si
1544 3118 2149 3221 Theophrastum
2189 3119 2571 3215 audimus,
2614 3147 2766 3196 non
2806 3118 3058 3219 Solon,

279 3243 412 3321 sed
450 3242 878 3322 Pisistratus
912 3244 1180 3337 tulerit,
1202 3270 1350 3346 qua
1387 3256 1460 3323 et
1498 3271 1761 3345 agrum
1799 3244 1943 3321 coli
1982 3241 2408 3345 diligentius
2446 3257 2518 3321 et
2556 3245 2819 3322 urbem
2856 3257 3057 3323 tran-

280 3356 696 3471 quilliorem
735 3369 928 3446 fecit.

494 3510 923 3590 Secundum
964 3512 1428 3591 Herodotum
1464 3516 1602 3609 (ΙΙ,
1647 3514 1843 3608 177)
1885 3511 2178 3593 Amasis
2226 3514 2471 3613 legem
2508 3512 2704 3593 illam
2746 3512 3053 3619 Aegyp·

277 3639 400 3715 tiis
439 3636 822 3716 constituit
846 3696 884 3745 ,ὓ
924 3649 1005 3716 ut
1040 3638 1350 3739 quisque
1389 3640 1792 3741 quotannis
1830 3640 2343 3740 profiteretur,
2384 3639 2582 3717 unde
2624 3640 2857 3719 vitam
2893 3622 3051 3732 sus7

278 3774 553 3841 tentet:
611 3765 738 3866 qui
793 3763 938 3843 hoc
997 3789 1144 3841 non
1203 3764 1478 3841 faceret
1517 3777 1592 3841 et
1628 3767 2044 3865 legitimum
2102 3765 2381 3843 victum
2430 3791 2585 3843 non
2622 3764 3052 3865 declararet,

275 3890 342 3966 is
379 3899 613 3969 morte
654 3889 1130 3990 plecteretur.
1207 3890 1450 3985 Quam
1506 3891 1756 3991 legem
1812 3889 2045 3969 Solon
2096 3892 2189 3967 ab
2234 3889 2630 3995 Aegyptiis
2670 3902 3053 3997 acceptam

278 4014 858 4095 Atheniensibus
895 4016 1104 4111 tulit,
1161 4017 1286 4119 qui
1321 4027 1689 4121 perpetuo
1727 4043 1818 4095 ea
1852 4026 2181 4127 utuntur.
3034 4090 3043 4102 .

492 4156 730 4235 Simili
767 4157 991 4236 modo
1028 4158 1288 4237 scribit
1323 4160 1699 4239 Diodorus
1740 4160 2035 4239 Siculus
2073 4162 2173 4255 (Ι,
2218 4159 2401 4254 77):
2459 4157 2853 4264 Aegyptiis
2890 4163 3049 4241 uni·

275 4284 512 4362 versis
547 4284 968 4385 injunctum
1005 4295 1203 4381 erat,
1262 4297 1344 4363 ut
1399 4286 1702 4363 nomina
1737 4284 1941 4388 apud
1976 4286 2457 4385 magistratus
2497 4288 3048 4389 profiterentur,

271 4409 690 4488 indicantes
729 4410 950 4489 simul
989 4437 1136 4513 quo
1172 4424 1546 4514 proventu
1575 4424 1659 4521 0²
1695 4415 1893 4493 vitae
1927 4438 2207 4516 genere
2242 4412 2519 4493 victum
2558 4414 2698 4493 sibi
2737 4415 3047 4518 quisque

275 4545 760 4635 compararet.
835 4535 1191 4613 Mentitus
1230 4550 1357 4615 aut
1394 4538 1750 4640 injustum
1804 4541 2101 4640 agitans
2141 4550 2533 4640 quaestum
2572 4541 2827 4619 mortis
2866 4566 3047 4643 poe-

275 4686 448 4737 nam
483 4660 933 4739 incurrebat.
1009 4662 1252 4757 Quam
1308 4663 1556 4763 legem
1613 4662 1845 4745 Solon
1895 4692 1942 4744 a
1976 4665 2581 4768 peregrinatione
2618 4667 2699 4743 in
2736 4664 3043 4769 Aegyp·

273 4798 428 4865 tum
469 4784 808 4865 Athenas
843 4786 1260 4866 traduxisse
1297 4788 1548 4867 fertur.

491 4928 1064 5007 Athenaeus
1115 4928 1246 5028 IV,
1303 4932 1496 5009 168:
1555 4932 2080 5013 Menedemum
2126 4944 2202 5012 et
2240 4934 2762 5039 Asclepiadem
2800 4934 3041 5037 philo·

277 5056 594 5157 sophos,
655 5081 826 5132 cum
867 5058 1186 5157 juvenes
1241 5071 1490 5136 essent
1545 5071 1622 5135 et
1675 5084 2084 5162 pauperes,
2141 5061 2419 5139 accitos
2473 5061 3045 5161 interrogabant

273 5178 775 5283 Areopagitae
797 5236 816 5275 ,
871 5208 1017 5287 quo
1056 5195 1314 5285 pacto,
1372 5209 1542 5269 oum
1579 5184 1736 5267 dies
1773 5196 1969 5269 totos
2017 5186 2229 5271 otiosi
2287 5186 2755 5292 philosophis
2810 5212 3037 5270 nava-
