3725 5850
683 425 840 500 238
1767 449 1893 498 ms
1928 447 2351 506 Punmcuu.

901 765 1066 844 Τόν
1123 767 1264 843 τοῦ
1323 766 1779 868 τριηράρχου
1835 763 2215 864 διάδοχον
2270 765 2907 868 παραλαμβάνειν
2979 769 3123 862 τῆν
3194 767 3439 856 ναῦν,

681 899 819 970 καὶ
877 891 964 969 τὸ
1021 891 1658 992 ἐπιτριηράρχημα
1713 888 2171 1010 ἀποδιδόναι
2230 893 2371 970 τοῦ
2436 893 2741 994 χρόνου
2798 884 2897 972 οὗ
2954 892 3437 987 ἐπανήλωσεν

681 1027 975 1108 ἐκεῖνος
1009 1010 1204 1119 ὑπὲρ
1239 1018 1528 1095 τούτου
1563 1016 2183 1120 ἐπιτριηραρχῶν.

1834 1147 2259 1241 (Demosth.
2302 1149 2471 1226 adv.
2512 1147 2909 1250 Polyclem.
2958 1147 3228 1243 1223.)

1974 1307 2150 1386 942.

895 1435 1380 1514 Trierarchae
1439 1451 1820 1514 successor
1875 1436 2231 1538 suscipiat
2286 1462 2557 1514 navem
2596 1447 2671 1514 et
2707 1435 2971 1513 reddat
3026 1445 3349 1536 sumptus
3388 1461 3441 1510 a

677 1561 1083 1638 trierarcho.
1139 1563 1348 1638 finito
1404 1562 1732 1638 muneris
1790 1572 2125 1662 tempore
2186 1562 2424 1639 factas
2454 1617 2472 1654 ‚
2526 1589 2781 1663 .quum
2834 1562 2995 1663 ejus
3054 1562 3215 1639 vice
3270 1561 3437 1636 fun-

677 1699 994 1786 geretur.

1974 1793 2151 1870 943.

883 1911 1159 2006 Ἀτελῆ
1184 1914 1446 2015 μηδέν’
1487 1913 1684 1992 εἶναι
1723 1921 2248 2017 τριηραρχίας,
2318 1914 2518 2006 πλὴν
2552 1916 2711 1993 τῶν
2746 1923 2967 1992 ἐννέα
3006 1912 3434 2016 ἀρχόντων.

1988 2045 2413 2140 (Demosth.
2453 2045 2621 2124 adv,
2666 2047 2959 2148 Leptin.
3002 2048 3223 2140 465.)

890 2316 1245 2393 Triremis
1280 2313 1754 2393 instruendae
1792 2341 2015 2393 nemo
2054 2315 2151 2390 sit
2197 2315 2582 2412 immunis,
2642 2341 2918 2392 novem
2956 2315 3434 2395 archontibus

679 2443 1022 2545 exceptis·

1961 2551 2139 2625 944.

893 2674 986 2746 Οἱ
1013 2673 1166 2768 μὲν
1214 2670 1495 2747 ἐλάττω
1555 2678 2010 2770 κεκτημένοι
2064 2672 2213 2748 τοῦ
2266 2676 2747 2777 τριηραρχίας
2805 2665 2984 2762 ἄξια
3040 2673 3294 2767 ἔχειν,
3348 2676 3435 2746 ἐν

674 2808 835 2884 ταῖς
891 2801 1284 2896 εἰσφοραῖς
1344 2795 1843 2878 συντελοῦσιν
1879 2802 1983 2884 εἰς
2021 2795 2163 2874 τὸν
2198 2797 2579 2898 πόλεμον·
2640 2801 2713 2873 οἱ
2768 2795 2837 2872 δ’
2875 2795 3433 2893 ἐφικνούμενοι

673 2921 814 3000 τοῦ
872 2935 1386 3024 τριηραρχεῖν,
1457 2928 1563 3010 εἰς
1621 2919 2025 3025 ἀμφότερα
2076 2913 2513 3023 ὑπάρχουσι
2557 2919 2971 3023 χρήσιμοι,
3029 2929 3170 2999 καὶ
3224 2954 3431 3025 τριη-

673 3059 992 3151 ραρχεῖν
1025 3054 1165 3125 καὶ
1201 3052 1594 3146 εἰσφέρειν.
1989 3054 2411 3148 (Demosth.
2452 3054 2619 3131 adv·
2662 3054 2962 3155 Leptin.
3000 3054 3220 3146 465.)
3426 3042 3431 3048 ⁵

886 3324 1216 3417 Quorum
1275 3346 1456 3422 opes
1512 3321 1832 3397 minores
1888 3335 2107 3417 sunt,
2185 3348 2409 3425 quam
2460 3335 2542 3398 ut
2595 3321 3052 3400 instruendis
3109 3322 3429 3399 navibus

673 3448 823 3523 sint
856 3475 1111 3549 parce,
1151 3446 1202 3521 ii
1239 3446 1318 3523 in
1359 3446 1648 3523 tributis
1688 3447 2073 3524 conferant
2108 3448 2203 3525 ad
2241 3449 2562 3547 bellum3
2618 3450 2739 3549 qui
2778 3475 2957 3523 vero
2992 3447 3426 3549 locupletio-

673 3598 791 3647 res
831 3574 1135 3649 fortuna
1171 3572 1649 3648 trierarchica
1685 3571 2033 3647 fruuntur
2055 3630 2073 3667 ,
2130 3574 2226 3649 ad
2283 3575 2679 3674 utrumque
2733 3584 2906 3651 sunt
2942 3575 3143 3671 usui,
3202 3600 3429 3674 quum

673 3697 994 3774 navibus
1031 3697 1486 3775 instruendis
1523 3708 1681 3772 tum
1718 3698 2013 3775 tributis
2050 3698 2541 3775 conferendis.

1963 3864 2139 3940 945.

887 3970 1303 4065 Συμμορία
1343 3970 1498 4041 ἐστὶ
1534 3962 1628 4039 τά
1667 3962 2165 4071 συντάγματα
2200 3965 2359 4044 τῶν
2396 3972 2785 4043 πλουσίων
2818 3966 2972 4043 τῶν
2992 3964 3433 4058 ἐπιτηδείων

677 4088 862 4192 πρὸς
897 4094 1419 4192 τριηραρχίας·
1476 4094 1622 4166 εἰσί
1675 4089 1752 4165 δὲ
1783 4097 2034 4187 χίλιοι
2076 4092 2482 4172 διακόσιοι.

1968 4312 2120 4386 945
2208 4206 2497 4298 (Lexic.
2538 4204 2845 4306 Seguer.
2883 4231 2955 4305 p.
3000 4204 3217 4295 300.)

890 4432 1306 4535 Symmoria
1379 4454 1492 4512 est
1564 4435 1818 4512 classis
1896 4436 2211 4513 divitum
2282 4436 2377 4513 ad
2445 4437 2873 4515 obeundum
2947 4435 3425 4513 trierarchiae

675 4585 938 4638 munus
976 4558 1430 4638 idoneorum.
1508 4558 1702 4637 Sunt
1736 4573 1986 4639 autem
2020 4562 2220 4639 mille
2259 4561 2581 4639 ducenti.

1966 4723 2141 4799 946.

899 4820 1100 4913 Totis
1155 4822 1653 4925 τριηράρχους
1710 4830 2123 4903 καλεῖσθαι
2179 4832 2301 4904 ἐπὶ
2357 4824 2501 4919 τὴν
2554 4824 2805 4928 τριήρη
2860 4826 3427 4905 συνεκκαίδεκα

676 4960 767 5029 ἐκ
807 4950 965 5028 τῶν
999 4959 1086 5029 ἐν
1122 4962 1278 5036 τοῖς
1315 4949 1577 5047 λόχοις
1616 4949 2109 5043 συντελειῶν,
2171 4950 2325 5028 ἀπὸ
2372 4954 2621 5028 εἴκοσι
2656 4958 2797 5028 καὶ
2838 4957 3053 5028 πέντε
3092 4952 3289 5029 ἐτῶν
3325 4958 3423 5040 εἰς

677 5107 1245 5179 τετταράκοντα
1265 5134 1289 5168 ,
1347 5084 1466 5155 ἐπὶ
1508 5078 1684 5155 ἴσον
1719 5079 1808 5177 τῇ
1837 5084 2173 5185 χορηγίᾳ
2202 5084 2666 5178 χρωμένους.

2040 5208 2466 5302 (Demosth.
2504 5207 2596 5284 de
2636 5206 2955 5285 Corona.
2996 5205 3217 5302 261.)
