3725 5850
629 458 788 532 454
1303 481 1921 533 commem-Amos
1961 478 2067 528 An
2110 477 2233 529 235.
2277 477 2402 530 236.
2444 475 2567 530 238.
2606 477 2732 531 239.

1808 663 1962 748 Aa
2012 665 2244 748 235.

844 832 1159 912 Aetatae
1197 834 1486 912 mediae
1525 834 1647 910 vel
1677 833 1836 934 jam
1877 856 2115 938 novae
2156 832 2589 909 comoediae
2643 833 2799 910 lata
2833 835 2997 932 lex,
3060 843 3141 911 ut
3179 859 3413 936 appa-

629 970 747 1038 ret
783 985 824 1038 e
864 959 1114 1037 verbis
1154 959 1587 1040 Menandri:
1644 951 1847 1031 κατὰ
1891 952 2141 1055 νόμον
2178 951 2466 1031 καινόν
2500 983 2697 1038 τινα.

1809 1167 1964 1252 Ad
2005 1166 2236 1253 230.

846 1335 1272 1440 Hesychius
1309 1366 1378 1415 v.
1420 1339 1516 1410 Π
1527 1332 1901 1410 λάτανο
1925 1355 1997 1421 ς·
2056 1329 2421 1432 δένδρον,
2486 1327 2673 1434 πρὸς
2727 1325 2773 1409 ὃ
2817 1337 2890 1410 οἱ
2928 1333 3415 1439 γυναικονό-

621 1491 762 1563 μοι
817 1457 953 1548 τὰς
1010 1463 1277 1560 ζημίας
1334 1467 1423 1538 ἐν
1481 1457 1919 1560 λευκώματι
1957 1460 2425 1551 ἐξετίθεσαν.
2524 1462 2963 1560 (PlatanUS,
3036 1464 3263 1541 arbor
3315 1465 3416 1542 ad

631 1616 858 1693 quam
911 1590 1459 1692 gynaeconomi
1517 1589 1829 1668 mulctas
1888 1589 1968 1668 in
2024 1587 2285 1666 tabula
2339 1589 2516 1667 albo
2556 1588 2803 1666 colore
2838 1589 3146 1669 inducta
3182 1616 3416 1694 expo·

633 1717 972 1811 nebant.)

843 1841 1044 1921 Hinc
1097 1840 1396 1919 videtur
1446 1863 2083 1942 gynaecocosmos
2137 1861 2291 1915 non
2346 1837 2576 1916 fuisse
2636 1839 2977 1918 diversos
3032 1866 3079 1918 a
3122 1867 3415 1945 gynae-

629 1968 983 2046 conomiS.

843 2093 1064 2196 Apud
1103 2093 1567 2198 Hesychium
1603 2103 1999 2171 occurrunt
2036 2093 2257 2170 etiam
2318 2093 2389 2164 Τ
2400 2119 2433 2164 ε
2444 2117 2647 2186 μπο
2670 2087 2718 2164 ὗ
2743 2117 2785 2188 ρ
2807 2117 2850 2164 ο
2873 2119 2897 2164 ι
2920 2121 2947 2164 .·
3001 2087 3198 2192 ἀρχὴ
3239 2097 3416 2169 ἐπι-

621 2223 1056 2318 μελουμένη
1110 2213 1239 2307 τῆς
1293 2214 1453 2292 τῶν
1507 2216 1913 2320 γυναικῶν
1971 2212 2418 2315 εὐκοσμίας.
2514 2218 3094 2318 (MagistratuS,
3153 2245 3419 2300 curam

627 2371 897 2448 gerens
936 2345 1319 2424 decentiae
1356 2346 1810 2440 mulierum.)

845 2489 1412 2569 Lacedaemone
1473 2513 1768 2591 quoque
1829 2500 2042 2567 erant
2106 2489 2585 2587 magistratus
2643 2488 2944 2590 quidam
3001 2515 3227 2592 super
3282 2491 3416 2568 de-

629 2643 800 2695 core
861 2617 1344 2712 feminarum,
1401 2615 1852 2717 Harmosyni
1912 2614 2336 2714 nuncupati.
2437 2613 2895 2716 (Hesych.
2967 2643 3022 2692 S.
3082 2645 3153 2694 V.
3212 2605 3417 2716 ‘AQ-

622 2738 1024 2840 μόσυνοι).

1808 2841 1961 2927 Ad
2013 2844 2235 2928 238.

843 3012 1516 3115 Harpocratio
1559 3020 1634 3087 et
1673 3008 2037 3088 Suidas
2087 3037 2144 3086 s.
2185 3039 2253 3086 v.
2304 3000 2818 3097 Ἐπίσκοπος;
2859 3008 3004 3106 Qui
3046 3013 3141 3090 ab
3179 3012 3414 3093 Athe-

627 3138 1015 3217 aiensibus
1051 3138 1130 3213 in
1169 3135 1392 3214 urbes
1449 3137 1818 3231 subJectas
1878 3135 2411 3232 mittebantur,
2471 3148 2554 3211 ut
2593 3162 2717 3213 eas
2755 3163 2914 3235 res,
2976 3164 3165 3241 quae
3201 3139 3278 3215 in
3322 3141 3419 3217 iis

627 3276 1102 3369 gererentur,
1173 3263 1664 3365 inspicerent,
1737 3261 2150 3335 ἐπίσκοποι
2228 3277 2301 3340 01;
2373 3256 2719 3355 φύλακες
2793 3264 3423 3369 appellabantur3

631 3420 820 3494 quos
855 3387 1426 3469 Lacedaemonii
1469 3389 1841 3466 vocabant
1897 3390 1971 3464 Η
1994 3416 2039 3467 a
2058 3417 2095 3465 r
2114 3417 2189 3465 m
2212 3418 2255 3466 o
2278 3401 2429 3467 sta
2448 3418 2504 3466 s,

843 3536 1041 3613 Hinc
1077 3544 1397 3637 apparet
1433 3536 1881 3618 ἐπισκέπτας
1920 3544 1995 3609 et
2031 3528 2497 3621 ἐπισκόπους
2536 3561 2769 3613 unum
2796 3536 3140 3638 idemque
3178 3539 3421 3641 signi-

630 3664 914 3742 ficasse.

845 3804 1238 3884 Suidas:
1285 3798 2060 3907 Ἐπιγνώμονας
2108 3800 2288 3881 ἀντὶ
2325 3802 2473 3883 τοῦ
2521 3798 3171 3893 ἐπισκόπους,

1810 4015 1963 4101 Ad
2006 4020 2234 4102 239.

851 4182 1270 4261 Scholiasta
1341 4194 1594 4262 tamen
1667 4184 1978 4262 adnotat
2052 4184 2147 4261 ad
2218 4186 2419 4262 hune
2474 4183 2997 4289 Aristophanis
3068 4214 3434 4268 versum:

632 4303 971 4384 Πλάττει
1007 4303 1295 4399 καινὴν
1333 4302 1626 4407 ἀρχήν·
1679 4304 1775 4383 οὐ
1817 4305 1965 4413 γὰρ
2010 4301 2105 4398 ἦν
2132 4303 2534 4401 Ἀθήνησι.
2606 4314 2905 4413 (Fingit
2939 4338 3217 4393 novum
3252 4338 3437 4393 ma-

631 4437 1073 4537 gistratum3
1127 4462 1281 4513 non
1319 4437 1562 4514 fuerat
1600 4438 1798 4513 enim
1835 4434 2149 4515 Athenis
2188 4439 2548 4539 ejusmodi
2587 4440 3131 4539 magistratus.)

845 4578 1072 4683 Apud
1108 4580 1738 4659 Lacedaemonios
1777 4581 2242 4659 vocabantur
2280 4580 2355 4657 H
2383 4608 2643 4660 armo
2666 4594 2901 4679 stae,
2941 4585 3065 4684 qui
3101 4583 3195 4663 ad
3236 4588 3439 4665 sub-

633 4709 828 4788 ditas
865 4706 970 4783 eis
1007 4705 1230 4783 urbes
1269 4732 1419 4807 qua
1454 4706 1814 4809 praefecti
1851 4707 2377 4803 mittebantur,
2440 4718 2521 4786 ut
2576 4718 2797 4809 aptos
2852 4708 3177 4787 facerent
3231 4715 3440 4799 sub-

620 4834 866 4936 jectos
902 4831 1314 4909 secundum
1351 4831 1558 4931 leges
1599 4832 1923 4909 vivendi.
1983 4830 2498 4928 (Maximus
2544 4833 2645 4909 in
2684 4832 3080 4935 Dionys.
3121 4832 3313 4914 Are
3342 4866 3441 4917 o-

632 4984 838 5061 pag.
877 4958 970 5035 de
1009 4956 1370 5033 hierarch.
1411 4957 1672 5034 eccles.
1716 4982 1880 5059 cap.
1922 4956 2035 5052 3.)

845 5101 1094 5179 Lexic.
1153 5100 1456 5201 seg-uer.
1513 5133 1587 5206 p.
1629 5105 1775 5181 211
1809 5134 1826 5183 ε
1870 5096 1975 5180 ‘A
1994 5132 2036 5203 ρ
2048 5137 2112 5202 μ
2136 5100 2368 5196 οστὴ
2400 5136 2435 5193 ς
2492 5100 2693 5205 παρὰ
2752 5100 3444 5204 Λακεδαιμονίοις

634 5230 983 5303 ἐκαλεῖτο
1021 5217 1064 5304 ὂ
1107 5224 1680 5326 ἐκπεμπόμενος
1734 5224 2173 5329 ἐπιμελητὴς
2228 5234 2335 5317 εἰς
2380 5222 2745 5323 ὑπήκοον
2780 5228 3009 5310 πόλιν
3046 5228 3447 5335 φούραρ-ι·
