3725 5850
608 443 769 520 598
1426 466 2042 518 (οΜΜΒΝΤΑΒωε
2084 463 2188 510 sn
2231 459 2388 514 1323.
2431 460 2588 516 1325.

1769 666 1923 749 Ad
1957 666 2245 748 1323.

822 836 1509 938 Harpocratio
1568 867 1623 913 s.
1687 863 1754 909 v.
1806 829 2390 930 Ἀμφιδρόμιας
2465 836 2642 910 Dies
2702 831 3070 972 quaedam
3126 834 3222 906 ob
3279 833 3388 906 in-

606 966 849 1042 fantes
910 987 1171 1038 recens
1232 973 1445 1040 natos
1505 961 2063 1054 celebrabatur,
2126 988 2274 1061 qua
2331 987 2646 1064 puerum
2706 987 2928 1034 cursu
2956 933 3238 1034 circum
3277 957 3386 1031 fo-

607 1113 775 1164 cum
836 1089 1217 1178 fer‚ebant
1278 1097 1351 1162 et
1392 1114 1434 1161 a
1488 1085 1978 1163 familiaribus
2037 1095 2256 1186 atque
2319 1084 2572 1160 amicis
2633 1083 2953 1186 polypos
3017 1095 3089 1156 et
3147 1083 3390 1180 sepias

610 1213 1099 1316 accipiebant.

822 1339 1087 1414 Idem
1141 1365 1193 1412 s.
1234 1367 1302 1413 v.
1365 1331 2030 1432 ἑβδομιυομένοω
2097 1337 2471 1476 Septimos
2529 1346 2602 1408 et
2659 1333 2986 1408 de‹1m0s
3045 1359 3088 1406 a
3128 1331 3392 1406 nativi-

606 1473 755 1538 tate
814 1464 1182 1540 infantum
1241 1463 1396 1539 dies
1455 1463 1976 1552 celebrabant,
2041 1461 2490 1560 nominaque
2547 1460 2637 1533 iis
2675 1459 3207 1592 imponebant,
3270 1455 3393 1532 alii

611 1616 786 1664 vero
827 1588 1112 1663 decimo
1150 1589 1289 1663 die.

823 1729 1129 1808 Suidas:
1197 1723 1944 1826 Ἀμφιδρόμια;
2005 1731 2327 1824 Quintus
2387 1759 2430 1804 a
2489 1729 2680 1803 natis
2739 1727 3146 1804 infantibus
3209 1725 3388 1821 dies,

608 1884 825 1960 quem
866 1858 969 1932 ita
1008 1856 1429 1951 celebrant,
1490 1872 1569 1932 ut
1609 1858 1733 1932 illo
1776 1859 1894 1934 die
1933 1883 2194 1932 manus
2253 1866 2576 1956 purgent
2625 1853 3106 1948 obstetrices,
3167 1865 3242 1927 et
3280 1853 3388 1928 iu·

611 1985 895 2060 fantem
954 1983 1152 2057 circa
1210 1983 1457 2057 focum
1510 1997 1894 2060 currentes
1953 1985 2234 2074 ferant3
2291 1983 2469 2056 item
2529 1981 2928 2082 propingui
2982 1979 3180 2054 dona
3224 1981 3384 2054 mit-

608 2121 808 2200 tunt,
852 2107 1267 2209 polypodes
1307 2108 1743 2208 plerumque
1786 2120 1857 2182 et
1897 2109 2163 2208 sepias.
2215 2106 2526 2182 Decimo
2569 2132 2748 2179 voro
2790 2103 2904 2179 die
2946 2103 3214 2181 infanti
3257 2131 3388 2180 no-

607 2261 780 2310 men
818 2234 1237 2335 imponunt.

828 2358 946 2434 Cf.
988 2356 1233 2434 Schol.
1273 2357 1350 2433 in
1378 2357 1851 2458 Aristophan.
1877 2357 2186 2456 Lysistr.
2215 2357 2390 2432 757.
2443 2357 2721 2432 Lexica
2761 2355 3067 2456 Seguer.
3108 2386 3178 2458 p.
3207 2358 3390 2440 207,

616 2484 789 2558 237.
851 2481 1096 2560 Schol.
1138 2482 1213 2557 in
1262 2480 1553 2559 Platon.
1616 2483 1924 2559 Theaet.
1968 2512 2037 2586 p.
2082 2481 2260 2578 361,
2322 2481 2432 2558 ed.
2478 2481 2798 2558 Bekker.
2855 2482 3172 2584 Hesych.
3219 2512 3278 2559 s.
3326 2513 3390 2558 v.

612 2603 1141 2705 δρομιάμφιον
1190 2597 1407 2702 ἦμαρ.

608 2843 617 2856 ,
826 2753 1080 2828 Hero
1105 2751 1292 2826 dot.
1353 2753 1410 2844 Ι,
1478 2751 1669 2826 173;
1731 2751 1938 2850 Lycii
1995 2777 2222 2824 unum
2261 2752 2402 2826 hoc
2443 2751 2831 2852 proprium
2871 2750 3188 2845 habent,
3251 2781 3394 2829 nec

608 2905 778 2955 cum
816 2877 985 2952 ullis
1023 2875 1185 2953 aliis
1226 2875 1609 2954 hominum
1648 2903 2077 2953 commune:
2117 2902 2278 2977 sese
2319 2876 2459 2977 ipsi
2501 2902 2544 2949 a
2584 2877 2942 2956 matribus
2985 2879 3390 2973 nominant,

612 3030 763 3081 non
804 3030 847 3077 a
884 3000 1247 3103 patribus.

1766 3103 1919 3187 Ad
1957 3104 2245 3186 1325.

824 3268 1182 3346 Suidas
1238 3296 1293 3345 e.
1334 3300 1401 3345 v,
1464 3266 1968 3367 ληξιαρχικὸν
2008 3282 2582 3371 γραμματεῖον.·
2641 3274 2937 3349 Civium
2977 3274 3389 3353 Athenien-

610 3398 839 3487 sium,
898 3395 1025 3496 qui
1080 3420 1216 3497 per
1270 3409 1586 3474 aetatem
1641 3400 2120 3495 magistratus
2177 3425 2432 3496 gerere
2494 3412 2878 3501 poterant,
2937 3402 3242 3476 uomina
3279 3404 3388 3476 in-

610 3522 1166 3612 scribebantur,
1224 3521 1473 3597 addito
1532 3524 1841 3622 singulis
1901 3550 2120 3622 page.
2201 3526 2314 3599 Ex
2375 3526 2486 3600 his
2547 3526 2774 3623 igitur
2829 3526 3097 3603 tabulis
3155 3530 3390 3624 magi-

610 3657 883 3723 stratus
931 3646 1445 3723 sortiebantur.
1525 3650 1659 3725 Est
1718 3650 1938 3725 etiam
1995 3650 2290 3741 tabula,
2350 3652 2424 3724 in
2481 3678 2630 3749 qua
2686 3653 3199 3727 scribebantur
3257 3680 3388 3729 no-

611 3772 812 3847 mina
848 3772 1475 3867 adolescentium,
1538 3776 1807 3875 quibus
1847 3802 1982 3877 per
2007 3776 2290 3873 justam
2329 3786 2648 3853 aetatem
2687 3778 3218 3877 patrimonium
3260 3778 3386 3853 ad-

610 3898 1031 3977 ministrare
1070 3897 1366 3974 licebat.

827 4022 1025 4101 Vide
1065 4018 1184 4124 ᾧῷ.
1234 4024 1565 4099 13--16,

826 4166 1189 4244 Andocid.
1251 4167 1342 4242 de
1400 4179 1699 4267 myster.
1761 4164 2066 4269 §.1272
2135 4174 2442 4266 Πατέρα
2499 4166 2891 4267 ὀμόσαντα
2950 4172 3289 4277 εἰσάγειν
3350 4169 3392 4264 ἦ

602 4287 766 4387 μὴν
808 4285 980 4365 υἱὸν
1022 4280 1214 4363 ὄντα
1257 4291 1537 4365 ἑαυτοῦ
1581 4290 1936 4395 εἰσάγειν.
2020 4299 2273 4390 (Licet
2312 4302 2502 4400 patri
2547 4300 2780 4375 filium
2817 4300 3204 4393 inducere,
3263 4304 3389 4377 ubi

597 4419 966 4519 juraverit
1004 4443 1173 4493 eum
1217 4443 1481 4495 revera
1522 4420 1749 4496 filium
1792 4449 2006 4496 suum
2048 4427 2271 4515 esse.)

826 4562 1166 4637 Isaeus
1208 4559 1320 4636 de
1366 4562 1684 4637 Ciron.
1729 4563 1913 4639 her.
1957 4562 2022 4665 ξ.
2076 4564 2207 4639 19:
2269 4567 2491 4643 Pater
2547 4580 2836 4663 noster,
2899 4585 2978 4646 ut
3037 4576 3191 4649 nati
3250 4574 3382 4651 fui-

610 4713 813 4777 muS,
873 4686 949 4759 in
986 4684 1383 4785 phratoras
1421 4714 1557 4763 nos
1596 4688 1927 4781 induxit,
1979 4691 2179 4789 apud
2223 4718 2492 4791 eosque
2536 4695 2817 4769 sancito
2861 4698 3152 4795 legibus
3180 4702 3380 4801 jure-

597 4812 925 4913 jurando
966 4810 1409 4905 affirmavit,
1470 4841 1608 4890 nos
1649 4813 1787 4889 sibi
1827 4842 1867 4889 e
1912 4816 2070 4890 eive
2115 4814 2365 4893 Attica
2397 4818 2716 4917 legitime
2755 4822 2892 4897 sibi
2937 4822 3384 4923 desponsata

609 4948 821 5013 natos
861 4961 1061 5012 esse:
1122 4937 1549 5037 phratorum
1608 4939 1709 5015 ibi
1768 4942 2018 5019 nullus
2078 4943 2466 5021 oblocutus
2506 4957 2654 5039 est,
2711 4975 2955 5047 neque
2998 4952 3379 5027 veritatem

608 5064 713 5138 rei
754 5062 829 5135 in
872 5060 1173 5137 dubium
1215 5060 1561 5156 adduxit,
1622 5068 1910 5141 tametsi
1969 5068 2402 5167 phratorum
2445 5098 2756 5169 magnus
2801 5086 2995 5149 esset
3035 5098 3376 5153 numerus

606 5187 803 5288 iique
843 5187 1021 5263 talia
1058 5212 1314 5263 severe
1356 5192 1661 5266 scrutari
1700 5194 2007 5269 soleant.
