3725 5850
1407 505 1580 554 mne
1635 503 1938 553 sumen.
2906 475 3059 556 1⁷7

1583 693 1760 770 718.

503 819 672 896 Duo
709 831 884 896 sunt
919 833 1360 922 sugg-estne,
1399 821 1672 900 actoris
1733 829 1810 896 et
1847 819 1995 914 rei;
2050 831 2126 896 et
2164 818 2401 896 altero
2442 818 2677 899 verba
2710 819 3053 914 faciente,

306 945 480 1020 alter
509 944 722 1025 sedet
741 1005 760 1041 ‚
817 946 1056 1025 donec
1095 947 1325 1024 ven-ba
1363 947 1648 1026 fecerit.

507 1211 635 1310 Τῷ
673 1210 1043 1316 φεύγοντι
1095 1220 1178 1288 ἐν
1217 1211 1330 1314 τῷ
1367 1209 1830 1312 δικαστηρίῳ
1891 1208 2032 1301 τὴν
2091 1207 2352 1302 δεξιάν
2410 1207 2677 1287 στάσιν
2718 1206 3053 1312 διδόναι.

1455 1317 1898 1434 (Aristotel.
1940 1337 2310 1416 Problem.
2352 1337 2637 1434 XXIX,
2684 1338 2847 1429 12.)

1582 1499 1760 1578 719.

505 1627 659 1704 Reo
700 1628 962 1704 dexter
999 1653 1249 1704 coram
1279 1625 1558 1728 judicio
1600 1627 1804 1702 locus
1845 1624 2079 1703 detur.

505 1907 662 1986 Δύο
701 1899 983 2015 λόγους
1020 1911 1174 1986 τῶν
1213 1907 1639 1987 ἀντιδίκων
1683 1908 1985 2010 ἑκάστῳ
2025 1904 2487 1985 ἀποδοῦναι.

1816 2037 2295 2129 (Anaximen.
2338 2038 2523 2113 rhet.
2571 2037 2691 2132 18,
2736 2038 2847 2128 3.)

504 2309 716 2384 Duae
753 2307 1124 2384 orationes
1161 2307 1428 2406 cuique
1467 2303 2064 2384 adversariorum
2111 2303 2636 2384 concedantur.

1585 2467 1760 2542 721.

492 2585 790 2667 ‘Hvtxa
849 2587 991 2668 δύο
1049 2596 1192 2668 εἰσι
1251 2588 1718 2694 κατήγοροι,
1779 2580 1892 2664 ὦν
1948 2582 1993 2665 ὅ
2044 2591 2193 2687 μὲν
2246 2587 2355 2676 εἷς
2412 2589 2814 2690 νεώτερος,
2875 2583 2918 2667 ὁ
2984 2591 3061 2666 δὲ

303 2721 536 2815 ἕτερος
572 2716 1096 2818 πρεσβύτερος,
1139 2707 1366 2804 οὗτος
1403 2715 1784 2816 λαμβάνει
1822 2713 1966 2806 τὴν
1997 2721 2535 2821 πρωτολογίαν
2569 2713 2775 2826 κατά
2811 2717 3063 2816 τιμήν.

724 2845 1138 2950 (Anonymi
1177 2855 1588 2945 argument.
1627 2845 1707 2919 in
1744 2845 2130 2920 Demosth.
2171 2871 2231 2920 c.
2274 2843 2583 2925 Androt.
2628 2845 2847 2939 592.)

1580 3006 1758 3083 721.

504 3134 752 3227 Quum
789 3133 936 3212 duo
974 3146 1149 3210 sunt
1185 3144 1689 3230 accusatores,
1731 3160 2044 3234 quorum
2083 3134 2270 3210 alter
2309 3145 2423 3209 est
2460 3146 2639 3210 natu
2678 3134 2920 3209 minor
2954 3130 3058 3209 al-

309 3272 414 3337 ter
448 3262 704 3361 major,
741 3258 912 3335 huic
951 3259 1254 3335 honoris
1291 3261 1535 3359 gratia
1572 3258 1856 3361 primae
1880 3259 1956 3333 in
1991 3258 2288 3356 agendo
2325 3270 2573 3360 partes
2610 3259 3059 3336 tribuuntur.

1581 3420 1759 3496 722.

502 3558 662 3637 Ambo
700 3556 966 3661 τρόποι
1006 3564 1151 3636 εἰσί
1191 3558 1798 3665 δευτερολογίας,
1840 3554 1889 3636 ὅ
1924 3591 2002 3636 τε
2041 3565 2162 3637 ἐπὶ
2199 3558 2357 3636 τῶν
2396 3558 2810 3638 ἰδιωτικῶν
2849 3558 3057 3669 ἀγῶ-

313 3716 450 3766 νων
485 3692 622 3763 καὶ
661 3678 704 3762 ὅ
749 3690 871 3762 ἐπὶ
910 3687 1065 3763 τῶν
1102 3686 1487 3786 δημοσίων
1510 3710 1526 3728 ·
1593 3692 1716 3763 ἐπὶ
1746 3690 1895 3785 μὲν
1933 3686 2090 3762 τῶν
2130 3687 2548 3764 ἰδιωτικῶν
2585 3680 2628 3765 ὁ
2670 3684 2775 3775 εἷς
2813 3719 3056 3781 κατη-

305 3824 503 3913 γορεῖ
532 3811 692 3889 τῶν
746 3811 1232 3903 διωκόντων,
1291 3810 1453 3889 εἶτα
1492 3806 1535 3890 ὅ
1579 3812 1898 3920 φεύγων
1936 3810 2427 3919 ἀπολογεῖται
2453 3871 2473 3904 ,
2534 3810 2697 3891 εἶτα
2739 3812 2973 3891 πάλιν
3011 3803 3057 3891 ὅ

304 3944 531 4039 ἕτερος
588 3937 1014 4043 κατήγορος
1069 3950 1524 4044 κατηγορεῖ,
1581 3936 1742 4015 εἶτα
1801 3930 1846 4017 ὁ
1906 3936 2220 4044 φεύγων
2276 3938 2507 4020 πάλιν
2564 3936 3060 4044 ἀπολογεῖται

306 4062 474 4163 πρὸς
510 4066 819 4143 τοῦτον.
885 4059 1069 4141 ‘Em'
1110 4065 1188 4143 δὲ
1226 4066 1384 4142 τῶν
1423 4064 1809 4164 δημοσίων
1847 4068 1921 4141 οἱ
1980 4063 2128 4141 δύο
2187 4064 2456 4161 ἑφεξῆς
2492 4066 3011 4169 κατηγοροῦσι
3037 4125 3057 4156 ,

304 4186 447 4265 εἶτα
487 4182 529 4268 ὃ
571 4190 886 4296 φεύγων
921 4188 1108 4290 πρὸς
1142 4186 1284 4282 τὴν
1315 4190 1474 4267 τῶν
1511 4189 1656 4267 δύο
1693 4198 2175 4294 κατηγορίαν
2210 4188 2729 4295 ἀπολογεῖται.

613 4320 898 4416 (SchoL
937 4322 1018 4397 in
1055 4326 1465 4419 argument.
1504 4319 1987 4397 Demosthen.
2028 4346 2089 4397 c.
2136 4317 2571 4399 Androtion.
2616 4321 2837 4413 592.)
2954 4362 2963 4373 -
3060 4364 3068 4373 ·

1578 4481 1756 4559 722.

497 4609 672 4685 Duo
706 4618 886 4685 sunt
917 4604 1120 4684 modi
1157 4606 1487 4685 secundo
1525 4607 1692 4685 loco
1737 4606 2041 4686 habitae
2098 4609 2451 4685 orationis
2475 4667 2494 4703 ‚
2552 4608 2743 4687 alter
2794 4612 2873 4686 in
2910 4612 3058 4712 pri-

309 4732 480 4808 vatis
514 4731 712 4810 alter
743 4734 827 4809 in
861 4732 1184 4834 publicis
1220 4734 1486 4811 causis.
1559 4734 1654 4813 In
1691 4734 2006 4837 privatis
2050 4734 2293 4811 causis
2329 4746 2521 4815 unus
2558 4745 2897 4813 actmum
2934 4762 3025 4812 ac

309 4870 537 4956 cusat,
596 4859 868 4936 deinde
909 4886 1078 4937 reus
1115 4886 1196 4937 se
1234 4859 1616 4957 defendit,
1673 4858 2028 4963 posthaec
2063 4860 2332 4937 iterum
2370 4861 2561 4938 alter
2597 4872 2807 4941 actor
2845 4870 3059 4940 acc&-

309 4995 436 5081 sat,
489 4998 750 5065 contra
786 5014 1010 5088 quem
1047 5014 1217 5065 reus
1253 5015 1335 5065 se
1372 4988 1641 5066 iterum
1677 4988 2035 5066 defendit.
2112 4990 2203 5067 In
2241 4987 2559 5090 publicis
2600 4998 2844 5067 autem
2882 5012 3056 5062 cau-

315 5110 436 5207 sis,
497 5114 649 5191 duo
703 5124 992 5191 actores
1047 5112 1304 5190 ordine
1343 5126 1734 5211 accusant,
1795 5125 1870 5189 et
1906 5137 2077 5191 rens
2112 5124 2379 5191 contra
2417 5126 2899 5211 utrorumque
2938 5137 3056 5187 ac-

317 5239 752 5316 cusationem
787 5265 871 5346 se
905 5240 1264 5318 defendit.

2554 5364 2635 5427 12
