3725 5850
698 399 857 479 542
1374 421 1994 476 conmen‘mmus
2033 423 2138 473 Au
2177 421 2304 475 96⁷.
2343 418 2470 477 9⁶8.
2509 422 2636 477 sco.
2677 422 2804 476 9¹72.

690 616 1119 717 acciperent
1139 674 1158 712 ‚
1217 614 1782 692 confabulantes
1820 612 2101 691 sedisse
2139 614 2220 693 in
2255 615 2614 693 concione
2665 606 2882 707 (ὅσοι
2921 607 3066 712 πρὸ
3106 610 3245 688 τοῦ
3279 616 3466 710 μὲν,

694 729 911 830 ἦνίκ’
985 734 1134 813 ἔδει
1192 744 1233 815 λ
1256 739 1549 837 αβεῖν
1622 732 1870 840 ὂβολ
1891 732 1936 812 ὁ
1959 766 2006 813 ν
2071 769 2134 836 μ
2160 734 2202 811 ὀ
2224 766 2333 813 νο
2358 767 2447 827 ν,
2524 737 2888 842 καθῆντο
2963 734 3470 831 lodoin-39),-

689 892 890 945 nunc
933 876 1187 944 autem
1222 865 1624 943 triobolum
1660 868 2006 966 accipere
2057 867 2480 967 postulant,
2541 894 2770 969 quum
2809 864 3086 966 aliquid
3125 866 3468 968 publicae

688 991 796 1067 rei
854 991 1138 1069 faciunt
1187 992 1409 1084 (νυνὶ
1468 984 1547 1065 δὲ
1603 985 2038 1091 τριώβολον
2095 986 2406 1079 ζητοῦσι
2468 991 2781 1087 λαβεῖν,
2839 980 3032 1063 ὅταν
3092 984 3470 1084 πράττωσί

686 1142 759 1189 τι
802 1110 1149 1209 κοινόν).

1865 1233 2018 1319 Ad
2065 1236 2297 1319 007.

902 1399 1380 1502 Aristophan.
1442 1400 1671 1503 Vesp.
1730 1401 1880 1474 691
1913 1428 1929 1474 2
2003 1393 2239 1483 αὐτὸς
2299 1394 2376 1473 δὲ
2451 1402 2656 1497 φέρει
2735 1393 2827 1471 τὸ
2901 1394 3467 1502 συνηγορικὸν,

688 1519 1063 1619 δραχμήν-

900 1666 1437 1766 Intelliguntur
1474 1661 1890 1768 συνήγοροι
1925 1692 2060 1743 seu
2097 1692 2488 1743 causarum
2543 1667 2839 1768 patroni
2863 1722 2884 1761 ,
2941 1666 3065 1766 qui
3105 1693 3152 1743 a
3188 1665 3467 1768 populo

686 1791 1077 1870 mandatas
1111 1792 1253 1868 sibi
1290 1817 1557 1869 cmsas
1594 1791 1915 1867 orabant
1950 1791 2152 1893 apud
2196 1791 2534 1892 judices,
2589 1792 2866 1892 quique
2903 1818 3262 1871 manuum
3299 1818 3469 1893 por-

685 1919 1018 1995 rectione
1054 1916 1525 1993 creabantur.
1581 1917 1699 1992 De
1734 1915 1851 1990 his
1889 1916 2088 1991 enim
2126 1913 2308 1993 dicit
2345 1916 2884 2016 Harpocratio:
2941 1916 3248 1990 ἐοίκασι
3291 1921 3464 2011 παρ’

673 2034 1137 2131 Ἀθηναίοις
1186 2040 1386 2124 τινὲς
1430 2044 2062 2137 χειροτονεῖσθαι
2121 2036 2532 2142 συνήγοροι
2587 2044 2707 2117 ἐπὶ
2745 2036 2854 2137 τῷ
2893 2035 3466 2142 συναγορεύειν.

1800 2355 1815 2373 ,
1860 2269 2018 2353 Aa
2057 2271 2288 2353 008.

898 2434 1377 2538 Aristophan.
1438 2435 1668 2535 Vesp.
1728 2436 1924 2510 689:
1981 2427 2190 2519 ὅστις
2241 2427 2348 2509 ἂν
2401 2424 2628 2531 ὑμῶν
2683 2427 2998 2531 ὕστερος
3053 2432 3258 2525 ἔλθῃ
3317 2429 3464 2503 τοῦ

685 2560 1045 2656 σημεᾶου,
1102 2554 1193 2633 τὸ
1252 2554 1687 2658 τριώβολον
1740 2554 1837 2633 οὐ
1899 2569 2308 2657 κομιεῖται.
2381 2562 2864 2661 (Quicunque
2920 2572 3256 2635 vestrum
3295 2569 3465 2659 post

684 2686 937 2763 datum
976 2685 1277 2783 signum
1310 2686 1641 2781 venerit,
1684 2685 2081 2762 triobolum
2117 2712 2273 2761 non
2313 2687 2686 2788 accipiet.)

1858 2913 2011 3000 Ad
2056 2915 2287 3000 000.

894 3079 1010 3158 Of.
1048 3077 1685 3157 commentarium
1723 3079 1817 3155 ad
1857 3075 1925 3179 ξι.
1968 3081 2145 3158 222.

1854 3306 2012 3390 Aa
2050 3309 2282 3391 0⁷2.

894 3471 1141 3552 Schol.
1178 3476 1259 3551 in
1296 3475 1685 3551 Demosth.
1725 3474 1815 3550 de
1855 3474 2404 3550 contributione
2447 3503 2516 3575 p.
2562 3474 2755 3548 166:
2805 3472 3120 3571 Πρῶτος
3158 3479 3464 3558 ἐκεῖνος

682 3595 1159 3697 (ΙῙερικλῆς)
1198 3597 1416 3688 ἔταξε
1443 3594 1961 3696 μισθοφορὰν
1996 3602 2133 3673 καὶ
2175 3595 2415 3673 ἔδωκε
2449 3595 2560 3696 τῷ
2601 3597 2815 3696 δήμῳ
2856 3605 3460 3698 στρατευομένῳ.

680 3725 1014 3819 (Primus
1052 3723 1191 3802 suit
1228 3725 1551 3802 Pericles
1573 3785 1592 3821 ,
1650 3727 1779 3826 qui
1817 3725 2274 3828 stipendium
2311 3724 2688 3802 ordinavit
2725 3726 3074 3825 deditque
3115 3728 3461 3804 militanti

680 3849 1028 3952 populo.)

894 3989 1233 4096 Thucy
1259 3993 1540 4071 dides
1596 3995 1731 4089 111,
1782 3994 1880 4068 17
1903 4023 1920 4069 ε
1985 3989 2148 4082 Τὴν
2191 3989 2634 4066 Ποτίδαιαν
2691 3989 3106 4090 δίδραχμοι
3147 3985 3464 4070 ὁπλῖται

680 4114 1123 4215 ὖφρούρουν
1177 4108 1434 4216 (αὖτῴ
1488 4114 1638 4221 γάρ
1696 4122 1834 4191 καὶ
1893 4109 2220 4216 ὑπηρέτῃ
2279 4114 2632 4216 δραχμὴν
2678 4114 3070 4216 ἐλάμβανε
3103 4119 3236 4209 τῆς
3279 4113 3464 4217 ἦμέ-

680 4249 877 4342 ρας).
954 4245 1040 4322 Id
1081 4257 1232 4320 est:
1291 4245 1721 4322 Potidaeam
1780 4245 2230 4325 obsidebant
2265 4247 2535 4323 milites
2574 4249 2794 4323 binas
2831 4247 3225 4326 drachmas
3268 4249 3464 4325 diur-

677 4395 814 4447 nas
853 4382 1223 4447 merentes
1282 4371 1601 4464 (etenim
1657 4373 1797 4449 sibi
1858 4372 2168 4474 quisque
2215 4399 2480 4468 unam,
2539 4374 2850 4449 alteram
2887 4400 3030 4475 pro
3067 4375 3351 4450 famulo
3387 4376 3464 4449 in

677 4493 873 4572 diem
910 4495 1391 4598 accipiebat).

892 4637 1359 4740 Stipendium
1398 4652 1648 4717 tamen
1690 4667 1827 4743 pro
1867 4643 2151 4746 ratione
2213 4653 2636 4744 temporum
2675 4652 2750 4717 et
2787 4637 3316 4743 adjunctorum
3353 4641 3460 4718 di-

676 4789 975 4841 versum
1013 4776 1190 4842 erat.
1264 4767 1813 4844 Demosthenes
1852 4767 1956 4864 (Ι.
1995 4765 2166 4844 adv,
2205 4766 2531 4869 Philipp.
2572 4795 2644 4870 p.
2686 4768 2836 4863 47)
2874 4769 3268 4869 proponit:
3327 4769 3457 4840 ἵνα

676 4881 863 4961 δέκα
902 4885 1052 4962 τοῦ
1076 4884 1319 4984 μηνὸς
1358 4879 1403 4963 ὅ
1444 4887 1896 4988 στρατιώτης
1937 4887 2285 4990 δραχμὰς
2322 4895 2746 4989 σιτηρέσιον
2773 4887 3159 4989 λαμβάνῃ.
3216 4890 3458 4991 Igitur
3543 4923 3552 4932 ·

674 5014 894 5090 binos
932 5036 1069 5116 per
1105 5013 1300 5091 diem
1338 5015 1629 5106 obolos,
1693 5041 1843 5092 nou
1882 5013 2313 5119 computata
2349 5019 2692 5094 mercede
2716 5077 2732 5110 ‚
2759 5043 3004 5118 rquam
3043 5019 3450 5118 separatim

673 5137 1161 5239 accipiebant.
