3725 5850
680 364 837 445 472
1270 391 1887 445 commem-Amos
1925 394 2030 443 An
2069 391 2196 445 392.
2233 388 2362 445 397.
2401 390 2527 444 400.
2569 392 2694 445 403.
2734 392 2860 445 404.

682 608 909 686 quam
944 595 1163 661 sorte.
1246 583 1455 661 Idem
1515 584 1714 659 valet
1773 583 1994 661 etiam
2052 583 2142 661 de
2201 584 2542 661 ordinum
2602 586 2953 681 ducibus,
3013 586 3140 686 qui
3177 583 3248 661 id
3283 584 3425 661 fue-

678 720 846 788 rant
880 711 1078 788 inter
1113 709 1442 812 pedites,
1501 708 1701 810 quod
1740 709 2019 786 tribuni
2053 710 2245 786 inter
2283 712 2587 813 equites.

896 834 1248 912 Ceterum
1287 834 1446 911 veri
1484 834 1723 911 simile
1774 844 1886 909 est
1939 834 2414 935 praevalente
2473 835 2926 913 democratia
2973 837 3198 913 etiam
3235 834 3427 935 phyl-

681 959 945 1038 archos
984 972 1057 1036 et
1092 958 1513 1036 taxiarchos
1553 970 1749 1035 sorte
1792 969 2082 1037 creatos
2120 959 2367 1037 fuisse.

897 1083 1091 1161 Vide
1128 1111 1373 1161 meam
1409 1082 2006 1161 dissertationem
2043 1084 2120 1158 in
2170 1084 2704 1185 Philologo
2765 1082 3424 1184 Gottingensi.

683 1210 899 1288 Tom.
942 1211 1108 1286 XV.
1154 1236 1219 1307 p.
1264 1209 1630 1283 728--73
1647 1211 1708 1283 4.

897 1333 1285 1411 Tarentini
1358 1335 1928 1435 magistratuum
2003 1336 2335 1410 omnium
2389 1336 2537 1412 duo
2595 1360 2874 1435 genera
2928 1336 3294 1427 fecerunt,
3355 1345 3424 1408 ut

685 1461 809 1538 alii
850 1461 1237 1556 suffragio,
1279 1460 1401 1536 alii
1440 1459 1823 1535 sortitione
1865 1460 2434 1536 mandarentur:
2494 1461 2921 1553 sortitione,
2963 1474 3040 1535 ut
3077 1461 3284 1563 plebs
3318 1485 3420 1533 eo·

686 1610 852 1661 rum
891 1594 1085 1659 esset
1123 1584 1536 1683 particeps:
1596 1585 1992 1683 suffragio,
2051 1611 2192 1684 quo
2243 1586 2501 1662 melius
2541 1588 2956 1687 respublica
2992 1586 3420 1661 administra-

690 1720 915 1785 retur.
976 1706 1538 1801 (Aristotel.
1589 1708 1875 1784 Polit.
1915 1708 2048 1803 VI,
2090 1709 2161 1803 3,
2205 1712 2315 1803 5.)

1861 1919 2013 2002 Ad
2056 1920 2288 2003 302.

904 2084 1416 2165 Aristotel.
1458 2085 1675 2162 Poli
1703 2096 1749 2160 t.
1791 2085 1962 2181 VII,
2004 2086 2076 2179 8,
2121 2086 2206 2159 ὃς
2267 2085 2515 2180 Quum
2566 2083 2746 2163 deos
2783 2085 3234 2165 immortales
3270 2112 3312 2160 a
3345 2084 3426 2159 ci-

692 2212 910 2288 vibus
950 2210 1091 2286 coli
1132 2209 1428 2306 deceat,
1471 2212 1648 2287 satis
1687 2210 2167 2309 intelligitur,
2209 2236 2349 2285 nec
2387 2208 2796 2307 agricolam
2835 2238 3076 2313 neque
3118 2211 3429 2315 opificem

694 2330 1171 2433 (βάναυσον)
1208 2335 1673 2412 sacerdotem
1710 2360 1870 2412 esse
1909 2334 2529 2411 constituendum.

1861 2545 2014 2628 Ad
2062 2546 2294 2628 30⁷.

910 2711 1075 2788 Hoc
1115 2709 1679 2809 intelligendum
1729 2709 1820 2785 de
1877 2711 2252 2787 sacrificiis
2309 2711 2813 2813 privatorum,
2873 2714 2993 2790 vel
3032 2712 3124 2790 de
3165 2714 3430 2789 minori-

695 2839 835 2914 bus
872 2835 1191 2913 civitatis
1230 2835 1641 2932 sacrificiis3
1697 2864 1873 2911 nam
1931 2836 2276 2939 reliquiae
2339 2838 2808 2915 victimarum
2862 2840 2940 2913 in
2997 2840 3285 2939 magnis
3318 2838 3432 2913 rei·

694 2961 1042 3064 publicae
1082 2961 1289 3036 festis
1328 2960 1891 3044 vendebantur.
1951 2963 2420 3064 pretiumque
2463 2990 2714 3039 earum
2752 2965 2827 3040 in
2867 2963 3286 3041 thesaurum
3323 2989 3434 3066 pu-

696 3085 965 3162 blicum
1006 3084 1518 3161 invehebatur.
1598 3085 1829 3178 (Vide
1871 3082 1988 3188 §§.
2029 3089 2208 3182 893,
2247 3089 2472 3181 894.)

921 3208 1355 3288 Artemidor.
1397 3211 1786 3286 Ouirocrit.
1826 3213 1963 3306 III,
2005 3213 2094 3287 3:
2150 3206 2283 3296 τὰς
2320 3208 2476 3286 τῶν
2516 3209 2725 3287 θεῶν
2764 3207 3118 3310 ἀπαρχὰς
3157 3208 3243 3286 τὸ
3283 3213 3439 3294 ἔθος

700 3337 1065 3432 ἐπιτρέπει
1106 3329 1369 3418 αὐτοῖς
1410 3331 1771 3431 (ἱερεῦσι)
1812 3331 2282 3432 λαμβάνειν,
2341 3342 2478 3410 καὶ
2532 3334 2818 3436 τρόπον
2853 3333 3029 3412 τινὰ
3069 3333 3222 3412 ἀπὸ
3265 3334 3441 3412 θεῶν

702 3463 1133 3559 τρέφονται.
1214 3463 1464 3554 (More
1506 3485 1944 3538 concessum
1981 3475 2124 3556 est,
2171 3475 2254 3540 ut
2291 3465 2717 3543 sacerdotes
2757 3467 3130 3569 accipiant
3167 3467 3437 3543 deorum

701 3587 1107 3691 primitias,
1168 3586 1532 3684 modoque
1574 3585 1896 3688 quodam
1933 3613 1978 3661 a
2015 3586 2153 3664 diis
2193 3590 2555 3684 aluntur.)

1882 3797 2035 3880 Ad
2067 3799 2302 3881 400.

922 3965 1035 4042 Cf.
1092 3961 1339 4041 Schol.
1400 3964 1477 4038 in
1544 3960 2016 4063 Aristophan.
2080 3961 2397 4041 Acharn.
2441 3967 2618 4043 242.
2697 3967 2944 4046 Schol.
2985 3970 3061 4044 in
3102 3968 3445 4044 Theocrit.

709 4090 899 4191 Idyl.
942 4091 1036 4184 11,
1079 4090 1201 4163 66.

1885 4190 2036 4274 Ad
2070 4192 2306 4276 403.

927 4357 1240 4433 Habron
1280 4357 1475 4432 filius
1515 4357 1837 4458 Lycurgi
1879 4359 2194 4434 oratoris
2233 4360 2594 4436 natalium
2640 4363 2816 4463 jure
2871 4363 3192 4465 adeptus
3240 4389 3446 4440 sacer-

634 4551 640 4558 .
715 4484 1001 4562 dotium
1054 4475 1360 4576 (λαχών
1412 4487 1504 4556 ἐκ
1561 4480 1705 4556 τοῦ
1761 4485 2031 4586 γένους
2087 4479 2231 4572 τὴν
2285 4480 2784 4586 ἱερωσύνην),
2842 4489 2920 4566 id
2975 4489 3186 4566 fratri
3241 4491 3447 4590 Lyco.

714 4608 985 4712 phroni
1024 4609 1407 4686 concessit.
1466 4610 2002 4704 (Plutarch.
2043 4611 2137 4688 X.
2179 4622 2360 4689 orat.
2401 4613 2530 4690 vit.
2569 4612 2737 4691 VII.
2779 4615 3102 4718 Lycurg.
3143 4617 3308 4711 39.)

1887 4823 2308 4908 Ad4o4.

928 4985 1355 5064 Secundum
1395 4989 2064 5093 Harpocrationem
2101 4991 2616 5070 Eteobutadae
2652 5008 3048 5090 vocantur,
3088 4997 3214 5097 qui
3253 5023 3299 5072 v
3321 5019 3452 5072 ere

714 5137 760 5186 a
796 5113 989 5190 Buta
1027 5112 1321 5190 oriundi
1362 5125 1575 5212 sunt;
1630 5142 1804 5194 nam
1842 5111 2060 5192 ἐτεόν
2097 5118 2468 5218 significat
2518 5145 2562 5192 v
2587 5145 2626 5196 e
2649 5147 2765 5197 re.
