3725 5850
1368 494 1467 547 nr:
1504 492 1952 551 mmmmm.
2905 461 3060 546 273

1556 686 1788 765 1083.

494 822 666 902 Ἐπὶ
746 826 1061 933 ζεύγους
1102 824 1227 925 ’μὴ
1290 820 1590 903 ἀπιέναι
1663 838 2004 933 γυναῖκα
2073 826 2606 917 Ἐλευσίναδε,
2681 820 2882 912 ὅπως
2947 820 3060 923 μῆ

320 952 743 1031 ἐλαττῶνται
785 956 859 1028 αἱ
902 952 1309 1053 δημοτικαὶ
1350 942 1506 1030 ὖπὸ
1545 952 1701 1033 τῶν
1752 958 2140 1032 πλουσίων
2166 978 2181 996 ·
2239 960 2313 1031 εἰ
2349 952 2430 1030 δέ
2464 985 2572 1041 τις
2610 953 3055 1053 φωραθείη,

318 1074 684 1158 ἀποτίνειν
723 1076 1067 1183 δραχμὰς
1103 1082 1643 1177 ἑξακισχιλίας.

1234 1208 1646 1305 (Plutarch.
1689 1212 1782 1289 X.
1825 1221 2095 1293 orator.
2139 1210 2264 1288 vit.
2305 1210 2627 1312 Lycurg.
2675 1206 2839 1298 14.)

1546 1372 1773 1449 1083.

495 1514 787 1596 Mulieri
826 1516 1043 1596 nefas
1081 1526 1239 1593 esto
1272 1516 1351 1593 in
1398 1514 1595 1615 bigis
1632 1516 2060 1619 Eleusinem
2098 1519 2244 1619 ire,
2305 1544 2399 1595 ne
2439 1543 2484 1595 a
2521 1516 2878 1596 divitibus
2916 1540 3048 1616 po-

310 1641 573 1741 pulares
608 1641 931 1719 feminae
972 1653 1437 1745 superentur.
1514 1641 1729 1737 Quae
1774 1655 2038 1720 contra
2075 1644 2342 1721 fecisse
2382 1642 2852 1743 deprehensa
2887 1640 3064 1747 fue-0

308 1766 417 1861 rit,
464 1764 859 1843 mulctator
896 1766 1418 1847 drachmarum
1459 1794 1589 1847 sex
1630 1769 1981 1849 millibus.
2743 1764 2750 1771 ’

485 2066 672 2151 Ἐάν
729 2101 835 2159 τις
890 2068 1215 2169 ἀδικήσῃ
1269 2067 1365 2147 τὰ
1422 2068 1831 2177 ἀγάλματα
1889 2072 2045 2150 τῶν
2108 2072 2363 2164 θεῶν,
2429 2069 2542 2171 μή
2599 2072 2754 2151 τῶν
2827 2066 3049 2171 ἱερῶν

301 2198 745 2297 ἐπιβαίνειν,
806 2192 853 2291 ἢ
888 2201 1231 2275 εἰσίοντα
1269 2197 1868 2300 τιμωρῆσασθαι.

1230 2327 1543 2428 (Lysias
1580 2354 1643 2405 c.
1684 2325 2051 2407 Andocid.
2089 2329 2184 2407 de
2223 2328 2502 2432 impiet.
2543 2326 2828 2431 ξ.15.)

1554 2488 1779 2567 1084.
2591 2506 2600 2519 ·

490 2634 568 2713 Si
608 2632 768 2735 quis
804 2634 1079 2738 injuria
1115 2632 1425 2712 deorum
1461 2644 1744 2715 statuas
1783 2636 2154 2731 affecerit,
2213 2662 2306 2713 ne
2346 2635 2632 2739 templa
2667 2633 3040 2737 ingredia-

287 2770 435 2855 tur,
488 2758 609 2837 vel
646 2756 1023 2859 ingressus
1061 2762 1435 2864 puniatur.

1542 2886 1764 2963 1085.

472 3019 667 3102 Ἐάν
702 3055 812 3116 τις
848 3029 1119 3102 ἐλαίαν
1145 3021 1589 3122 Ἀθήνῃσιν
1624 3023 2030 3124 ἐξορύττῃ,
2087 3025 2225 3102 ἐάν
2254 3023 2363 3125 μὴ
2403 3031 2507 3114 εἰς
2546 3023 2756 3125 ἱερὸν
2782 3021 3038 3117 Ἀθη-

284 3155 517 3229 ναίων
572 3149 983 3250 δημόσιον,
1058 3145 1107 3243 ἢ
1160 3145 1626 3248 δημοτικόν,
1709 3145 1759 3244 ἢ
1813 3151 2066 3252 ἑαυτῷ
2123 3151 2474 3251 χρῆσθαι
2544 3159 2768 3251 μέχρι
2811 3149 3038 3228 δυοῖν

280 3281 568 3353 ἐλαίαιν
622 3275 711 3353 τῦ
769 3275 1081 3354 ἑνιαυτᾶ
1132 3272 1407 3368 ἑκάςε,
1487 3271 1535 3369 ἢ
1582 3283 1705 3354 ἐπὶ
1775 3272 2288 3376 ἀποθανόντα
2353 3273 2479 3374 δέῃ
2542 3273 3034 3376 χρήσασθαι,

280 3399 613 3497 ὀφείλειν
668 3398 954 3479 ἑκατὸν
1008 3397 1355 3501 δραχμὰς
1409 3401 1519 3502 τῷ
1574 3401 1917 3503 δρμοσίῳ
1968 3403 2093 3494 τῆς
2145 3407 2413 3490 ἐκαίας
2453 3399 2741 3493 ἑκάςης.
2806 3400 2914 3478 Τὸ
2957 3401 3032 3480 δὲ

277 3525 725 3606 ἐπιδέκατον
776 3525 956 3609 τότε
1011 3527 1139 3620 τῆς
1196 3527 1338 3604 θεῦ
1398 3525 1597 3604 εἶναι
1623 3555 1639 3574 ·
1698 3524 2062 3624 ὀφειλέτω
2109 3528 2190 3606 δὲ
2245 3535 2382 3605 καί
2437 3527 2550 3630 τῷ
2607 3526 2868 3627 ἰδιώτῃ
2925 3527 3038 3628 τῷ

277 3650 641 3745 ἐπεξιόντι
681 3649 968 3729 ἑκατὸν
1006 3648 1349 3755 δραχμὰς
1382 3660 1579 3730 καθ’
1616 3652 1904 3746 ἕκάςην
1939 3657 2236 3744 ἐλαίαν,
2283 3650 2418 3744 τὰς
2441 3651 2534 3731 .δέ
2573 3652 3044 3741 δίκαςεῖναο

278 3785 431 3879 περὶ
470 3776 715 3856 τέτων
745 3776 935 3878 πρὸς
970 3775 1099 3866 τός
1134 3771 1544 3878 ἄρχοντας,
1584 3769 1698 3856 ὦν
1734 3787 1998 3872 ἕκαςοι
2039 3779 2352 3871 δικαςαί
2391 3785 2574 3856 εἰσι·
2617 3789 3032 3880 πρυτανεῖα

276 3902 345 3979 δὲ
386 3910 658 3982 τιθέτω
698 3897 741 3982 ὃ
785 3901 1087 3980 διώκων
1122 3901 1209 3980 τέ
1250 3896 1447 3983 αὗτέ
1471 3911 1791 4005 μέρους·
1848 3902 1986 3982 ὅτε
2025 3904 2094 3980 δ’
2135 3900 2239 3983 ἄν
2273 3905 2842 4010 καταγνωσθῇ,
2899 3912 3030 4008 ε’γ-

274 4029 729 4134 γραφόντων
774 4034 848 4108 οἱ
886 4027 1297 4130 ἄρχοντες,
1356 4030 1539 4132 πρὸς
1574 4026 1659 4123 ὃς
1696 4027 1803 4112 ἄν
1836 4026 1888 4132 ᾖ
1930 4025 1970 4126 ἧ
2014 4031 2238 4124 δίκη,
2297 4042 2456 4120 τοῖς
2513 4029 2985 4130 πράκτορσιν
3009 4088 3026 4120 ,

274 4149 315 4232 ὂ
346 4159 455 4258 τῷ
494 4156 835 4257 δημοσίῳ
892 4161 1221 4262 γίνεται,
1281 4150 1329 4233 δ
1384 4157 1459 4232 δὲ
1520 4156 1609 4256 τῇ
1668 4159 1832 4259 θεῷ
1889 4165 2276 4264 γίγνεται,
2335 4168 2494 4246 τοῖς
2531 4159 2836 4255 ταμίαις
2875 4157 3030 4238 τῶν

270 4283 391 4376 τῆς
434 4281 573 4360 θεῦ
600 4306 616 4325 ·
672 4280 810 4360 ε’·άν
848 4280 924 4360 δὲ
952 4281 1061 4383 μὴ
1102 4281 1627 4388 ἐγγράφωσιν,
1686 4281 1918 4362 αὐτοὶ
1958 4282 2458 4381 ὀφειλόντων.

1160 4414 1686 4508 (Demosthen.
1724 4415 1803 4494 in
1842 4415 2224 4498 Macartat.
2270 4413 2496 4532 1074.
2542 4410 2810 4508 1075.)

1524 4595 1749 4672 1085.

472 4733 551 4811 Si
609 4737 771 4836 quis
810 4737 1049 4814 oleam
1086 4731 1400 4816 Athenis
1454 4737 1799 4814 effoderit
1824 4796 1842 4833 ,
1901 4738 2041 4814 nisi
2079 4739 2175 4816 ad
2213 4741 2579 4844 templum
2615 4736 3020 4816 Athenien-

268 4863 448 4938 sium
488 4862 749 4964 populi
784 4873 912 4938 aut
948 4864 1127 4964 pagi
1164 4874 1293 4940 aut
1346 4863 1425 4938 in
1482 4890 1655 4941 suos
1696 4891 1874 4941 usus
1911 4891 2143 4965 usque
2183 4865 2279 4943 ad
2317 4865 2531 4942 binas
2570 4864 2772 4941 cleas
2810 4873 3020 4962 quot-

268 4987 515 5080 annis,
573 4999 701 5063 aut
735 4987 831 5064 ad
869 4988 1091 5065 funus
1149 5015 1238 5064 ea
1292 4989 1655 5066 utendum
1710 4991 1845 5087 sit;
1901 5001 2258 5069 centenas
2316 4990 2408 5068 de
2467 4990 2780 5092 singulis
2837 4986 3018 5062 oleis

268 5113 658 5192 drachmus
695 5107 981 5194 aerario
1021 5115 1333 5214 debet0,
1390 5131 1609 5220 atque
1668 5122 1830 5222 ejus
1888 5119 2214 5198 mulctae
2271 5121 2600 5199 decimae
2640 5119 3019 5196 Minervae

266 5261 493 5320 sunto.
566 5241 857 5323 Debeto
899 5255 973 5320 et
1010 5243 1291 5322 homini
1328 5245 1664 5347 private,
1724 5273 1769 5322 a
1824 5273 1972 5348 quo
2029 5273 2196 5326 reus
2253 5257 2600 5351 peractus·
2640 5255 2790 5340 est,
2848 5269 3020 5321 cen-

2514 5367 2597 5434 18
2657 5397 2662 5406 ’
