3725 5850
732 437 879 521 156
1591 516 1597 522 .
1814 469 1940 523 ms
1975 468 2398 525 Punntcuu.

2013 660 2190 739 632.

932 790 1308 869 Praefecti
1366 788 1926 890 expeditionum
1985 788 2484 881 (navarchae)
2543 798 2618 865 et
2675 790 3056 869 navalium
3107 801 3504 870 curatores

718 915 1202 993 introducunt
1236 915 1314 993 in
1339 914 1704 1017 judicium
1744 912 2321 1015 disceptationes
2357 914 2450 991 de
2489 916 2984 993 armamentis.

936 1202 1032 1276 Oi
1085 1199 1242 1277 τῶν
1298 1202 1543 1303 ἔργων
1602 1194 1994 1275 ἐπιστάται
2020 1077 2330 1287 θτῗεῗῷτες
2391 1193 2768 1305 ἡγεμονίᾳ
2831 1201 3180 1303 χρῶνται
3253 1198 3498 1277 δικα-

720 1329 1050 1424 στηρίου.
2082 1327 2468 1423 (Aeschin.
2507 1330 2586 1407 in
2623 1330 2953 1433 Ctesiph.
2993 1326 3063 1431 §.
3109 1330 3272 1423 14.)

2017 1490 2197 1566 633.

926 1614 1209 1694 Omnes
1244 1615 1595 1718 operibus
1632 1616 1992 1719 praefecti
2019 1616 2616 1719 jurisdictionem
2653 1626 3026 1695 exercent.

2007 1781 2183 1856 634.

932 1906 1569 2001 Προσκαλεῖσθαι
1608 1902 1792 2009 πρὸς
1830 1902 2013 1995 τούς
2051 1900 2587 2010 ἀγορανόμους
2621 1900 2914 2003 βλάβης
2934 1900 3094 1977 τῶν
3111 1902 3480 2001 φορτίων.

2165 2032 2684 2139 (Aristophan.
2725 2030 2953 2134 Vesp.
3001 2028 3270 2123 1406.)

933 2316 1022 2393 In
1047 2317 1176 2418 jus
1212 2329 1518 2397 vocetur
1554 2321 1869 2422 quilibet
1887 2320 1984 2399 ad
2003 2196 2307 2400 {iz-iles
2328 2319 2426 2397 ob
2448 2320 2704 2401 datum
2721 2318 3090 2398 mercibus
3109 2316 3477 2397 damnum.

1916 2603 2280 2697 Μέροςγ’.

1674 2727 2516 2820 ΙΙρόσκλησις.

1991 2880 2200 2893 .............

1922 2965 2142 3032 Pars
2207 2965 2247 3031 3

1830 3091 1886 3160 C
1931 3093 1954 3158 i
2000 3099 2030 3156 t
2071 3114 2114 3156 a
2159 3099 2187 3156 t
2229 3113 2252 3156 ι
2295 3113 2334 3156 ο

2011 3257 2189 3332 635.

928 3379 1021 3448 Π
1032 3375 1342 3473 ρόσκλ
1367 3403 1515 3468 ησι
1540 3411 1573 3464 ς
1648 3371 1687 3468 ἦ
1760 3383 1866 3465 εἰς
1926 3375 2418 3477 δικαστήριον
2471 3376 2775 3466 κλῆσις,
2856 3379 2993 3450 καὶ
3049 3377 3472 3474 προσκαλέ-

712 3505 998 3574 σασθαι
1039 3498 1128 3576 τὸ
1170 3508 1721 3606 παραγγέλλειν
1758 3508 1866 3591 εἰς
1905 3501 2153 3594 δίκην.
2663 3504 3259 3609 (HarpocratiO.)

2005 3665 2183 3742 635.

924 3785 1197 3864 Citatio
1236 3799 1349 3866 est
1384 3791 1461 3866 in
1483 3792 1613 3892 jus
1650 3791 1986 3889 vocati03
2043 3803 2118 3868 et
2153 3793 2420 3885 citare,
2459 3792 2536 3868 in
2561 3793 2690 3893 jus
2730 3815 3017 3868 vocare.

2001 3953 2178 4030 636.

926 4075 1060 4146 Κλ
1084 4072 1415 4171 ητῆρές
1470 4079 1665 4151 εἰσιν
1723 4079 1795 4151 οἱ
1854 4069 2126 4175 ἄνδρες
2169 4083 2358 4176 μεθ’
2395 4065 2510 4151 ὦν
2545 4079 2652 4162 εἰς
2691 4071 2825 4162 τὰς
2863 4071 3089 4159 δίκας
3127 4096 3471 4170 προσκα-

711 4194 1031 4272 λοῦνται
1072 4199 1145 4272 oi
1184 4195 1683 4296 δικαζόμενοί
1720 4225 1939 4280 τισιν.
2657 4201 3262 4304 (Harpocratio.)

2005 4349 2180 4423 636.

921 4466 1413 4572 Apparitores
1450 4484 1623 4550 sunt
1660 4474 1799 4550 viri
1838 4474 2278 4574 quibuscum
2315 4472 2697 4570 litigantes
2733 4472 2810 4548 in
2844 4473 2963 4574 jus
2983 4479 3262 4548 vocant
3297 4495 3472 4546 suos

707 4593 1193 4673 adversarios

1997 4705 2174 4782 637.

920 4829 1057 4900 Δεῖ
1108 4824 1255 4928 γὰρ
1312 4833 1663 4928 παρεῖναί
1722 4859 1934 4917 τινας
1990 4825 2234 4928 ὥσπερ
2283 4827 2675 4929 μάρτυρας
2729 4829 2855 4920 τῆς
2903 4826 3468 4926 προσκλήσεως,

706 4954 839 5027 ἵνα
867 4947 974 5049 μὴ
1017 4948 1529 5050 ἇπρόσκλητοι
1572 4957 1651 5030 αἱ
1698 4954 1914 5032 δίκαι
1951 4959 2058 5042 εἰς
2095 4950 2188 5029 τά
2230 4951 2680 5054 δικαστήρια
2737 4950 3190 5058 εἰσάγωνται
3213 5012 3234 5044 ,
3285 4952 3469 5053 μηδὲ

708 5080 1023 5174 ἐκλείπῃ
1061 5076 1197 5170 τήν
1238 5077 1468 5172 δίκην
1505 5071 1548 5158 ὁ
1589 5079 2277 5184 κατηγορούμενος.

1984 5211 2326 5305 (Bekker
2359 5209 2639 5291 Anecd.
2675 5237 2786 5312 gr.
2825 5212 2882 5290 Ι.
2921 5237 3011 5314 μ·
3035 5208 3257 5302 268.)
