3725 5850
780 373 935 447 458
1450 398 2066 451 ςοΜΜΕΜΑΜυε
2101 395 2208 446 AD
2249 394 2373 447 267.
2418 396 2542 451 263.
2585 398 2710 453 269.
2751 398 2878 451 270.

1953 583 2104 667 Ad
2147 586 2378 670 20⁷.

992 756 1083 833 In
1141 753 1357 831 tertio
1413 752 1705 829 decreto
1760 760 1934 853 post
1987 750 2081 828 X.
2123 763 2498 830 oratorum
2553 755 2743 830 vitas
2797 752 3000 858 apud
3057 751 3520 830 Plutarchum

780 882 1086 975 dicitur,
1151 879 1350 981 quod
1388 879 1781 984 Lycurgus
1828 879 1950 953 ἐπὶ
1999 886 2193 975 τρεῖς
2231 876 2810 979 πενταετηρίδας
2848 882 3026 983 (per
3061 892 3212 957 tres
3249 886 3518 979 pentae·
3625 896 3627 901 ·

774 1005 1094 1100 terides)
1150 1005 1371 1084 fuerit
1422 1004 1896 1107 publicorum.
1947 1002 2322 1081 redituum
2378 1018 2748 1106 quaestor.
2826 1004 2982 1083 Sub
3039 1003 3520 1106 pentaeterido

775 1130 897 1207 alii
952 1132 1279 1234 spatium
1336 1131 1662 1233 quinque
1710 1130 1835 1207 alii
1875 1140 2191 1233 quatuor
2227 1157 2596 1209 annorum
2631 1130 3081 1231 intelligunt.
3159 1129 3521 1223 Quaeritur

774 1257 996 1357 igitur
1032 1266 1283 1335 utrum
1316 1256 1710 1359 Lycurgus
1749 1255 2176 1355 quindecim
2213 1284 2310 1335 an
2349 1256 2738 1335 duodecim
2793 1255 3008 1334 annis
3056 1254 3280 1331 fuerit
3315 1279 3516 1355 quae·
3625 1290 3627 1293 ⁴

776 1394 931 1461 stor
951 1383 989 1461 Ρ
1043 1383 1292 1477 Quum
1350 1394 1599 1459 tamen
1653 1381 2028 1459 Diodorus
2085 1381 2376 1460 Siculus
2435 1382 2692 1476 (XVI,
2728 1382 2877 1477 88)
2917 1381 3011 1459 de
3048 1380 3391 1483 Lycurgo
3427 1380 3516 1457 di·

776 1517 931 1603 cat,
972 1506 1171 1608 quod
1211 1507 1601 1585 duodecim
1637 1507 1852 1583 annis
1891 1506 2212 1585 redditus
2253 1507 2570 1585 civitatis
2609 1533 2782 1586 cum
2815 1505 3037 1583 laude
3075 1505 3516 1585 administra-

779 1634 973 1709 verit
1028 1628 1383 1741 (Mosae
1430 1634 1555 1723 ἔτη
1608 1628 1745 1721 τὰς
1802 1629 2227 1732 προσόδους
2264 1632 2390 1726 τῆς
2429 1630 2714 1721 πόλεως
2753 1629 3148 1722 διοικήσας
3187 1639 3518 1709 ἐπαινου-

769 1760 1075 1855 μένως),
1136 1771 1211 1836 et
1253 1787 1479 1861 quum
1520 1760 1913 1839 duodecim
1969 1763 2144 1837 anni
2201 1788 2352 1838 non
2407 1763 2702 1865 possint
2737 1786 2874 1865 per
2911 1762 3250 1863 quinque
3285 1762 3358 1837 in
3393 1771 3518 1837 tres

779 1886 1131 1987 aequales
1170 1898 1424 1990 partes
1464 1887 1735 1985 dividi,
1792 1890 1992 1990 quod
2047 1915 2183 1992 per
2240 1902 2560 1993 quatuor
2615 1888 3006 1967 commode
3069 1888 3231 1965 ficri
3283 1898 3516 1990 potest,

782 2010 998 2090 facilc
1036 2022 1245 2114 patet
1279 2014 1419 2091 sub
1457 2012 1971 2117 pentasteride
2029 2014 2230 2117 apud
2287 2014 2768 2092 Plutarchum
2822 2026 3142 2117 quatuor
3189 2038 3517 2091 annorum

778 2140 1101 2241 spatium
1140 2165 1299 2217 esse
1341 2140 1930 2240 intelligendum.

989 2283 1200 2377 Quae
1236 2310 1461 2383 quum
1496 2285 1601 2360 ita
1638 2310 1716 2360 se
1754 2283 2120 2379 habeant,
2179 2284 2258 2359 in
2295 2286 2459 2385 lege
2502 2284 2738 2362 267-a
2773 2285 2850 2359 in
2890 2285 3136 2361 locum
3165 2276 3275 2378 μή
3312 2283 3512 2354 πλείω
3625 2308 3627 2311 ⁴

780 2410 995 2485 πέντε
1032 2402 1227 2481 ἐτῶν
1260 2410 1739 2485 scribendum
1795 2433 1954 2486 esse
2014 2410 2367 2511 conjicio:
2416 2404 2528 2506 μὴ
2569 2410 2800 2483 πλείω
2838 2402 3398 2506 πεντετηρίδος,
3445 2404 3510 2481 id
3625 2474 3627 2529 ἐ

779 2542 929 2610 est:
986 2559 1138 2609 non
1176 2533 1497 2636 amplius
1538 2536 2045 2634 quadriennio.
2124 2536 2480 2629 Quamvis
2536 2536 2762 2637 igitur
2799 2536 2878 2612 in
2915 2559 3080 2613 mea
3115 2534 3340 2612 latina
3372 2559 3509 2609 ver-

778 2659 986 2735 sione
1038 2658 1223 2736 haec
1279 2662 1513 2738 verba
1566 2687 1678 2739 ne
1737 2672 2162 2762 quatuor
2217 2664 2501 2738 annis
2559 2661 2988 2764 amplius
3045 2687 3198 2737 non
3237 2684 3509 2737 consen-

777 2784 968 2861 tiant
1007 2810 1173 2861 cum
1210 2786 1455 2863 verbis
1484 2780 1592 2881 μή
1636 2788 1868 2859 πλείω
1909 2790 2126 2860 πέντε
2164 2783 2395 2875 ἐτῶν,
2461 2787 2645 2865 nihil
2701 2800 2953 2864 tamen
2989 2788 3068 2861 in
3105 2785 3348 2863 latinis
3379 2808 3508 2859 ver·

779 2910 894 2986 bis
930 2910 1367 2988 mutandum
1404 2924 1551 3009 est,
1619 2913 1793 3015 quia
1830 2939 1988 2991 rem
2025 2913 2322 2991 veritati
2361 2927 2940 2992 consentaneam
2978 2911 3403 3015 exprimunt.

1954 3126 2107 3210 Aa
2146 3125 2375 3210 208.

993 3290 1361 3383 Quaestor
1397 3291 1515 3367 hic
1555 3292 1878 3368 occurrit
1915 3293 2240 3394 primum
2277 3301 2519 3368 aetate
2580 3287 2966 3368 duodecim
3004 3291 3366 3382 tribuum,
3415 3313 3504 3361 ar-

782 3415 1051 3491 chonte
1092 3415 1428 3512 Eubu10,
1487 3428 1656 3519 post
1696 3415 1997 3520 Olymp.
2044 3419 2217 3511 123,
2259 3419 2327 3493 2.

1953 3628 2104 3712 M
2147 3629 2375 3711 200.

996 3791 1221 3896 Corp.
1270 3795 1602 3897 inscript.
1661 3823 1771 3894 gr.
1829 3797 1957 3873 Nr.
2019 3795 2161 3870 92:
2220 3794 2325 3878 εἰς
2380 3786 2525 3880 τὴν
2581 3785 3048 3894 ἀναγραφὴν
3105 3786 3233 3879 τῆς
3289 3785 3508 3877 στήλης

784 3911 1061 3992 δοῦναι
1116 3912 1259 3992 τὸν
1312 3919 1603 4017 ταμίαν
1656 3916 1798 3994 τοῦ
1862 3915 2105 4017 δήμου
2163 3921 2362 3994 ΔΔΔ
2416 3913 2761 4018 δραχμάς
2817 3922 2909 3992 ἐκ
2956 3912 3112 3991 τῶν
3149 3911 3350 3991 κατὰ
3387 3934 3510 4014 ψη-

784 4043 1131 4141 φίσματα
1173 4039 1804 4144 ἀναλισκομένων
1844 4043 1952 4146 τῷ
1995 4041 2230 4144 δήμῳ.

998 4189 1383 4293 „Utraque
1423 4191 1642 4270 dictio
1682 4192 1787 4276 εἰς
1825 4185 1922 4264 τοὶ
1962 4185 2170 4264 κατὰ
2232 4192 2685 4288 ψηφίσματα
2739 4200 2814 4266 et
2851 4181 3057 4261 κατὰ
3093 4189 3512 4286 ψηφίσματα
3625 4223 3627 4288 5

782 4338 1015 4415 aeque
1075 4317 1464 4395 commoda
1519 4330 1630 4395 est
1686 4328 1761 4394 et
1814 4319 2264 4396 sententiam
2320 4316 2628 4394 eandem
2686 4315 3034 4418 praebet:
3093 4316 3513 4414 significatur
3625 4301 3627 4386 ἕ

785 4439 981 4516 enim
1020 4467 1125 4518 ea
1179 4442 1642 4544 publicae
1696 4445 2184 4546 pecuniae
2240 4470 2508 4547 pars,
2567 4467 2818 4542 quae
2875 4440 3347 4543 impensis
3395 4438 3510 4512 de·
3625 4467 3627 4498 ι

786 4565 1163 4644 stinata
1216 4580 1431 4647 erat
1485 4594 1672 4645 non
1724 4568 1948 4668 lege
2005 4567 2706 4670 praescriptis,
2779 4566 2946 4643 sed
3002 4561 3504 4669 populisci-
3625 4629 3627 4632 ⁴

784 4707 879 4772 to
906 4695 1176 4798 jussis,
1237 4719 1459 4795 quam
1499 4721 1637 4772 nos
1678 4705 2082 4772 extraor
2109 4693 2598 4770 dinariam
2637 4689 3066 4769 vocamus.“
3125 4688 3506 4768 Boeokhius
3625 4717 3627 4800 ff

786 4820 1008 4922 Corp.
1047 4821 1375 4922 inscript.
1415 4823 1452 4898 I
1512 4848 1584 4923 p.
1631 4821 1805 4898 151.

1957 4977 2109 5060 Ad
2148 4977 2379 5060 2⁷0.
2511 4959 2518 4967 .

1000 5145 1266 5226 Suidas
1309 5174 1367 5224 s.
1405 5171 1474 5223 v.
1516 5136 2146 5241 Ἔλλενοταμίαιε
2203 5142 2329 5220 Sic
2367 5144 2870 5240 vocabantur,
2907 5145 3035 5244 qui
3072 5141 3443 5244 pecuniam
3470 5158 3500 5209 e
3625 5185 3627 5246 ξ
