<?xml version="1.0" encoding="UTF-8"?>
<!DOCTYPE html PUBLIC "-//W3C//DTD XHTML 1.0 Transitional//EN"
    "http://www.w3.org/TR/xhtml1/DTD/xhtml1-transitional.dtd">
<html xmlns="http://www.w3.org/1999/xhtml" xml:lang="en" lang="en">
 <head>
  <title>
</title>
<meta http-equiv="Content-Type" content="text/html;charset=utf-8" />
  <meta name='ocr-system' content='tesseract 3.04.00' />
  <meta name='ocr-capabilities' content='ocr_page ocr_carea ocr_par ocr_line ocrx_word'/>
</head>
<body>
  <div class='ocr_page' id='page_1' title='image "./synaggtnattiknn01tlgoog_0359.png"; bbox 0 0 3725 5850; ppageno 0'>
   <div class='ocr_carea' id='block_1_1' title="bbox 1326 458 3010 547">
    <p class='ocr_par' dir='ltr' id='par_1_1' title="bbox 1326 458 3010 547">
     <span class='ocr_line' id='line_1_1' title="bbox 1326 458 3010 547; baseline -0.004 0"><span class='ocrx_word' id='word_1_1' title='bbox 1326 490 1427 547; x_wconf 73' lang='lat' dir='ltr'><strong>De</strong></span> <span class='ocrx_word' id='word_1_2' title='bbox 1460 458 1956 547; x_wconf 59' lang='lat' dir='ltr'><strong>somnumve:</strong></span> <span class='ocrx_word' id='word_1_3' title='bbox 2856 462 3010 543; x_wconf 89' lang='grc'><strong>333</strong></span> 
     </span>
    </p>
   </div>
   <div class='ocr_carea' id='block_1_2' title="bbox 198 672 3013 2311">
    <p class='ocr_par' dir='ltr' id='par_1_2' title="bbox 252 672 3013 1785">
     <span class='ocr_line' id='line_1_2' title="bbox 256 672 3006 785; baseline -0.002 -24"><span class='ocrx_word' id='word_1_4' title='bbox 256 688 373 761; x_wconf 72' lang='grc' dir='ltr'><strong>ἐπὶ</strong></span> <span class='ocrx_word' id='word_1_5' title='bbox 405 682 543 773; x_wconf 84' lang='grc' dir='ltr'><strong>τὸς</strong></span> <span class='ocrx_word' id='word_1_6' title='bbox 564 690 1061 783; x_wconf 80' lang='grc' dir='ltr'><em>ποιησαμένος</em></span> <span class='ocrx_word' id='word_1_7' title='bbox 1098 680 1241 774; x_wconf 80' lang='grc' dir='ltr'><strong>τήν</strong></span> <span class='ocrx_word' id='word_1_8' title='bbox 1276 685 1723 779; x_wconf 78' lang='grc' dir='ltr'><em>συμμαχίαν</em></span> <span class='ocrx_word' id='word_1_9' title='bbox 1753 672 1799 770; x_wconf 75' lang='grc' dir='ltr'>ἢ</span> <span class='ocrx_word' id='word_1_10' title='bbox 1834 675 2038 755; x_wconf 73' lang='grc' dir='ltr'><em>κατὰ</em></span> <span class='ocrx_word' id='word_1_11' title='bbox 2078 679 2228 785; x_wconf 78' lang='grc' dir='ltr'><strong>γῆν</strong></span> <span class='ocrx_word' id='word_1_12' title='bbox 2263 675 2310 771; x_wconf 76' lang='grc' dir='ltr'>ἢ</span> <span class='ocrx_word' id='word_1_13' title='bbox 2344 677 2547 757; x_wconf 76' lang='grc' dir='ltr'><em>κατὰ</em></span> <span class='ocrx_word' id='word_1_14' title='bbox 2589 677 3006 770; x_wconf 76' lang='grc' dir='ltr'><em>θάλατταν,</em></span> 
     </span>
     <span class='ocr_line' id='line_1_3' title="bbox 252 800 3008 911; baseline -0.001 -26"><span class='ocrx_word' id='word_1_15' title='bbox 252 812 589 911; x_wconf 77' lang='grc' dir='ltr'>βοηθεῖν</span> <span class='ocrx_word' id='word_1_16' title='bbox 634 807 1067 902; x_wconf 67' lang='grc' dir='ltr'><em>Ἀθηναίοις</em></span> <span class='ocrx_word' id='word_1_17' title='bbox 1119 812 1257 883; x_wconf 81' lang='grc' dir='ltr'><em>καί</em></span> <span class='ocrx_word' id='word_1_18' title='bbox 1311 802 1439 893; x_wconf 85' lang='grc' dir='ltr'><strong>τὸς</strong></span> <span class='ocrx_word' id='word_1_19' title='bbox 1498 800 1896 903; x_wconf 80' lang='grc' dir='ltr'><em>συμμάχος</em></span> <span class='ocrx_word' id='word_1_20' title='bbox 1934 803 2232 895; x_wconf 81' lang='grc' dir='ltr'><strong><em>τούτοις</em></strong></span> <span class='ocrx_word' id='word_1_21' title='bbox 2269 812 2406 883; x_wconf 74' lang='grc' dir='ltr'><em>καί</em></span> <span class='ocrx_word' id='word_1_22' title='bbox 2443 802 2646 881; x_wconf 75' lang='grc' dir='ltr'><em>κατὰ</em></span> <span class='ocrx_word' id='word_1_23' title='bbox 2687 806 2838 910; x_wconf 81' lang='grc' dir='ltr'><strong>γῆν</strong></span> <span class='ocrx_word' id='word_1_24' title='bbox 2871 810 3008 882; x_wconf 74' lang='grc' dir='ltr'><em>καί</em></span> 
     </span>
     <span class='ocr_line' id='line_1_4' title="bbox 256 926 3010 1027; baseline -0.002 -17"><span class='ocrx_word' id='word_1_25' title='bbox 256 932 459 1010; x_wconf 73' lang='grc' dir='ltr'><em>κατὰ</em></span> <span class='ocrx_word' id='word_1_26' title='bbox 510 934 908 1012; x_wconf 75' lang='grc' dir='ltr'><em>θάλατταν</em></span> <span class='ocrx_word' id='word_1_27' title='bbox 942 938 1166 1010; x_wconf 89' lang='grc' dir='ltr'><em>παντί</em></span> <span class='ocrx_word' id='word_1_28' title='bbox 1208 939 1463 1010; x_wconf 72' lang='grc' dir='ltr'><em>σθένει</em></span> <span class='ocrx_word' id='word_1_29' title='bbox 1501 926 1705 1006; x_wconf 70' lang='grc' dir='ltr'><em>κατὰ</em></span> <span class='ocrx_word' id='word_1_30' title='bbox 1764 926 1853 1007; x_wconf 84' lang='grc' dir='ltr'><strong>τὸ</strong></span> <span class='ocrx_word' id='word_1_31' title='bbox 1917 926 2273 1008; x_wconf 85' lang='grc' dir='ltr'><em>δυνατόν.</em></span> <span class='ocrx_word' id='word_1_32' title='bbox 2339 928 2536 1008; x_wconf 75' lang='grc' dir='ltr'><strong>Ἐάν</strong></span> <span class='ocrx_word' id='word_1_33' title='bbox 2573 929 2654 1007; x_wconf 83' lang='grc' dir='ltr'><strong>δέ</strong></span> <span class='ocrx_word' id='word_1_34' title='bbox 2684 961 2798 1017; x_wconf 85' lang='grc' dir='ltr'><strong>τις</strong></span> <span class='ocrx_word' id='word_1_35' title='bbox 2834 930 3010 1027; x_wconf 78' lang='grc' dir='ltr'><em>εἴπῃ</em></span> 
     </span>
     <span class='ocr_line' id='line_1_5' title="bbox 258 1049 3013 1161; baseline -0.002 -24"><span class='ocrx_word' id='word_1_36' title='bbox 258 1058 299 1152; x_wconf 75' lang='grc' dir='ltr'>ἢ</span> <span class='ocrx_word' id='word_1_37' title='bbox 336 1066 769 1161; x_wconf 81' lang='grc' dir='ltr'><strong><em>ἐπιψηφίσῃ</em></strong></span> <span class='ocrx_word' id='word_1_38' title='bbox 810 1056 858 1152; x_wconf 74' lang='grc' dir='ltr'><strong><em>ἢ</em></strong></span> <span class='ocrx_word' id='word_1_39' title='bbox 894 1053 1157 1159; x_wconf 71' lang='grc' dir='ltr'><em>ἅρχων</em></span> <span class='ocrx_word' id='word_1_40' title='bbox 1192 1053 1239 1152; x_wconf 73' lang='grc' dir='ltr'>ἢ</span> <span class='ocrx_word' id='word_1_41' title='bbox 1278 1055 1571 1148; x_wconf 80' lang='grc' dir='ltr'><strong><em>ἰδιώτης</em></strong></span> <span class='ocrx_word' id='word_1_42' title='bbox 1610 1052 1809 1156; x_wconf 70' lang='grc' dir='ltr'><em>παρὰ</em></span> <span class='ocrx_word' id='word_1_43' title='bbox 1850 1053 2021 1132; x_wconf 80' lang='grc' dir='ltr'><em>τόδε</em></span> <span class='ocrx_word' id='word_1_44' title='bbox 2058 1054 2146 1133; x_wconf 85' lang='grc' dir='ltr'><strong>τὸ</strong></span> <span class='ocrx_word' id='word_1_45' title='bbox 2203 1054 2603 1158; x_wconf 82' lang='grc' dir='ltr'><em>ψήφισμα,</em></span> <span class='ocrx_word' id='word_1_46' title='bbox 2662 1049 2761 1145; x_wconf 78' lang='grc' dir='ltr'><strong>ὦς</strong></span> <span class='ocrx_word' id='word_1_47' title='bbox 2796 1053 3013 1133; x_wconf 77' lang='grc' dir='ltr'><em>λύειν</em></span> 
     </span>
     <span class='ocr_line' id='line_1_6' title="bbox 254 1174 3008 1285; baseline -0.001 -24"><span class='ocrx_word' id='word_1_48' title='bbox 254 1217 324 1262; x_wconf 92' lang='grc' dir='ltr'><strong>τι</strong></span> <span class='ocrx_word' id='word_1_49' title='bbox 364 1184 492 1263; x_wconf 85' lang='grc' dir='ltr'><strong>δεῖ</strong></span> <span class='ocrx_word' id='word_1_50' title='bbox 522 1186 677 1263; x_wconf 75' lang='grc' dir='ltr'><strong>τῶν</strong></span> <span class='ocrx_word' id='word_1_51' title='bbox 713 1194 799 1263; x_wconf 77' lang='grc' dir='ltr'><strong>ἐν</strong></span> <span class='ocrx_word' id='word_1_52' title='bbox 833 1182 1025 1285; x_wconf 79' lang='grc' dir='ltr'><em>τῷδε</em></span> <span class='ocrx_word' id='word_1_53' title='bbox 1062 1184 1168 1285; x_wconf 74' lang='grc' dir='ltr'><strong>τῷ</strong></span> <span class='ocrx_word' id='word_1_54' title='bbox 1208 1186 1640 1285; x_wconf 81' lang='grc' dir='ltr'><em>ψηφίσματι</em></span> <span class='ocrx_word' id='word_1_55' title='bbox 1678 1186 2118 1281; x_wconf 74' lang='grc' dir='ltr'><em>εἰρημένων,</em></span> <span class='ocrx_word' id='word_1_56' title='bbox 2176 1174 2579 1282; x_wconf 72' lang='grc' dir='ltr'><strong><em>ὑπαρχέτω</em></strong></span> <span class='ocrx_word' id='word_1_57' title='bbox 2605 1182 2758 1281; x_wconf 78' lang='grc' dir='ltr'><strong>μὲν</strong></span> <span class='ocrx_word' id='word_1_58' title='bbox 2795 1180 3008 1285; x_wconf 74' lang='grc' dir='ltr'><em>αὐτῷ</em></span> 
     </span>
     <span class='ocr_line' id='line_1_7' title="bbox 256 1304 3003 1411; baseline 0 -26"><span class='ocrx_word' id='word_1_59' title='bbox 256 1307 517 1411; x_wconf 76' lang='grc' dir='ltr'><em>ἀτίμῳ</em></span> <span class='ocrx_word' id='word_1_60' title='bbox 554 1308 746 1388; x_wconf 83' lang='grc' dir='ltr'><em>εἶναι</em></span> <span class='ocrx_word' id='word_1_61' title='bbox 784 1316 921 1386; x_wconf 80' lang='grc' dir='ltr'><em>καί</em></span> <span class='ocrx_word' id='word_1_62' title='bbox 960 1306 1052 1384; x_wconf 78' lang='grc' dir='ltr'><strong>τοὶ</strong></span> <span class='ocrx_word' id='word_1_63' title='bbox 1082 1307 1443 1409; x_wconf 82' lang='grc' dir='ltr'><em>χρήματα</em></span> <span class='ocrx_word' id='word_1_64' title='bbox 1499 1304 1692 1383; x_wconf 85' lang='grc' dir='ltr'><em>αὐτό</em></span> <span class='ocrx_word' id='word_1_65' title='bbox 1754 1304 2072 1407; x_wconf 82' lang='grc' dir='ltr'><em>δημόσια</em></span> <span class='ocrx_word' id='word_1_66' title='bbox 2131 1310 2318 1383; x_wconf 73' lang='grc' dir='ltr'><em>ἔστω</em></span> <span class='ocrx_word' id='word_1_67' title='bbox 2374 1313 2511 1383; x_wconf 80' lang='grc' dir='ltr'><em>καί</em></span> <span class='ocrx_word' id='word_1_68' title='bbox 2565 1306 2694 1397; x_wconf 80' lang='grc' dir='ltr'><strong>τῆς</strong></span> <span class='ocrx_word' id='word_1_69' title='bbox 2734 1308 2875 1384; x_wconf 77' lang='grc' dir='ltr'><strong>θεὸ</strong></span> <span class='ocrx_word' id='word_1_70' title='bbox 2914 1304 3003 1386; x_wconf 84' lang='grc' dir='ltr'><strong>τὸ</strong></span> 
     </span>
     <span class='ocr_line' id='line_1_8' title="bbox 256 1426 3011 1535; baseline -0.002 -23"><span class='ocrx_word' id='word_1_71' title='bbox 256 1434 713 1513; x_wconf 77' lang='grc' dir='ltr'><strong><em>ἐπιδέκατον</em></strong></span> <span class='ocrx_word' id='word_1_72' title='bbox 748 1440 886 1511; x_wconf 82' lang='grc' dir='ltr'><em>καί</em></span> <span class='ocrx_word' id='word_1_73' title='bbox 938 1438 1322 1535; x_wconf 75' lang='grc' dir='ltr'><em>κρινέσθω</em></span> <span class='ocrx_word' id='word_1_74' title='bbox 1377 1440 1465 1511; x_wconf 77' lang='grc' dir='ltr'><strong>ἐν</strong></span> <span class='ocrx_word' id='word_1_75' title='bbox 1508 1429 1967 1524; x_wconf 74' lang='grc' dir='ltr'><em>Ἀθηναίοις</em></span> <span class='ocrx_word' id='word_1_76' title='bbox 2023 1438 2159 1508; x_wconf 80' lang='grc' dir='ltr'><em>καὶ</em></span> <span class='ocrx_word' id='word_1_77' title='bbox 2215 1443 2371 1521; x_wconf 82' lang='grc' dir='ltr'><em>τοῖς</em></span> <span class='ocrx_word' id='word_1_78' title='bbox 2428 1431 2854 1532; x_wconf 76' lang='grc' dir='ltr'><em>συμμάχοις</em></span> <span class='ocrx_word' id='word_1_79' title='bbox 2911 1426 3011 1519; x_wconf 77' lang='grc' dir='ltr'><strong>ὦς</strong></span> 
     </span>
     <span class='ocr_line' id='line_1_9' title="bbox 258 1553 3008 1662; baseline -0.001 -27"><span class='ocrx_word' id='word_1_80' title='bbox 258 1558 595 1639; x_wconf 82' lang='grc' dir='ltr'><em>διαλύων</em></span> <span class='ocrx_word' id='word_1_81' title='bbox 630 1558 769 1651; x_wconf 86' lang='grc' dir='ltr'><strong>τὴν</strong></span> <span class='ocrx_word' id='word_1_82' title='bbox 808 1563 1280 1660; x_wconf 82' lang='grc' dir='ltr'><em>συμμαχίαν.</em></span> <span class='ocrx_word' id='word_1_83' title='bbox 1358 1557 1808 1658; x_wconf 85' lang='grc' dir='ltr'><em>Ζημιόντων</em></span> <span class='ocrx_word' id='word_1_84' title='bbox 1863 1556 1941 1633; x_wconf 81' lang='grc' dir='ltr'><strong>δὲ</strong></span> <span class='ocrx_word' id='word_1_85' title='bbox 1998 1555 2244 1635; x_wconf 84' lang='grc' dir='ltr'><em>αὐτὸν</em></span> <span class='ocrx_word' id='word_1_86' title='bbox 2305 1556 2625 1659; x_wconf 78' lang='grc' dir='ltr'><strong>θανάτῳ</strong></span> <span class='ocrx_word' id='word_1_87' title='bbox 2664 1553 2709 1649; x_wconf 79' lang='grc' dir='ltr'>ἢ</span> <span class='ocrx_word' id='word_1_88' title='bbox 2751 1558 3008 1662; x_wconf 78' lang='grc' dir='ltr'><em>φυγῇ,</em></span> 
     </span>
     <span class='ocr_line' id='line_1_10' title="bbox 257 1680 3003 1785; baseline -0 -24"><span class='ocrx_word' id='word_1_89' title='bbox 257 1682 461 1763; x_wconf 80' lang='grc' dir='ltr'><em>ὅπου</em></span> <span class='ocrx_word' id='word_1_90' title='bbox 506 1683 923 1779; x_wconf 74' lang='grc' dir='ltr'><em>Ἀθηναῖοι</em></span> <span class='ocrx_word' id='word_1_91' title='bbox 957 1691 1095 1759; x_wconf 81' lang='grc' dir='ltr'><em>καί</em></span> <span class='ocrx_word' id='word_1_92' title='bbox 1135 1688 1208 1760; x_wconf 80' lang='grc' dir='ltr'><strong>οἱ</strong></span> <span class='ocrx_word' id='word_1_93' title='bbox 1251 1682 1646 1783; x_wconf 86' lang='grc' dir='ltr'><em>σύμμαχοι</em></span> <span class='ocrx_word' id='word_1_94' title='bbox 1682 1680 2074 1783; x_wconf 78' lang='grc' dir='ltr'><em>κρατόσιν.</em></span> <span class='ocrx_word' id='word_1_95' title='bbox 2143 1681 2339 1759; x_wconf 75' lang='grc' dir='ltr'><strong>Ἐάν</strong></span> <span class='ocrx_word' id='word_1_96' title='bbox 2396 1681 2472 1759; x_wconf 81' lang='grc' dir='ltr'><strong>δὲ</strong></span> <span class='ocrx_word' id='word_1_97' title='bbox 2527 1684 2845 1785; x_wconf 74' lang='grc' dir='ltr'><em>θανάτῳ</em></span> <span class='ocrx_word' id='word_1_98' title='bbox 2882 1715 3003 1760; x_wconf 89' lang='grc' dir='ltr'><strong>τι-</strong></span> 
     </span>
    </p>

    <p class='ocr_par' dir='ltr' id='par_1_3' title="bbox 198 1807 2792 1912">
     <span class='ocr_line' id='line_1_11' title="bbox 198 1807 2792 1912; baseline -0 -21"><span class='ocrx_word' id='word_1_99' title='bbox 198 1866 213 1877; x_wconf 86' lang='grc'>-</span> <span class='ocrx_word' id='word_1_100' title='bbox 249 1810 515 1911; x_wconf 78' lang='grc' dir='ltr'><em>μηθῇ,</em></span> <span class='ocrx_word' id='word_1_101' title='bbox 564 1810 671 1912; x_wconf 80' lang='grc' dir='ltr'><strong>μὴ</strong></span> <span class='ocrx_word' id='word_1_102' title='bbox 712 1808 1021 1908; x_wconf 79' lang='grc' dir='ltr'><em>ταφήτω</em></span> <span class='ocrx_word' id='word_1_103' title='bbox 1058 1818 1143 1887; x_wconf 78' lang='grc' dir='ltr'><strong>ἐν</strong></span> <span class='ocrx_word' id='word_1_104' title='bbox 1178 1808 1271 1908; x_wconf 83' lang='grc' dir='ltr'><strong>τῇ</strong></span> <span class='ocrx_word' id='word_1_105' title='bbox 1318 1808 1646 1907; x_wconf 80' lang='grc' dir='ltr'><em>Ἀττικῇ</em></span> <span class='ocrx_word' id='word_1_106' title='bbox 1671 1807 1859 1909; x_wconf 85' lang='grc' dir='ltr'><em>μηδὲ</em></span> <span class='ocrx_word' id='word_1_107' title='bbox 1901 1817 1987 1886; x_wconf 79' lang='grc' dir='ltr'><strong>ἐν</strong></span> <span class='ocrx_word' id='word_1_108' title='bbox 2023 1808 2117 1908; x_wconf 83' lang='grc' dir='ltr'><strong>τῇ</strong></span> <span class='ocrx_word' id='word_1_109' title='bbox 2153 1808 2309 1889; x_wconf 74' lang='grc' dir='ltr'><strong>τῶν</strong></span> <span class='ocrx_word' id='word_1_110' title='bbox 2346 1808 2792 1910; x_wconf 83' lang='grc' dir='ltr'><em>συμμάχων.</em></span> 
     </span>
    </p>

    <p class='ocr_par' dir='ltr' id='par_1_4' title="bbox 474 1950 2801 2055">
     <span class='ocr_line' id='line_1_12' title="bbox 474 1950 2801 2055; baseline -0 -25"><span class='ocrx_word' id='word_1_111' title='bbox 474 1953 1135 2055; x_wconf 80' lang='grc' dir='ltr'><em>(Ἐπιπραφαὶ</em></span> <span class='ocrx_word' id='word_1_112' title='bbox 1228 1950 1785 2031; x_wconf 79' lang='grc' dir='ltr'><strong>ἀνέκδοτοι</strong></span> <span class='ocrx_word' id='word_1_113' title='bbox 1888 1950 2801 2050; x_wconf 75' lang='grc' dir='ltr'><em>ἀνακαλυφθεῖσαι</em></span> 
     </span>
    </p>

    <p class='ocr_par' dir='ltr' id='par_1_5' title="bbox 474 2072 2798 2184">
     <span class='ocr_line' id='line_1_13' title="bbox 474 2072 2798 2184; baseline -0 -28"><span class='ocrx_word' id='word_1_114' title='bbox 474 2087 647 2157; x_wconf 79' lang='grc' dir='ltr'><em>καὶ</em></span> <span class='ocrx_word' id='word_1_115' title='bbox 721 2078 1323 2158; x_wconf 77' lang='grc' dir='ltr'><em>ἐκδοθεῖσαι</em></span> <span class='ocrx_word' id='word_1_116' title='bbox 1398 2072 1591 2156; x_wconf 75' lang='grc' dir='ltr'><strong>ὕπὸ</strong></span> <span class='ocrx_word' id='word_1_117' title='bbox 1686 2079 1866 2155; x_wconf 80' lang='grc' dir='ltr'><strong>τοῦ</strong></span> <span class='ocrx_word' id='word_1_118' title='bbox 1961 2076 2798 2184; x_wconf 78' lang='grc' dir='ltr'><em>ἀρχαιολογικοῠ</em></span> 
     </span>
    </p>

    <p class='ocr_par' dir='ltr' id='par_1_6' title="bbox 480 2201 2796 2311">
     <span class='ocr_line' id='line_1_14' title="bbox 480 2201 2796 2311; baseline -0.001 -29"><span class='ocrx_word' id='word_1_119' title='bbox 480 2212 645 2282; x_wconf 85' lang='grc' dir='ltr'><strong>συλ</strong></span> <span class='ocrx_word' id='word_1_120' title='bbox 668 2205 903 2311; x_wconf 81' lang='grc' dir='ltr'><strong>λὸγο</strong></span> <span class='ocrx_word' id='word_1_121' title='bbox 926 2236 993 2286; x_wconf 92' lang='grc' dir='ltr'><strong>υ.</strong></span> <span class='ocrx_word' id='word_1_122' title='bbox 1076 2203 1519 2282; x_wconf 76' lang='grc' dir='ltr'><em>Φυλλάδιον</em></span> <span class='ocrx_word' id='word_1_123' title='bbox 1591 2202 1965 2304; x_wconf 78' lang='grc' dir='ltr'><em>δεύτερον.</em></span> <span class='ocrx_word' id='word_1_124' title='bbox 2062 2201 2497 2303; x_wconf 80' lang='grc' dir='ltr'><em>Ἀθήνῃσιν</em></span> <span class='ocrx_word' id='word_1_125' title='bbox 2577 2208 2796 2282; x_wconf 84' lang='grc'><strong>1852.</strong></span> 
     </span>
    </p>
   </div>
   <div class='ocr_carea' id='block_1_3' title="bbox 158 2336 3018 5325">
    <p class='ocr_par' dir='ltr' id='par_1_7' title="bbox 479 2336 1757 2518">
     <span class='ocr_line' id='line_1_15' title="bbox 479 2336 1405 2439; baseline -0.001 -26"><span class='ocrx_word' id='word_1_126' title='bbox 479 2360 645 2439; x_wconf 86' lang='lat' dir='ltr'><strong>pag.</strong></span> <span class='ocrx_word' id='word_1_127' title='bbox 686 2336 963 2429; x_wconf 87' lang='grc'>3-4.)</span> <span class='ocrx_word' id='word_1_128' title='bbox 1394 2375 1405 2389; x_wconf 88' lang='grc'><em>·</em></span> 
     </span>
     <span class='ocr_line' id='line_1_16' title="bbox 1532 2441 1757 2518; baseline 0.013 -3"><span class='ocrx_word' id='word_1_129' title='bbox 1532 2441 1757 2518; x_wconf 82' lang='lat'><strong>1295.</strong></span> 
     </span>
    </p>

    <p class='ocr_par' dir='ltr' id='par_1_8' title="bbox 158 2584 3018 5325">
     <span class='ocr_line' id='line_1_17' title="bbox 479 2584 3012 2688; baseline -0.002 -24"><span class='ocrx_word' id='word_1_130' title='bbox 479 2586 554 2665; x_wconf 89' lang='lat' dir='ltr'><strong>Si</strong></span> <span class='ocrx_word' id='word_1_131' title='bbox 611 2588 772 2688; x_wconf 87' lang='lat' dir='ltr'><strong>quis</strong></span> <span class='ocrx_word' id='word_1_132' title='bbox 831 2584 1293 2663; x_wconf 78' lang='lat' dir='ltr'><strong>Graecorum</strong></span> <span class='ocrx_word' id='word_1_133' title='bbox 1350 2585 1471 2661; x_wconf 89' lang='lat' dir='ltr'><strong>vel</strong></span> <span class='ocrx_word' id='word_1_134' title='bbox 1526 2586 2010 2662; x_wconf 87' lang='lat' dir='ltr'><strong>barbarorum</strong></span> <span class='ocrx_word' id='word_1_135' title='bbox 2066 2586 2142 2661; x_wconf 90' lang='lat' dir='ltr'><strong>in</strong></span> <span class='ocrx_word' id='word_1_136' title='bbox 2193 2587 2420 2687; x_wconf 89' lang='lat' dir='ltr'>Epiro</span> <span class='ocrx_word' id='word_1_137' title='bbox 2478 2584 3012 2667; x_wconf 79' lang='lat' dir='ltr'><strong>habitantium.</strong></span> 
     </span>
     <span class='ocr_line' id='line_1_18' title="bbox 259 2708 3012 2789; baseline -0 -3"><span class='ocrx_word' id='word_1_138' title='bbox 259 2712 377 2789; x_wconf 90' lang='lat' dir='ltr'><strong>vel</strong></span> <span class='ocrx_word' id='word_1_139' title='bbox 413 2712 931 2788; x_wconf 86' lang='lat' dir='ltr'><strong>insulanorum</strong></span> <span class='ocrx_word' id='word_1_140' title='bbox 986 2711 1305 2787; x_wconf 86' lang='lat' dir='ltr'><strong>voluerit</strong></span> <span class='ocrx_word' id='word_1_141' title='bbox 1362 2708 1946 2786; x_wconf 84' lang='lat' dir='ltr'><strong>Atheniensibus</strong></span> <span class='ocrx_word' id='word_1_142' title='bbox 2003 2722 2077 2785; x_wconf 92' lang='lat' dir='ltr'><strong>et</strong></span> <span class='ocrx_word' id='word_1_143' title='bbox 2135 2736 2388 2785; x_wconf 93' lang='lat' dir='ltr'><strong>eorum</strong></span> <span class='ocrx_word' id='word_1_144' title='bbox 2441 2711 2660 2787; x_wconf 90' lang='lat' dir='ltr'><strong>sociis</strong></span> <span class='ocrx_word' id='word_1_145' title='bbox 2715 2708 3012 2787; x_wconf 89' lang='lat' dir='ltr'><strong>foedere</strong></span> 
     </span>
     <span class='ocr_line' id='line_1_19' title="bbox 252 2833 3014 2938; baseline -0.001 -26"><span class='ocrx_word' id='word_1_146' title='bbox 252 2837 508 2938; x_wconf 88' lang='lat' dir='ltr'><strong>jungi,</strong></span> <span class='ocrx_word' id='word_1_147' title='bbox 566 2838 847 2914; x_wconf 90' lang='lat' dir='ltr'><strong>licitum</strong></span> <span class='ocrx_word' id='word_1_148' title='bbox 904 2846 1063 2911; x_wconf 88' lang='lat' dir='ltr'><strong>esto</strong></span> <span class='ocrx_word' id='word_1_149' title='bbox 1121 2835 1229 2931; x_wconf 87' lang='lat' dir='ltr'><strong>ei,</strong></span> <span class='ocrx_word' id='word_1_150' title='bbox 1284 2845 1607 2910; x_wconf 84' lang='lat' dir='ltr'><strong>retenta.</strong></span> <span class='ocrx_word' id='word_1_151' title='bbox 1631 2858 1763 2910; x_wconf 87' lang='lat' dir='ltr'><strong>sua</strong></span> <span class='ocrx_word' id='word_1_152' title='bbox 1818 2833 2203 2930; x_wconf 85' lang='lat' dir='ltr'><strong>libertate,</strong></span> <span class='ocrx_word' id='word_1_153' title='bbox 2263 2836 2412 2911; x_wconf 88' lang='lat' dir='ltr'><strong>suis</strong></span> <span class='ocrx_word' id='word_1_154' title='bbox 2440 2834 2734 2936; x_wconf 90' lang='lat' dir='ltr'><strong>juribus</strong></span> <span class='ocrx_word' id='word_1_155' title='bbox 2775 2846 2848 2909; x_wconf 90' lang='lat' dir='ltr'><strong>et</strong></span> <span class='ocrx_word' id='word_1_156' title='bbox 2883 2834 3014 2911; x_wconf 84' lang='lat' dir='ltr'><strong>illa</strong></span> 
     </span>
     <span class='ocr_line' id='line_1_20' title="bbox 262 2959 3016 3065; baseline -0.001 -27"><span class='ocrx_word' id='word_1_157' title='bbox 262 2963 714 3065; x_wconf 88' lang='lat' dir='ltr'><strong>reipublicae</strong></span> <span class='ocrx_word' id='word_1_158' title='bbox 753 2963 1025 3056; x_wconf 88' lang='lat' dir='ltr'><strong>forma,</strong></span> <span class='ocrx_word' id='word_1_159' title='bbox 1085 2985 1306 3062; x_wconf 88' lang='lat' dir='ltr'><strong>quam</strong></span> <span class='ocrx_word' id='word_1_160' title='bbox 1344 2959 1703 3055; x_wconf 87' lang='lat' dir='ltr'><strong>voluerit,</strong></span> <span class='ocrx_word' id='word_1_161' title='bbox 1762 2961 1940 3059; x_wconf 91' lang='lat' dir='ltr'><strong>quin</strong></span> <span class='ocrx_word' id='word_1_162' title='bbox 1976 2971 2335 3062; x_wconf 86' lang='lat' dir='ltr'><strong>prytanes</strong></span> <span class='ocrx_word' id='word_1_163' title='bbox 2375 2972 2501 3035; x_wconf 88' lang='lat' dir='ltr'><strong>aut</strong></span> <span class='ocrx_word' id='word_1_164' title='bbox 2539 2961 3016 3060; x_wconf 78' lang='lat' dir='ltr'><strong>magistratus</strong></span> 
     </span>
     <span class='ocr_line' id='line_1_21' title="bbox 266 3083 3016 3191; baseline -0.001 -29"><span class='ocrx_word' id='word_1_165' title='bbox 266 3089 620 3191; x_wconf 87' lang='lat' dir='ltr'><strong>suscipiat</strong></span> <span class='ocrx_word' id='word_1_166' title='bbox 655 3088 776 3165; x_wconf 89' lang='lat' dir='ltr'><strong>vel</strong></span> <span class='ocrx_word' id='word_1_167' title='bbox 814 3089 1168 3164; x_wconf 90' lang='lat' dir='ltr'><strong>tributum</strong></span> <span class='ocrx_word' id='word_1_168' title='bbox 1207 3085 1528 3187; x_wconf 84' lang='lat' dir='ltr'><strong>pendat,</strong></span> <span class='ocrx_word' id='word_1_169' title='bbox 1584 3083 1847 3162; x_wconf 89' lang='lat' dir='ltr'><strong>iisdem</strong></span> <span class='ocrx_word' id='word_1_170' title='bbox 1893 3084 2484 3179; x_wconf 82' lang='lat' dir='ltr'><strong>conditionibuS,</strong></span> <span class='ocrx_word' id='word_1_171' title='bbox 2543 3085 2810 3187; x_wconf 84' lang='lat' dir='ltr'><strong>quibus</strong></span> <span class='ocrx_word' id='word_1_172' title='bbox 2849 3083 3016 3160; x_wconf 81' lang='lat' dir='ltr'><strong>Chii</strong></span> 
     </span>
     <span class='ocr_line' id='line_1_22' title="bbox 268 3209 3009 3312; baseline -0 -26"><span class='ocrx_word' id='word_1_173' title='bbox 268 3222 338 3287; x_wconf 91' lang='lat' dir='ltr'><strong>et</strong></span> <span class='ocrx_word' id='word_1_174' title='bbox 370 3213 717 3290; x_wconf 90' lang='lat' dir='ltr'><strong>Thebani</strong></span> <span class='ocrx_word' id='word_1_175' title='bbox 756 3224 831 3288; x_wconf 90' lang='lat' dir='ltr'><strong>et</strong></span> <span class='ocrx_word' id='word_1_176' title='bbox 867 3211 988 3289; x_wconf 88' lang='lat' dir='ltr'><strong>alii</strong></span> <span class='ocrx_word' id='word_1_177' title='bbox 1026 3212 1202 3287; x_wconf 91' lang='lat' dir='ltr'><strong>socii</strong></span> <span class='ocrx_word' id='word_1_178' title='bbox 1234 3222 1409 3288; x_wconf 86' lang='lat' dir='ltr'><strong>sunt</strong></span> <span class='ocrx_word' id='word_1_179' title='bbox 1447 3210 1747 3287; x_wconf 87' lang='lat' dir='ltr'><strong>foedere</strong></span> <span class='ocrx_word' id='word_1_180' title='bbox 1774 3211 2038 3312; x_wconf 89' lang='lat' dir='ltr'><strong>juncti.</strong></span> <span class='ocrx_word' id='word_1_181' title='bbox 2115 3211 2312 3306; x_wconf 87' lang='lat' dir='ltr'><strong>Illis,</strong></span> <span class='ocrx_word' id='word_1_182' title='bbox 2372 3212 2496 3310; x_wconf 92' lang='lat' dir='ltr'><strong>qui</strong></span> <span class='ocrx_word' id='word_1_183' title='bbox 2535 3209 3009 3287; x_wconf 84' lang='lat' dir='ltr'><strong>Atheniensi-</strong></span> 
     </span>
     <span class='ocr_line' id='line_1_23' title="bbox 266 3335 3009 3437; baseline 0 -25"><span class='ocrx_word' id='word_1_184' title='bbox 266 3337 399 3414; x_wconf 89' lang='lat' dir='ltr'><strong>bus</strong></span> <span class='ocrx_word' id='word_1_185' title='bbox 438 3350 514 3413; x_wconf 90' lang='lat' dir='ltr'><strong>et</strong></span> <span class='ocrx_word' id='word_1_186' title='bbox 552 3363 805 3414; x_wconf 90' lang='lat' dir='ltr'><strong>eorum</strong></span> <span class='ocrx_word' id='word_1_187' title='bbox 842 3338 1060 3415; x_wconf 91' lang='lat' dir='ltr'><strong>sociis</strong></span> <span class='ocrx_word' id='word_1_188' title='bbox 1097 3336 1392 3414; x_wconf 89' lang='lat' dir='ltr'><strong>foedere</strong></span> <span class='ocrx_word' id='word_1_189' title='bbox 1431 3337 1672 3436; x_wconf 87' lang='lat' dir='ltr'><strong>juncti</strong></span> <span class='ocrx_word' id='word_1_190' title='bbox 1727 3335 2040 3431; x_wconf 86' lang='lat' dir='ltr'><strong>fuerint,</strong></span> <span class='ocrx_word' id='word_1_191' title='bbox 2097 3335 2422 3436; x_wconf 88' lang='lat' dir='ltr'><strong>populus</strong></span> <span class='ocrx_word' id='word_1_192' title='bbox 2459 3335 2682 3412; x_wconf 84' lang='lat' dir='ltr'><strong>tradit</strong></span> <span class='ocrx_word' id='word_1_193' title='bbox 2719 3359 3009 3437; x_wconf 88' lang='lat' dir='ltr'><strong>posses-</strong></span> 
     </span>
     <span class='ocr_line' id='line_1_24' title="bbox 266 3447 3016 3563; baseline -0.001 -24"><span class='ocrx_word' id='word_1_194' title='bbox 266 3464 507 3539; x_wconf 86' lang='lat' dir='ltr'><strong>siones</strong></span> <span class='ocrx_word' id='word_1_195' title='bbox 534 3519 552 3556; x_wconf 92' lang='lat'>‚</span> <span class='ocrx_word' id='word_1_196' title='bbox 611 3463 876 3563; x_wconf 87' lang='lat' dir='ltr'><strong>quibus</strong></span> <span class='ocrx_word' id='word_1_197' title='bbox 935 3460 1424 3538; x_wconf 83' lang='lat' dir='ltr'><strong>Athenienses</strong></span> <span class='ocrx_word' id='word_1_198' title='bbox 1479 3461 1557 3536; x_wconf 89' lang='lat' dir='ltr'><strong>in</strong></span> <span class='ocrx_word' id='word_1_199' title='bbox 1612 3460 1920 3560; x_wconf 86' lang='lat' dir='ltr'><strong>regione</strong></span> <span class='ocrx_word' id='word_1_200' title='bbox 1977 3447 2234 3537; x_wconf 89' lang='lat' dir='ltr'><strong>eorum</strong></span> <span class='ocrx_word' id='word_1_201' title='bbox 2281 3460 2438 3536; x_wconf 86' lang='lat' dir='ltr'><strong>sive</strong></span> <span class='ocrx_word' id='word_1_202' title='bbox 2475 3461 2823 3562; x_wconf 87' lang='lat' dir='ltr'><strong>privatim</strong></span> <span class='ocrx_word' id='word_1_203' title='bbox 2859 3463 3016 3538; x_wconf 88' lang='lat' dir='ltr'><strong>sive</strong></span> 
     </span>
     <span class='ocr_line' id='line_1_25' title="bbox 268 3586 3016 3688; baseline -0.001 -23"><span class='ocrx_word' id='word_1_204' title='bbox 268 3588 565 3688; x_wconf 89' lang='lat' dir='ltr'><strong>publice</strong></span> <span class='ocrx_word' id='word_1_205' title='bbox 603 3588 1009 3688; x_wconf 86' lang='lat' dir='ltr'><strong>potiuntur.</strong></span> <span class='ocrx_word' id='word_1_206' title='bbox 1076 3587 1261 3665; x_wconf 91' lang='lat' dir='ltr'><strong>Inde</strong></span> <span class='ocrx_word' id='word_1_207' title='bbox 1300 3613 1344 3663; x_wconf 90' lang='lat' dir='ltr'><strong>a</strong></span> <span class='ocrx_word' id='word_1_208' title='bbox 1382 3587 1454 3663; x_wconf 91' lang='lat' dir='ltr'>N</span> <span class='ocrx_word' id='word_1_209' title='bbox 1456 3587 1779 3662; x_wconf 86' lang='lat' dir='ltr'><strong>ausinico</strong></span> <span class='ocrx_word' id='word_1_210' title='bbox 1818 3586 2174 3662; x_wconf 80' lang='lat' dir='ltr'><strong>archonte</strong></span> <span class='ocrx_word' id='word_1_211' title='bbox 2212 3598 2462 3663; x_wconf 87' lang='lat' dir='ltr'><strong>autem</strong></span> <span class='ocrx_word' id='word_1_212' title='bbox 2497 3612 2592 3664; x_wconf 92' lang='lat' dir='ltr'><strong>ne</strong></span> <span class='ocrx_word' id='word_1_213' title='bbox 2629 3587 2848 3664; x_wconf 87' lang='lat' dir='ltr'><strong>liceat</strong></span> <span class='ocrx_word' id='word_1_214' title='bbox 2885 3587 3016 3663; x_wconf 86' lang='lat' dir='ltr'><strong>ulli</strong></span> 
     </span>
     <span class='ocr_line' id='line_1_26' title="bbox 268 3709 3010 3813; baseline 0 -25"><span class='ocrx_word' id='word_1_215' title='bbox 268 3709 837 3790; x_wconf 85' lang='lat' dir='ltr'><strong>Atheniensium</strong></span> <span class='ocrx_word' id='word_1_216' title='bbox 892 3713 1045 3787; x_wconf 86' lang='lat' dir='ltr'><strong>sive</strong></span> <span class='ocrx_word' id='word_1_217' title='bbox 1104 3711 1452 3813; x_wconf 88' lang='lat' dir='ltr'><strong>privatim</strong></span> <span class='ocrx_word' id='word_1_218' title='bbox 1507 3711 1664 3786; x_wconf 88' lang='lat' dir='ltr'><strong>sive</strong></span> <span class='ocrx_word' id='word_1_219' title='bbox 1721 3711 2020 3811; x_wconf 91' lang='lat' dir='ltr'><strong>publice</strong></span> <span class='ocrx_word' id='word_1_220' title='bbox 2075 3711 2154 3787; x_wconf 89' lang='lat' dir='ltr'><strong>in</strong></span> <span class='ocrx_word' id='word_1_221' title='bbox 2213 3713 2580 3788; x_wconf 90' lang='lat' dir='ltr'><strong>sociorum</strong></span> <span class='ocrx_word' id='word_1_222' title='bbox 2627 3712 2840 3790; x_wconf 90' lang='lat' dir='ltr'><strong>terris</strong></span> <span class='ocrx_word' id='word_1_223' title='bbox 2879 3711 3010 3790; x_wconf 86' lang='lat' dir='ltr'><strong>do-</strong></span> 
     </span>
     <span class='ocr_line' id='line_1_27' title="bbox 267 3836 3009 3939; baseline 0 -25"><span class='ocrx_word' id='word_1_224' title='bbox 267 3865 467 3914; x_wconf 91' lang='lat' dir='ltr'><strong>mum</strong></span> <span class='ocrx_word' id='word_1_225' title='bbox 502 3837 625 3913; x_wconf 87' lang='lat' dir='ltr'><strong>vel</strong></span> <span class='ocrx_word' id='word_1_226' title='bbox 663 3837 970 3914; x_wconf 86' lang='lat' dir='ltr'><strong>fundum</strong></span> <span class='ocrx_word' id='word_1_227' title='bbox 1008 3836 1389 3939; x_wconf 88' lang='lat' dir='ltr'><strong>possidere</strong></span> <span class='ocrx_word' id='word_1_228' title='bbox 1427 3861 1669 3937; x_wconf 90' lang='lat' dir='ltr'><strong>neque</strong></span> <span class='ocrx_word' id='word_1_229' title='bbox 1708 3836 2056 3932; x_wconf 89' lang='lat' dir='ltr'><strong>emendo,</strong></span> <span class='ocrx_word' id='word_1_230' title='bbox 2116 3862 2355 3938; x_wconf 88' lang='lat' dir='ltr'><strong>neque</strong></span> <span class='ocrx_word' id='word_1_231' title='bbox 2393 3838 2471 3912; x_wconf 93' lang='lat' dir='ltr'><strong>in</strong></span> <span class='ocrx_word' id='word_1_232' title='bbox 2509 3841 2784 3939; x_wconf 89' lang='lat' dir='ltr'><strong>pignus</strong></span> <span class='ocrx_word' id='word_1_233' title='bbox 2821 3839 3009 3914; x_wconf 88' lang='lat' dir='ltr'><strong>acci-</strong></span> 
     </span>
     <span class='ocr_line' id='line_1_28' title="bbox 266 3961 3013 4064; baseline 0 -24"><span class='ocrx_word' id='word_1_234' title='bbox 266 3963 577 4062; x_wconf 89' lang='lat' dir='ltr'><strong>piend0‚</strong></span> <span class='ocrx_word' id='word_1_235' title='bbox 634 3987 874 4064; x_wconf 89' lang='lat' dir='ltr'><strong>neque</strong></span> <span class='ocrx_word' id='word_1_236' title='bbox 930 3963 1077 4038; x_wconf 88' lang='lat' dir='ltr'><strong>alio</strong></span> <span class='ocrx_word' id='word_1_237' title='bbox 1134 3962 1377 4039; x_wconf 84' lang='lat' dir='ltr'><strong>modo.</strong></span> <span class='ocrx_word' id='word_1_238' title='bbox 1454 3961 1532 4039; x_wconf 88' lang='lat' dir='ltr'><strong>Si</strong></span> <span class='ocrx_word' id='word_1_239' title='bbox 1590 3989 1769 4040; x_wconf 87' lang='lat' dir='ltr'><strong>vero</strong></span> <span class='ocrx_word' id='word_1_240' title='bbox 1820 3963 1986 4063; x_wconf 89' lang='lat' dir='ltr'><strong>quis</strong></span> <span class='ocrx_word' id='word_1_241' title='bbox 2027 3963 2322 4060; x_wconf 90' lang='lat' dir='ltr'><strong>emerit,</strong></span> <span class='ocrx_word' id='word_1_242' title='bbox 2383 3965 2508 4041; x_wconf 89' lang='lat' dir='ltr'><strong>vel</strong></span> <span class='ocrx_word' id='word_1_243' title='bbox 2545 3963 3013 4063; x_wconf 86' lang='lat' dir='ltr'><strong>acquisiverit</strong></span> 
     </span>
     <span class='ocr_line' id='line_1_29' title="bbox 268 4087 3011 4191; baseline 0.001 -29"><span class='ocrx_word' id='word_1_244' title='bbox 268 4091 385 4167; x_wconf 88' lang='lat' dir='ltr'><strong>vel</strong></span> <span class='ocrx_word' id='word_1_245' title='bbox 419 4091 500 4164; x_wconf 90' lang='lat' dir='ltr'><strong>in</strong></span> <span class='ocrx_word' id='word_1_246' title='bbox 536 4087 809 4191; x_wconf 89' lang='lat' dir='ltr'><strong>pignus</strong></span> <span class='ocrx_word' id='word_1_247' title='bbox 846 4089 1223 4191; x_wconf 86' lang='lat' dir='ltr'><strong>acceperit</strong></span> <span class='ocrx_word' id='word_1_248' title='bbox 1258 4113 1697 4190; x_wconf 90' lang='lat' dir='ltr'><strong>quocunque</strong></span> <span class='ocrx_word' id='word_1_249' title='bbox 1736 4088 1999 4185; x_wconf 91' lang='lat' dir='ltr'><strong>mod0‚</strong></span> <span class='ocrx_word' id='word_1_250' title='bbox 2039 4088 2260 4166; x_wconf 92' lang='lat' dir='ltr'><strong>liceat</strong></span> <span class='ocrx_word' id='word_1_251' title='bbox 2303 4089 2607 4166; x_wconf 83' lang='lat' dir='ltr'><strong>cuilibet</strong></span> <span class='ocrx_word' id='word_1_252' title='bbox 2643 4090 3011 4167; x_wconf 87' lang='lat' dir='ltr'><strong>sociorum</strong></span> 
     </span>
     <span class='ocr_line' id='line_1_30' title="bbox 271 4211 3018 4314; baseline 0.001 -25"><span class='ocrx_word' id='word_1_253' title='bbox 271 4241 435 4292; x_wconf 87' lang='lat' dir='ltr'><strong>eum</strong></span> <span class='ocrx_word' id='word_1_254' title='bbox 474 4214 757 4291; x_wconf 87' lang='lat' dir='ltr'><strong>deferre</strong></span> <span class='ocrx_word' id='word_1_255' title='bbox 795 4211 994 4314; x_wconf 86' lang='lat' dir='ltr'><strong>apud</strong></span> <span class='ocrx_word' id='word_1_256' title='bbox 1033 4238 1442 4290; x_wconf 84' lang='lat' dir='ltr'><strong>assessores</strong></span> <span class='ocrx_word' id='word_1_257' title='bbox 1479 4212 2070 4311; x_wconf 80' lang='lat' dir='ltr'><strong>foederatorum3</strong></span> <span class='ocrx_word' id='word_1_258' title='bbox 2109 4239 2514 4292; x_wconf 87' lang='lat' dir='ltr'><strong>assessores</strong></span> <span class='ocrx_word' id='word_1_259' title='bbox 2553 4227 2803 4292; x_wconf 87' lang='lat' dir='ltr'><strong>autem</strong></span> <span class='ocrx_word' id='word_1_260' title='bbox 2839 4213 3018 4292; x_wconf 86' lang='lat' dir='ltr'><strong>dent</strong></span> 
     </span>
     <span class='ocr_line' id='line_1_31' title="bbox 271 4331 3016 4443; baseline 0.001 -28"><span class='ocrx_word' id='word_1_261' title='bbox 271 4337 650 4417; x_wconf 88' lang='lat' dir='ltr'><strong>dimidium</strong></span> <span class='ocrx_word' id='word_1_262' title='bbox 688 4338 1027 4434; x_wconf 86' lang='lat' dir='ltr'><strong>delatori,</strong></span> <span class='ocrx_word' id='word_1_263' title='bbox 1086 4347 1160 4414; x_wconf 92' lang='lat' dir='ltr'><strong>et</strong></span> <span class='ocrx_word' id='word_1_264' title='bbox 1196 4331 1396 4415; x_wconf 80' lang='lat' dir='ltr'><strong>aliud</strong></span> <span class='ocrx_word' id='word_1_265' title='bbox 1435 4336 1819 4416; x_wconf 87' lang='lat' dir='ltr'><strong>dimidium</strong></span> <span class='ocrx_word' id='word_1_266' title='bbox 1856 4340 1952 4415; x_wconf 90' lang='lat' dir='ltr'><strong>sit</strong></span> <span class='ocrx_word' id='word_1_267' title='bbox 1989 4339 2375 4416; x_wconf 89' lang='lat' dir='ltr'><strong>sociorum.</strong></span> <span class='ocrx_word' id='word_1_268' title='bbox 2449 4339 2530 4417; x_wconf 84' lang='lat' dir='ltr'><strong>Si</strong></span> <span class='ocrx_word' id='word_1_269' title='bbox 2567 4351 2814 4416; x_wconf 88' lang='lat' dir='ltr'><strong>autem</strong></span> <span class='ocrx_word' id='word_1_270' title='bbox 2851 4344 3016 4443; x_wconf 89' lang='lat' dir='ltr'><strong>quis</strong></span> 
     </span>
     <span class='ocr_line' id='line_1_32' title="bbox 268 4463 3016 4567; baseline 0.001 -27"><span class='ocrx_word' id='word_1_271' title='bbox 268 4463 465 4542; x_wconf 91' lang='lat' dir='ltr'><strong>bello</strong></span> <span class='ocrx_word' id='word_1_272' title='bbox 523 4490 917 4565; x_wconf 86' lang='lat' dir='ltr'><strong>aggressus</strong></span> <span class='ocrx_word' id='word_1_273' title='bbox 973 4465 1196 4541; x_wconf 89' lang='lat' dir='ltr'><strong>fuerit</strong></span> <span class='ocrx_word' id='word_1_274' title='bbox 1248 4463 1545 4542; x_wconf 85' lang='lat' dir='ltr'><strong>foedere</strong></span> <span class='ocrx_word' id='word_1_275' title='bbox 1592 4465 1897 4567; x_wconf 90' lang='lat' dir='ltr'><strong>junctos</strong></span> <span class='ocrx_word' id='word_1_276' title='bbox 1953 4466 2111 4541; x_wconf 87' lang='lat' dir='ltr'><strong>sive</strong></span> <span class='ocrx_word' id='word_1_277' title='bbox 2157 4477 2358 4542; x_wconf 85' lang='lat' dir='ltr'><strong>terra</strong></span> <span class='ocrx_word' id='word_1_278' title='bbox 2391 4465 2548 4542; x_wconf 88' lang='lat' dir='ltr'><strong>sive</strong></span> <span class='ocrx_word' id='word_1_279' title='bbox 2588 4465 2812 4563; x_wconf 89' lang='lat' dir='ltr'><strong>mari,</strong></span> <span class='ocrx_word' id='word_1_280' title='bbox 2869 4467 3016 4544; x_wconf 90' lang='lat' dir='ltr'><strong>illis</strong></span> 
     </span>
     <span class='ocr_line' id='line_1_33' title="bbox 270 4587 3013 4694; baseline 0 -26"><span class='ocrx_word' id='word_1_281' title='bbox 270 4587 759 4668; x_wconf 84' lang='lat' dir='ltr'><strong>Athenienses</strong></span> <span class='ocrx_word' id='word_1_282' title='bbox 798 4601 873 4666; x_wconf 92' lang='lat' dir='ltr'><strong>et</strong></span> <span class='ocrx_word' id='word_1_283' title='bbox 909 4615 1165 4668; x_wconf 90' lang='lat' dir='ltr'><strong>eorum</strong></span> <span class='ocrx_word' id='word_1_284' title='bbox 1200 4590 1379 4666; x_wconf 89' lang='lat' dir='ltr'><strong>socii</strong></span> <span class='ocrx_word' id='word_1_285' title='bbox 1414 4592 1796 4694; x_wconf 89' lang='lat' dir='ltr'><strong>suppetias</strong></span> <span class='ocrx_word' id='word_1_286' title='bbox 1835 4591 2080 4668; x_wconf 86' lang='lat' dir='ltr'><strong>ferant</strong></span> <span class='ocrx_word' id='word_1_287' title='bbox 2117 4602 2318 4668; x_wconf 88' lang='lat' dir='ltr'><strong>terra</strong></span> <span class='ocrx_word' id='word_1_288' title='bbox 2353 4592 2724 4693; x_wconf 88' lang='lat' dir='ltr'><strong>marique,</strong></span> <span class='ocrx_word' id='word_1_289' title='bbox 2779 4593 3013 4670; x_wconf 87' lang='lat' dir='ltr'><strong>omni-</strong></span> 
     </span>
     <span class='ocr_line' id='line_1_34' title="bbox 271 4713 3012 4820; baseline 0.001 -30"><span class='ocrx_word' id='word_1_290' title='bbox 271 4713 402 4794; x_wconf 89' lang='lat' dir='ltr'><strong>bus</strong></span> <span class='ocrx_word' id='word_1_291' title='bbox 424 4775 443 4813; x_wconf 88' lang='lat'>‚</span> <span class='ocrx_word' id='word_1_292' title='bbox 499 4725 854 4817; x_wconf 89' lang='lat' dir='ltr'><strong>quantum</strong></span> <span class='ocrx_word' id='word_1_293' title='bbox 888 4717 965 4792; x_wconf 91' lang='lat' dir='ltr'><strong>in</strong></span> <span class='ocrx_word' id='word_1_294' title='bbox 1002 4717 1109 4794; x_wconf 91' lang='lat' dir='ltr'><strong>eis</strong></span> <span class='ocrx_word' id='word_1_295' title='bbox 1158 4716 1377 4792; x_wconf 90' lang='lat' dir='ltr'><strong>situm</strong></span> <span class='ocrx_word' id='word_1_296' title='bbox 1434 4728 1583 4811; x_wconf 90' lang='lat' dir='ltr'><strong>est,</strong></span> <span class='ocrx_word' id='word_1_297' title='bbox 1648 4717 1951 4793; x_wconf 82' lang='lat' dir='ltr'><strong>viribus.</strong></span> <span class='ocrx_word' id='word_1_298' title='bbox 2027 4716 2107 4793; x_wconf 86' lang='lat' dir='ltr'><strong>Si</strong></span> <span class='ocrx_word' id='word_1_299' title='bbox 2164 4717 2326 4816; x_wconf 88' lang='lat' dir='ltr'><strong>quis</strong></span> <span class='ocrx_word' id='word_1_300' title='bbox 2383 4744 2608 4820; x_wconf 90' lang='lat' dir='ltr'><strong>porro</strong></span> <span class='ocrx_word' id='word_1_301' title='bbox 2631 4775 2653 4811; x_wconf 91' lang='lat'><strong><em>,</em></strong></span> <span class='ocrx_word' id='word_1_302' title='bbox 2707 4718 2864 4794; x_wconf 88' lang='lat' dir='ltr'><strong>sive</strong></span> <span class='ocrx_word' id='word_1_303' title='bbox 2901 4743 3012 4794; x_wconf 88' lang='lat' dir='ltr'><strong>ar-</strong></span> 
     </span>
     <span class='ocr_line' id='line_1_35' title="bbox 272 4841 3013 4944; baseline 0.001 -28"><span class='ocrx_word' id='word_1_304' title='bbox 272 4843 455 4918; x_wconf 89' lang='lat' dir='ltr'><strong>chon</strong></span> <span class='ocrx_word' id='word_1_305' title='bbox 493 4842 650 4918; x_wconf 86' lang='lat' dir='ltr'><strong>sive</strong></span> <span class='ocrx_word' id='word_1_306' title='bbox 688 4841 1061 4942; x_wconf 82' lang='lat' dir='ltr'><strong>privatus,</strong></span> <span class='ocrx_word' id='word_1_307' title='bbox 1120 4853 1381 4918; x_wconf 90' lang='lat' dir='ltr'><strong>contra</strong></span> <span class='ocrx_word' id='word_1_308' title='bbox 1434 4842 1581 4920; x_wconf 88' lang='lat' dir='ltr'><strong>hoc</strong></span> <span class='ocrx_word' id='word_1_309' title='bbox 1631 4841 2010 4920; x_wconf 85' lang='lat' dir='ltr'><strong>decretum</strong></span> <span class='ocrx_word' id='word_1_310' title='bbox 2066 4843 2296 4919; x_wconf 88' lang='lat' dir='ltr'><strong>verba</strong></span> <span class='ocrx_word' id='word_1_311' title='bbox 2349 4843 2604 4922; x_wconf 85' lang='lat' dir='ltr'><strong>fecerit</strong></span> <span class='ocrx_word' id='word_1_312' title='bbox 2640 4844 2763 4919; x_wconf 86' lang='lat' dir='ltr'><strong>vel</strong></span> <span class='ocrx_word' id='word_1_313' title='bbox 2797 4869 3013 4944; x_wconf 88' lang='lat' dir='ltr'><strong>roga-</strong></span> 
     </span>
     <span class='ocr_line' id='line_1_36' title="bbox 273 4966 3015 5071; baseline 0.002 -32"><span class='ocrx_word' id='word_1_314' title='bbox 273 4967 494 5062; x_wconf 88' lang='lat' dir='ltr'><strong>verit,</strong></span> <span class='ocrx_word' id='word_1_315' title='bbox 551 4968 743 5045; x_wconf 91' lang='lat' dir='ltr'><strong>utin</strong></span> <span class='ocrx_word' id='word_1_316' title='bbox 790 4966 1087 5045; x_wconf 89' lang='lat' dir='ltr'><strong>decreto</strong></span> <span class='ocrx_word' id='word_1_317' title='bbox 1142 4966 1429 5046; x_wconf 80' lang='lat' dir='ltr'><strong>sancita</strong></span> <span class='ocrx_word' id='word_1_318' title='bbox 1482 4971 1972 5068; x_wconf 87' lang='lat' dir='ltr'><strong>abrogentur,</strong></span> <span class='ocrx_word' id='word_1_319' title='bbox 2027 4969 2328 5048; x_wconf 86' lang='lat' dir='ltr'><strong>infamis</strong></span> <span class='ocrx_word' id='word_1_320' title='bbox 2369 4981 2562 5060; x_wconf 84' lang='lat' dir='ltr'><strong>estc,</strong></span> <span class='ocrx_word' id='word_1_321' title='bbox 2619 4971 2822 5048; x_wconf 83' lang='lat' dir='ltr'><strong>bona</strong></span> <span class='ocrx_word' id='word_1_322' title='bbox 2859 4969 3015 5071; x_wconf 90' lang='lat' dir='ltr'><strong>ejus</strong></span> 
     </span>
     <span class='ocr_line' id='line_1_37' title="bbox 272 5093 3014 5198; baseline -0 -28"><span class='ocrx_word' id='word_1_323' title='bbox 272 5093 775 5192; x_wconf 85' lang='lat' dir='ltr'><strong>publicentur,</strong></span> <span class='ocrx_word' id='word_1_324' title='bbox 822 5120 1137 5194; x_wconf 89' lang='lat' dir='ltr'><strong>quorum</strong></span> <span class='ocrx_word' id='word_1_325' title='bbox 1174 5095 1460 5173; x_wconf 87' lang='lat' dir='ltr'><strong>decima</strong></span> <span class='ocrx_word' id='word_1_326' title='bbox 1496 5121 1670 5198; x_wconf 90' lang='lat' dir='ltr'><strong>pars</strong></span> <span class='ocrx_word' id='word_1_327' title='bbox 1706 5097 1916 5173; x_wconf 87' lang='lat' dir='ltr'><strong>Deae</strong></span> <span class='ocrx_word' id='word_1_328' title='bbox 1953 5094 2211 5191; x_wconf 86' lang='lat' dir='ltr'><strong>cedat,</strong></span> <span class='ocrx_word' id='word_1_329' title='bbox 2252 5107 2326 5173; x_wconf 91' lang='lat' dir='ltr'><strong>et</strong></span> <span class='ocrx_word' id='word_1_330' title='bbox 2349 5095 2713 5197; x_wconf 86' lang='lat' dir='ltr'><strong>judicium</strong></span> <span class='ocrx_word' id='word_1_331' title='bbox 2747 5094 3014 5172; x_wconf 82' lang='lat' dir='ltr'><strong>subeat</strong></span> 
     </span>
     <span class='ocr_line' id='line_1_38' title="bbox 158 5216 3011 5325; baseline 0.001 -30"><span class='ocrx_word' id='word_1_332' title='bbox 158 5286 165 5295; x_wconf 86' lang='lat'><em>.</em></span> <span class='ocrx_word' id='word_1_333' title='bbox 266 5243 507 5298; x_wconf 82' lang='lat' dir='ltr'><strong>coram</strong></span> <span class='ocrx_word' id='word_1_334' title='bbox 542 5216 1121 5298; x_wconf 85' lang='lat' dir='ltr'><strong>Atheniensibus</strong></span> <span class='ocrx_word' id='word_1_335' title='bbox 1178 5245 1577 5324; x_wconf 88' lang='lat' dir='ltr'><strong>eorumque</strong></span> <span class='ocrx_word' id='word_1_336' title='bbox 1637 5224 1856 5301; x_wconf 87' lang='lat' dir='ltr'><strong>sociis</strong></span> <span class='ocrx_word' id='word_1_337' title='bbox 1895 5233 2271 5325; x_wconf 84' lang='lat' dir='ltr'><strong>tamquam</strong></span> <span class='ocrx_word' id='word_1_338' title='bbox 2307 5221 2630 5302; x_wconf 85' lang='lat' dir='ltr'><strong>foederis</strong></span> <span class='ocrx_word' id='word_1_339' title='bbox 2669 5219 3011 5299; x_wconf 85' lang='lat' dir='ltr'><strong>violator.</strong></span> 
     </span>
    </p>
   </div>
  </div>
 </body>
</html>
