3725 5850
601 437 754 516 384
1678 461 1803 516 1th
1847 457 2283 513 pmvawn.

1874 651 2102 728 1493.

807 785 896 860 In
935 781 1363 860 foederibus
1405 795 1478 858 et
1515 782 1750 882 pactis
1791 805 2084 882 semper
2141 779 2553 880 posteriora
2604 776 2976 879 prioribus
3027 775 3195 880 plus
3237 801 3375 856 va-

594 911 744 987 lere
783 911 1289 1010 majoremque
1329 905 1609 983 habere
1649 905 2168 984 auctoritatem
2207 914 2621 981 censentur.

814 1191 988 1269 Τῶν
1027 1189 1678 1297 συναλλαγμάτων
1726 1189 1822 1266 τὰ
1884 1186 2200 1266 ἑκούσιά
2258 1196 2414 1265 ἐστι
2474 1187 2779 1286 πρᾶσις,
2837 1184 3039 1278 ὦνὴ,
3099 1183 3379 1263 δανει-

595 1317 821 1418 σμὸς,
879 1319 1155 1424 ἑγγύη,
1203 1317 1516 1416 χρῆσις,
1576 1313 2240 1416 παρακαταθήκη,
2288 1321 2693 1414 μίσθωσις.

1653 1446 2075 1543 (Aristotel.
2121 1443 2359 1521 Ethic.
2402 1445 2689 1522 Nicom.
2730 1442 2823 1536 V,
2864 1443 2935 1536 2,
2984 1441 3146 1534 13.)

1871 1610 2099 1685 1494.

809 1737 1297 1832 Contractus,
1355 1738 1480 1837 qui
1521 1749 1788 1838 sponte
1830 1737 2060 1831 fiunt,
2120 1745 2332 1810 sunt:
2390 1731 2765 1828 venditiO,
2826 1731 3142 1833 emptio,
3202 1756 3383 1804 mu-

591 1875 840 1956 tuum,
899 1863 1318 1965 fidejussio,
1381 1861 1969 1960 commodatum,
2021 1861 2479 1960 depositum,
2522 1859 2795 1936 locatio
2834 1868 2909 1933 et
2946 1855 3385 1937 conductio.

1765 2124 2195 2228 Τμῆμαα’.

1147 2277 1450 2372 Περὶ
1543 2267 1846 2362 ὠνῆς
1938 2276 2146 2346 καὶ
2240 2266 2801 2368 πράσεως.

1818 2433 1918 2446 mxx.
1928 2433 1968 2444 ux·
1973 2433 2135 2445 xxxxxxx

1785 2525 2035 2602 Sectio
2101 2526 2165 2601 1.

1217 2669 1349 2745 De
1408 2671 1913 2771 emptione
1970 2682 2064 2745 et
2118 2667 2733 2744 venditione.

1868 2849 1904 2922 1
1921 2848 2096 2925 495.

796 2969 1024 3072 Ἀρρ
1047 2967 1246 3071 αβώ
1273 3000 1356 3060 ν,
1413 2964 1455 3063 ἦ
1517 2976 1638 3048 ἐπὶ
1695 2982 1856 3059 ταῖς
1912 2967 2144 3059 ὠναῖς
2200 2969 2401 3071 παρὰ
2440 2970 2596 3047 τῶν
2634 2966 3099 3069 ὠνουμένων
3136 2968 3385 3046 δεδο-

592 3104 784 3199 μένη
825 3093 1370 3197 προκαταβολῆ
1411 3088 1601 3195 ὑπὲρ
1642 3095 2083 3193 ἀσφαλείας.
2678 3100 2968 3200 (Etym.
3006 3100 3146 3192 M.)

1867 3265 2093 3340 1495.

805 3390 1046 3473 Arrha
1083 3402 1198 3467 est
1234 3390 1587 3492 pretium,
1637 3391 1835 3491 quod
1877 3401 2047 3466 ante
2088 3390 2507 3491 emptiones
2545 3388 2911 3465 cautionis
2949 3388 3189 3488 gratia
3226 3384 3335 3463 da

589 3529 710 3593 tur
749 3516 844 3591 ab
885 3516 1363 3618 emptoribus.

1868 3625 2095 3702 1496.

805 3743 1312 3851 ῙΙρογράφειν
1347 3743 1482 3833 τὰς
1519 3742 1820 3838 ὦνῆσεις
1857 3752 1995 3821 καὶ
2037 3743 2335 3846 πράσεις
2374 3743 2574 3845 παρὰ
2613 3745 2704 3844 τῇ
2746 3741 2946 3845 ἀρχῇ
2990 3744 3133 3847 πρὸ
3170 3738 3375 3845 ἦμε-

555 3865 749 3972 x<mgr
775 3869 884 3973 μὴ
929 3874 1251 3947 ἔλαττον
1292 3866 1340 3963 ἢ
1376 3868 1744 3963 ἑξήκοντα
1766 3930 1788 3962 ,
1845 3878 1982 3947 καὶ
2020 3869 2163 3948 τὸν
2200 3870 2624 3972 πριάμενον
2664 3868 3087 3963 ἑκατοστὴν
3140 3878 3381 3949 τιθέ-

593 4026 720 4071 ναι
778 3996 907 4088 τῆς
961 3994 1219 4095 τιμῆς,
1281 3992 1479 4084 ὅπως
1539 3995 2186 4097 διαμφισβητῆσαί
2242 4028 2321 4072 τε
2378 3996 2505 4095 ἐξῇ
2562 4000 2699 4072 καὶ
2759 3996 3375 4099 διαμαρτυρῆσαι

590 4121 702 4221 τῷ
734 4124 1232 4223 βουλομένῳ,
1292 4128 1429 4198 καὶ
1469 4115 1512 4199 o‘
1556 4120 1873 4209 δικαίως
1910 4129 2327 4222 ἐωνημένος
2366 4120 2699 4221 φανερός
2734 4116 2786 4222 ᾗ
2818 4122 2929 4223 τῷ
2969 4129 3177 4205 τέλει.

1954 4250 2363 4345 (Stobaeus
2402 4278 2619 4329 serm.
2662 4253 2937 4351 XLIV,
2976 4254 3143 4347 22.)

1853 4413 2079 4491 1496.

807 4534 1240 4637 Emptiones
1282 4547 1354 4613 et
1401 4538 1871 4615 venditiones
1928 4540 2134 4641 prius
2178 4539 2695 4617 describantur
2732 4542 2930 4643 apud
2968 4542 3371 4639 magistra-

591 4673 746 4737 tum
785 4674 954 4737 ante
998 4660 1154 4738 dies
1193 4691 1346 4741 non
1381 4666 1771 4766 pauciores
1826 4692 2053 4766 quam
2106 4667 2533 4765 sexaginta,
2592 4677 2667 4743 et
2704 4681 2997 4770 emptor
3032 4668 3375 4769 deponat

589 4787 1069 4863 centesimam
1127 4790 1344 4889 pretii
1403 4801 1728 4891 partem,
1788 4804 1870 4865 ut
1908 4792 2013 4885 ei,
2074 4792 2197 4890 qui
2262 4792 2619 4887 voluerit,
2678 4818 2976 4869 causam
3018 4820 3243 4893 agere
3284 4806 3375 4869 et

589 4914 982 5012 protestari
1019 4912 1268 5011 liceat,
1309 4914 1773 5013 magistratui
1813 4924 2063 4990 autem
2102 4926 2431 5011 constet,
2474 4919 2805 5016 quisnam
2832 4919 3036 5019 juste
3078 4919 3367 4995 emerit.

1865 5076 2091 5153 1497.

791 5192 894 5273 ‘O
931 5195 1340 5297 πριάμενος
1379 5202 1652 5279 οἰκίαν
1687 5195 1734 5291 ἢ
1759 5205 2106 5299 χωρίον,
2164 5198 2840 5302 ἀμφισβητοῦντος
2896 5201 3144 5296 τινὸς,
3208 5202 3367 5282 ἅν·-
