<?xml version="1.0" encoding="UTF-8"?>
<!DOCTYPE html PUBLIC "-//W3C//DTD XHTML 1.0 Transitional//EN"
    "http://www.w3.org/TR/xhtml1/DTD/xhtml1-transitional.dtd">
<html xmlns="http://www.w3.org/1999/xhtml" xml:lang="en" lang="en">
 <head>
  <title>
</title>
<meta http-equiv="Content-Type" content="text/html;charset=utf-8" />
  <meta name='ocr-system' content='tesseract 3.04.00' />
  <meta name='ocr-capabilities' content='ocr_page ocr_carea ocr_par ocr_line ocrx_word'/>
</head>
<body>
  <div class='ocr_page' id='page_1' title='image "./synaggtnattiknn01tlgoog_0650.png"; bbox 0 0 3725 5850; ppageno 0'>
   <div class='ocr_carea' id='block_1_1' title="bbox 619 389 2693 484">
    <p class='ocr_par' dir='ltr' id='par_1_1' title="bbox 619 389 2693 484">
     <span class='ocr_line' id='line_1_1' title="bbox 619 389 2693 484; baseline -0.003 -20"><span class='ocrx_word' id='word_1_1' title='bbox 619 389 776 466; x_wconf 72' lang='lat'><strong>684</strong></span> <span class='ocrx_word' id='word_1_2' title='bbox 881 479 888 484; x_wconf 42' lang='lat'><strong>‚</strong></span> <span class='ocrx_word' id='word_1_3' title='bbox 1334 405 1951 462; x_wconf 64' lang='lat' dir='ltr'><strong>communium</strong></span> <span class='ocrx_word' id='word_1_4' title='bbox 1986 401 2095 457; x_wconf 75' lang='lat' dir='ltr'><strong>m</strong></span> <span class='ocrx_word' id='word_1_5' title='bbox 2137 404 2295 462; x_wconf 70' lang='lat' dir='ltr'><strong>uu.</strong></span> <span class='ocrx_word' id='word_1_6' title='bbox 2337 403 2497 460; x_wconf 74' lang='lat'><strong>14⁶⁵.</strong></span> <span class='ocrx_word' id='word_1_7' title='bbox 2536 403 2693 460; x_wconf 65' lang='grc' dir='ltr'><strong>ων.</strong></span> 
     </span>
    </p>
   </div>
   <div class='ocr_carea' id='block_1_2' title="bbox 1772 629 2258 715">
    <p class='ocr_par' dir='ltr' id='par_1_2' title="bbox 1772 629 2258 715">
     <span class='ocr_line' id='line_1_2' title="bbox 1772 629 2258 715; baseline 0 -1"><span class='ocrx_word' id='word_1_8' title='bbox 1772 629 1925 714; x_wconf 72' lang='lat' dir='ltr'><strong>Ad</strong></span> <span class='ocrx_word' id='word_1_9' title='bbox 1970 632 2258 715; x_wconf 75' lang='lat'><strong>1404.</strong></span> 
     </span>
    </p>
   </div>
   <div class='ocr_carea' id='block_1_3' title="bbox 615 791 3405 2030">
    <p class='ocr_par' dir='ltr' id='par_1_3' title="bbox 615 791 3405 2030">
     <span class='ocr_line' id='line_1_3' title="bbox 833 791 3394 907; baseline -0.004 -31"><span class='ocrx_word' id='word_1_10' title='bbox 833 797 1010 901; x_wconf 81' lang='lat' dir='ltr'><strong>Graj</strong></span> <span class='ocrx_word' id='word_1_11' title='bbox 1034 824 1139 907; x_wconf 74' lang='lat' dir='ltr'><strong>us</strong></span> <span class='ocrx_word' id='word_1_12' title='bbox 1179 799 1262 874; x_wconf 92' lang='lat' dir='ltr'><strong>L.</strong></span> <span class='ocrx_word' id='word_1_13' title='bbox 1306 797 1435 877; x_wconf 88' lang='lat' dir='ltr'><strong>IV.</strong></span> <span class='ocrx_word' id='word_1_14' title='bbox 1477 797 1589 873; x_wconf 87' lang='lat' dir='ltr'><strong>ad</strong></span> <span class='ocrx_word' id='word_1_15' title='bbox 1627 798 1808 898; x_wconf 88' lang='lat' dir='ltr'><strong>leg.</strong></span> <span class='ocrx_word' id='word_1_16' title='bbox 1849 797 2023 875; x_wconf 91' lang='lat' dir='ltr'>XII.</span> <span class='ocrx_word' id='word_1_17' title='bbox 2062 797 2397 873; x_wconf 86' lang='lat' dir='ltr'><strong>tabul.:</strong></span> <span class='ocrx_word' id='word_1_18' title='bbox 2440 792 2849 872; x_wconf 84' lang='lat' dir='ltr'><strong>Sciendum</strong></span> <span class='ocrx_word' id='word_1_19' title='bbox 2870 792 3082 869; x_wconf 86' lang='lat' dir='ltr'><strong>estin</strong></span> <span class='ocrx_word' id='word_1_20' title='bbox 3100 791 3394 868; x_wconf 89' lang='lat' dir='ltr'><strong>actione</strong></span> 
     </span>
     <span class='ocr_line' id='line_1_4' title="bbox 621 915 3397 1024; baseline -0.005 -22"><span class='ocrx_word' id='word_1_21' title='bbox 621 924 878 1002; x_wconf 88' lang='lat' dir='ltr'><strong>finium</strong></span> <span class='ocrx_word' id='word_1_22' title='bbox 935 923 1442 1024; x_wconf 84' lang='lat' dir='ltr'>regundorum</span> <span class='ocrx_word' id='word_1_23' title='bbox 1499 923 1675 1001; x_wconf 93' lang='lat' dir='ltr'><strong>illud</strong></span> <span class='ocrx_word' id='word_1_24' title='bbox 1736 922 2297 1000; x_wconf 88' lang='lat' dir='ltr'><strong>observandum</strong></span> <span class='ocrx_word' id='word_1_25' title='bbox 2337 945 2539 1015; x_wconf 75' lang='lat' dir='ltr'><strong>esse,</strong></span> <span class='ocrx_word' id='word_1_26' title='bbox 2599 917 2800 1019; x_wconf 90' lang='lat' dir='ltr'><strong>quod</strong></span> <span class='ocrx_word' id='word_1_27' title='bbox 2839 918 2935 996; x_wconf 86' lang='lat' dir='ltr'><strong>ad</strong></span> <span class='ocrx_word' id='word_1_28' title='bbox 2975 915 3397 1017; x_wconf 81' lang='lat' dir='ltr'><strong>exemplum</strong></span> 
     </span>
     <span class='ocr_line' id='line_1_5' title="bbox 617 1041 3403 1151; baseline -0.005 -24"><span class='ocrx_word' id='word_1_29' title='bbox 617 1049 1166 1151; x_wconf 88' lang='lat' dir='ltr'><strong>quodammodo</strong></span> <span class='ocrx_word' id='word_1_30' title='bbox 1207 1051 1367 1151; x_wconf 87' lang='lat' dir='ltr'><strong>ejus</strong></span> <span class='ocrx_word' id='word_1_31' title='bbox 1403 1050 1593 1149; x_wconf 87' lang='lat' dir='ltr'><strong>legis</strong></span> <span class='ocrx_word' id='word_1_32' title='bbox 1630 1049 1995 1151; x_wconf 84' lang='lat' dir='ltr'><strong>scriptum</strong></span> <span class='ocrx_word' id='word_1_33' title='bbox 2040 1058 2154 1124; x_wconf 91' lang='lat' dir='ltr'><strong>est</strong></span> <span class='ocrx_word' id='word_1_34' title='bbox 2175 1105 2192 1140; x_wconf 89' lang='lat'><strong>,</strong></span> <span class='ocrx_word' id='word_1_35' title='bbox 2254 1071 2479 1147; x_wconf 88' lang='lat' dir='ltr'><strong>quam</strong></span> <span class='ocrx_word' id='word_1_36' title='bbox 2517 1045 2824 1122; x_wconf 84' lang='lat' dir='ltr'><strong>Athenis</strong></span> <span class='ocrx_word' id='word_1_37' title='bbox 2862 1043 3093 1122; x_wconf 86' lang='lat' dir='ltr'><strong>Solon</strong></span> <span class='ocrx_word' id='word_1_38' title='bbox 3130 1041 3403 1118; x_wconf 87' lang='lat' dir='ltr'><strong>dicitur</strong></span> 
     </span>
     <span class='ocr_line' id='line_1_6' title="bbox 615 1158 3403 1273; baseline -0.005 -23"><span class='ocrx_word' id='word_1_39' title='bbox 615 1174 914 1273; x_wconf 80' lang='lat' dir='ltr'><strong>tulisse3</strong></span> <span class='ocrx_word' id='word_1_40' title='bbox 971 1201 1144 1252; x_wconf 81' lang='lat' dir='ltr'><strong>nam</strong></span> <span class='ocrx_word' id='word_1_41' title='bbox 1182 1175 1329 1250; x_wconf 85' lang='lat' dir='ltr'><strong>illic</strong></span> <span class='ocrx_word' id='word_1_42' title='bbox 1367 1176 1472 1251; x_wconf 85' lang='lat' dir='ltr'><strong>ita</strong></span> <span class='ocrx_word' id='word_1_43' title='bbox 1509 1185 1659 1250; x_wconf 82' lang='lat' dir='ltr'><strong>est:</strong></span> <span class='ocrx_word' id='word_1_44' title='bbox 1699 1230 1714 1249; x_wconf 96' lang='lat'><strong>.</strong></span> <span class='ocrx_word' id='word_1_45' title='bbox 1760 1231 1776 1249; x_wconf 90' lang='lat'><strong>.</strong></span> <span class='ocrx_word' id='word_1_46' title='bbox 1818 1230 1834 1247; x_wconf 91' lang='lat'><strong>.</strong></span> <span class='ocrx_word' id='word_1_47' title='bbox 1874 1166 2014 1245; x_wconf 78' lang='grc' dir='ltr'><strong>ἐὰν</strong></span> <span class='ocrx_word' id='word_1_48' title='bbox 2051 1164 2353 1268; x_wconf 77' lang='grc' dir='ltr'><em>τάφρον</em></span> <span class='ocrx_word' id='word_1_49' title='bbox 2394 1163 2443 1260; x_wconf 72' lang='grc' dir='ltr'><strong><em>ἢ</em></strong></span> <span class='ocrx_word' id='word_1_50' title='bbox 2476 1164 2788 1267; x_wconf 77' lang='grc' dir='ltr'><em>βόθρον</em></span> <span class='ocrx_word' id='word_1_51' title='bbox 2825 1161 3109 1266; x_wconf 84' lang='grc' dir='ltr'><em>ὀρύττῃ</em></span> <span class='ocrx_word' id='word_1_52' title='bbox 3132 1221 3155 1254; x_wconf 95' lang='grc'><em>,</em></span> <span class='ocrx_word' id='word_1_53' title='bbox 3209 1158 3403 1239; x_wconf 75' lang='grc' dir='ltr'><em>ὅσον</em></span> 
     </span>
     <span class='ocr_line' id='line_1_7' title="bbox 619 1285 3403 1396; baseline -0.003 -24"><span class='ocrx_word' id='word_1_54' title='bbox 619 1291 707 1373; x_wconf 82' lang='grc' dir='ltr'><strong>τὸ</strong></span> <span class='ocrx_word' id='word_1_55' title='bbox 743 1293 1006 1396; x_wconf 80' lang='grc' dir='ltr'><em>βάθος</em></span> <span class='ocrx_word' id='word_1_56' title='bbox 1037 1289 1090 1396; x_wconf 82' lang='grc' dir='ltr'><strong><em>ᾖ</em></strong></span> <span class='ocrx_word' id='word_1_57' title='bbox 1112 1354 1132 1387; x_wconf 99' lang='grc'><em>,</em></span> <span class='ocrx_word' id='word_1_58' title='bbox 1192 1296 1574 1375; x_wconf 81' lang='grc' dir='ltr'><em>τοσοῦτον</em></span> <span class='ocrx_word' id='word_1_59' title='bbox 1632 1293 2115 1371; x_wconf 77' lang='grc' dir='ltr'><em>ἀπολείπειν·</em></span> <span class='ocrx_word' id='word_1_60' title='bbox 2176 1298 2449 1371; x_wconf 77' lang='grc' dir='ltr'><em>ἐλαίαν</em></span> <span class='ocrx_word' id='word_1_61' title='bbox 2497 1291 2576 1370; x_wconf 82' lang='grc' dir='ltr'><strong>δὲ</strong></span> <span class='ocrx_word' id='word_1_62' title='bbox 2619 1285 2665 1384; x_wconf 74' lang='grc' dir='ltr'><strong><em>ἢ</em></strong></span> <span class='ocrx_word' id='word_1_63' title='bbox 2704 1289 2959 1382; x_wconf 77' lang='grc' dir='ltr'><em>συκῆν</em></span> <span class='ocrx_word' id='word_1_64' title='bbox 2996 1295 3216 1367; x_wconf 79' lang='grc' dir='ltr'><em>ἐννέα</em></span> <span class='ocrx_word' id='word_1_65' title='bbox 3256 1287 3403 1364; x_wconf 85' lang='grc' dir='ltr'><strong>πό-</strong></span> 
     </span>
     <span class='ocr_line' id='line_1_8' title="bbox 621 1413 3405 1522; baseline -0.003 -26"><span class='ocrx_word' id='word_1_66' title='bbox 621 1421 756 1509; x_wconf 85' lang='grc' dir='ltr'><strong>δας</strong></span> <span class='ocrx_word' id='word_1_67' title='bbox 812 1417 966 1499; x_wconf 80' lang='grc' dir='ltr'><strong>ἀπὸ</strong></span> <span class='ocrx_word' id='word_1_68' title='bbox 1024 1421 1166 1499; x_wconf 84' lang='grc' dir='ltr'><strong><em>τοῦ</em></strong></span> <span class='ocrx_word' id='word_1_69' title='bbox 1236 1419 1650 1522; x_wconf 82' lang='grc' dir='ltr'><em>ἀλλοτρίου</em></span> <span class='ocrx_word' id='word_1_70' title='bbox 1709 1418 2117 1517; x_wconf 83' lang='grc' dir='ltr'><em>φυτεύειν,</em></span> <span class='ocrx_word' id='word_1_71' title='bbox 2177 1417 2271 1494; x_wconf 83' lang='grc' dir='ltr'><strong>τοὶ</strong></span> <span class='ocrx_word' id='word_1_72' title='bbox 2326 1418 2401 1495; x_wconf 82' lang='grc' dir='ltr'><strong>δὲ</strong></span> <span class='ocrx_word' id='word_1_73' title='bbox 2443 1413 2646 1495; x_wconf 73' lang='grc' dir='ltr'><em>ἄλλα</em></span> <span class='ocrx_word' id='word_1_74' title='bbox 2686 1417 2960 1515; x_wconf 83' lang='grc' dir='ltr'><em>δένδρα</em></span> <span class='ocrx_word' id='word_1_75' title='bbox 3000 1422 3219 1494; x_wconf 80' lang='grc' dir='ltr'><em>πέντε</em></span> <span class='ocrx_word' id='word_1_76' title='bbox 3258 1413 3405 1490; x_wconf 84' lang='grc' dir='ltr'><strong>πό-</strong></span> 
     </span>
     <span class='ocr_line' id='line_1_9' title="bbox 621 1545 3395 1650; baseline -0.002 -28"><span class='ocrx_word' id='word_1_77' title='bbox 621 1545 774 1635; x_wconf 85' lang='grc' dir='ltr'><strong><em>δας.</em></strong></span> <span class='ocrx_word' id='word_1_78' title='bbox 834 1549 954 1646; x_wconf 83' lang='lat' dir='ltr'><strong>(Si</strong></span> <span class='ocrx_word' id='word_1_79' title='bbox 991 1550 1272 1628; x_wconf 87' lang='lat' dir='ltr'><strong>fossam</strong></span> <span class='ocrx_word' id='word_1_80' title='bbox 1309 1551 1428 1626; x_wconf 89' lang='lat' dir='ltr'><strong>vel</strong></span> <span class='ocrx_word' id='word_1_81' title='bbox 1469 1551 1808 1627; x_wconf 83' lang='lat' dir='ltr'><strong>scrobem</strong></span> <span class='ocrx_word' id='word_1_82' title='bbox 1853 1549 2164 1641; x_wconf 88' lang='lat' dir='ltr'><strong>foderit,</strong></span> <span class='ocrx_word' id='word_1_83' title='bbox 2226 1558 2504 1649; x_wconf 87' lang='lat' dir='ltr'><strong>quanta</strong></span> <span class='ocrx_word' id='word_1_84' title='bbox 2545 1549 2638 1624; x_wconf 87' lang='lat' dir='ltr'><strong>sit</strong></span> <span class='ocrx_word' id='word_1_85' title='bbox 2676 1545 3190 1650; x_wconf 87' lang='lat' dir='ltr'><strong>profunditas,</strong></span> <span class='ocrx_word' id='word_1_86' title='bbox 3230 1557 3395 1621; x_wconf 90' lang='lat' dir='ltr'><strong>tan-</strong></span> 
     </span>
     <span class='ocr_line' id='line_1_10' title="bbox 620 1670 3403 1775; baseline -0.003 -23"><span class='ocrx_word' id='word_1_87' title='bbox 620 1688 778 1754; x_wconf 88' lang='lat' dir='ltr'><strong>tum</strong></span> <span class='ocrx_word' id='word_1_88' title='bbox 818 1676 914 1753; x_wconf 89' lang='lat' dir='ltr'><strong>ab</strong></span> <span class='ocrx_word' id='word_1_89' title='bbox 952 1677 1199 1754; x_wconf 85' lang='lat' dir='ltr'><strong>alieno</strong></span> <span class='ocrx_word' id='word_1_90' title='bbox 1239 1677 1480 1754; x_wconf 90' lang='lat' dir='ltr'><strong>distet.</strong></span> <span class='ocrx_word' id='word_1_91' title='bbox 1559 1677 1826 1754; x_wconf 85' lang='lat' dir='ltr'><strong>Oleam</strong></span> <span class='ocrx_word' id='word_1_92' title='bbox 1885 1701 2062 1752; x_wconf 87' lang='lat' dir='ltr'><strong>vero</strong></span> <span class='ocrx_word' id='word_1_93' title='bbox 2101 1687 2229 1753; x_wconf 87' lang='lat' dir='ltr'><strong>aut</strong></span> <span class='ocrx_word' id='word_1_94' title='bbox 2268 1677 2494 1752; x_wconf 87' lang='lat' dir='ltr'><strong>ficum</strong></span> <span class='ocrx_word' id='word_1_95' title='bbox 2532 1699 2802 1751; x_wconf 88' lang='lat' dir='ltr'><strong>novem</strong></span> <span class='ocrx_word' id='word_1_96' title='bbox 2840 1670 3118 1775; x_wconf 88' lang='lat' dir='ltr'><strong>pedum</strong></span> <span class='ocrx_word' id='word_1_97' title='bbox 3156 1671 3403 1773; x_wconf 90' lang='lat' dir='ltr'><strong>spatio</strong></span> 
     </span>
     <span class='ocr_line' id='line_1_11' title="bbox 620 1798 3403 1905; baseline -0.003 -26"><span class='ocrx_word' id='word_1_98' title='bbox 620 1830 667 1879; x_wconf 93' lang='lat' dir='ltr'><strong>a</strong></span> <span class='ocrx_word' id='word_1_99' title='bbox 703 1804 952 1879; x_wconf 86' lang='lat' dir='ltr'><strong>vicino</strong></span> <span class='ocrx_word' id='word_1_100' title='bbox 989 1801 1224 1879; x_wconf 84' lang='lat' dir='ltr'><strong>fundo</strong></span> <span class='ocrx_word' id='word_1_101' title='bbox 1263 1811 1560 1905; x_wconf 80' lang='lat' dir='ltr'>oportet</span> <span class='ocrx_word' id='word_1_102' title='bbox 1598 1800 1975 1904; x_wconf 89' lang='lat' dir='ltr'><strong>plantare,</strong></span> <span class='ocrx_word' id='word_1_103' title='bbox 2034 1802 2220 1878; x_wconf 86' lang='lat' dir='ltr'><strong>alias</strong></span> <span class='ocrx_word' id='word_1_104' title='bbox 2258 1809 2507 1878; x_wconf 87' lang='lat' dir='ltr'><strong>autem</strong></span> <span class='ocrx_word' id='word_1_105' title='bbox 2557 1799 2863 1876; x_wconf 85' lang='lat' dir='ltr'><strong>arbores</strong></span> <span class='ocrx_word' id='word_1_106' title='bbox 2903 1798 3235 1898; x_wconf 89' lang='lat' dir='ltr'><strong>quinque</strong></span> <span class='ocrx_word' id='word_1_107' title='bbox 3272 1821 3403 1896; x_wconf 89' lang='lat' dir='ltr'><strong>pe·</strong></span> 
     </span>
     <span class='ocr_line' id='line_1_12' title="bbox 620 1927 1146 2030; baseline 0 -26"><span class='ocrx_word' id='word_1_108' title='bbox 620 1927 798 2004; x_wconf 90' lang='lat' dir='ltr'><strong>dum</strong></span> <span class='ocrx_word' id='word_1_109' title='bbox 838 1930 1146 2030; x_wconf 85' lang='lat' dir='ltr'><strong>spati0.)</strong></span> 
     </span>
    </p>
   </div>
   <div class='ocr_carea' id='block_1_4' title="bbox 1782 2030 2261 2115">
    <p class='ocr_par' dir='ltr' id='par_1_4' title="bbox 1782 2030 2261 2115">
     <span class='ocr_line' id='line_1_13' title="bbox 1782 2030 2261 2115; baseline -0.002 0"><span class='ocrx_word' id='word_1_110' title='bbox 1782 2030 1935 2115; x_wconf 73' lang='lat' dir='ltr'><strong>Ad</strong></span> <span class='ocrx_word' id='word_1_111' title='bbox 1973 2030 2261 2114; x_wconf 72' lang='lat'><strong>1405.</strong></span> 
     </span>
    </p>
   </div>
   <div class='ocr_carea' id='block_1_5' title="bbox 623 2189 3407 2550">
    <p class='ocr_par' dir='ltr' id='par_1_5' title="bbox 623 2189 3407 2550">
     <span class='ocr_line' id='line_1_14' title="bbox 838 2189 3406 2300; baseline -0.004 -24"><span class='ocrx_word' id='word_1_112' title='bbox 838 2198 922 2276; x_wconf 91' lang='lat' dir='ltr'><strong>In</strong></span> <span class='ocrx_word' id='word_1_113' title='bbox 951 2197 1118 2300; x_wconf 85' lang='lat' dir='ltr'><strong>jure</strong></span> <span class='ocrx_word' id='word_1_114' title='bbox 1156 2196 1528 2291; x_wconf 88' lang='lat' dir='ltr'><strong>Romano,</strong></span> <span class='ocrx_word' id='word_1_115' title='bbox 1571 2195 1812 2292; x_wconf 86' lang='lat' dir='ltr'><strong>viam,</strong></span> <span class='ocrx_word' id='word_1_116' title='bbox 1852 2197 2028 2292; x_wconf 87' lang='lat' dir='ltr'><strong>iter,</strong></span> <span class='ocrx_word' id='word_1_117' title='bbox 2072 2205 2360 2290; x_wconf 87' lang='lat' dir='ltr'><strong>actum,</strong></span> <span class='ocrx_word' id='word_1_118' title='bbox 2402 2193 2990 2296; x_wconf 82' lang='lat' dir='ltr'><strong>aquaeductum,</strong></span> <span class='ocrx_word' id='word_1_119' title='bbox 3031 2191 3158 2293; x_wconf 93' lang='lat' dir='ltr'><strong>qui</strong></span> <span class='ocrx_word' id='word_1_120' title='bbox 3196 2189 3406 2267; x_wconf 91' lang='lat' dir='ltr'><strong>bien-</strong></span> 
     </span>
     <span class='ocr_line' id='line_1_15' title="bbox 623 2319 3397 2422; baseline -0.003 -24"><span class='ocrx_word' id='word_1_121' title='bbox 623 2323 746 2399; x_wconf 89' lang='lat' dir='ltr'><strong>nio</strong></span> <span class='ocrx_word' id='word_1_122' title='bbox 783 2349 960 2400; x_wconf 90' lang='lat' dir='ltr'><strong>usus</strong></span> <span class='ocrx_word' id='word_1_123' title='bbox 996 2346 1152 2396; x_wconf 89' lang='lat' dir='ltr'><strong>non</strong></span> <span class='ocrx_word' id='word_1_124' title='bbox 1192 2331 1342 2416; x_wconf 89' lang='lat' dir='ltr'><strong>est,</strong></span> <span class='ocrx_word' id='word_1_125' title='bbox 1400 2319 1732 2395; x_wconf 89' lang='lat' dir='ltr'><strong>amisisse</strong></span> <span class='ocrx_word' id='word_1_126' title='bbox 1773 2319 2109 2417; x_wconf 79' lang='lat' dir='ltr'><strong>videtur3</strong></span> <span class='ocrx_word' id='word_1_127' title='bbox 2168 2345 2309 2397; x_wconf 90' lang='lat' dir='ltr'><strong>nec</strong></span> <span class='ocrx_word' id='word_1_128' title='bbox 2349 2321 2547 2397; x_wconf 86' lang='lat' dir='ltr'><strong>enim</strong></span> <span class='ocrx_word' id='word_1_129' title='bbox 2587 2346 2673 2396; x_wconf 93' lang='lat' dir='ltr'><strong>ea</strong></span> <span class='ocrx_word' id='word_1_130' title='bbox 2708 2319 3021 2422; x_wconf 87' lang='lat' dir='ltr'><strong>usucapi</strong></span> <span class='ocrx_word' id='word_1_131' title='bbox 3058 2327 3397 2420; x_wconf 81' lang='lat' dir='ltr'><strong>possunt,</strong></span> 
     </span>
     <span class='ocr_line' id='line_1_16' title="bbox 625 2441 3407 2550; baseline -0.004 -25"><span class='ocrx_word' id='word_1_132' title='bbox 625 2472 815 2550; x_wconf 86' lang='lat' dir='ltr'><strong>quae</strong></span> <span class='ocrx_word' id='word_1_133' title='bbox 871 2472 1023 2523; x_wconf 90' lang='lat' dir='ltr'><strong>non</strong></span> <span class='ocrx_word' id='word_1_134' title='bbox 1079 2442 1356 2521; x_wconf 89' lang='lat' dir='ltr'><strong>utendo</strong></span> <span class='ocrx_word' id='word_1_135' title='bbox 1416 2446 1872 2520; x_wconf 84' lang='lat' dir='ltr'><strong>amittuntur.</strong></span> <span class='ocrx_word' id='word_1_136' title='bbox 1937 2487 2039 2497; x_wconf 89' lang='lat'><strong>—-</strong></span> <span class='ocrx_word' id='word_1_137' title='bbox 2096 2443 2431 2520; x_wconf 84' lang='lat' dir='ltr'><strong>Servitus</strong></span> <span class='ocrx_word' id='word_1_138' title='bbox 2486 2443 2939 2520; x_wconf 84' lang='lat' dir='ltr'><strong>hauriendae</strong></span> <span class='ocrx_word' id='word_1_139' title='bbox 3000 2468 3234 2544; x_wconf 89' lang='lat' dir='ltr'><strong>aquae</strong></span> <span class='ocrx_word' id='word_1_140' title='bbox 3289 2441 3407 2516; x_wconf 89' lang='lat' dir='ltr'><strong>vel</strong></span> 
     </span>
    </p>
   </div>
   <div class='ocr_carea' id='block_1_6' title="bbox 623 2568 3401 2671">
    <p class='ocr_par' dir='ltr' id='par_1_6' title="bbox 623 2568 3401 2671">
     <span class='ocr_line' id='line_1_17' title="bbox 623 2568 3401 2671; baseline -0.003 -24"><span class='ocrx_word' id='word_1_141' title='bbox 623 2569 1007 2648; x_wconf 88' lang='lat' dir='ltr'><strong>ducendae</strong></span> <span class='ocrx_word' id='word_1_142' title='bbox 1045 2569 1348 2647; x_wconf 89' lang='lat' dir='ltr'><strong>biennio</strong></span> <span class='ocrx_word' id='word_1_143' title='bbox 1385 2571 1661 2646; x_wconf 89' lang='lat' dir='ltr'><strong>omissa</strong></span> <span class='ocrx_word' id='word_1_144' title='bbox 1697 2569 2106 2666; x_wconf 84' lang='lat' dir='ltr'><strong>intercidit,</strong></span> <span class='ocrx_word' id='word_1_145' title='bbox 2166 2579 2239 2645; x_wconf 90' lang='lat' dir='ltr'><strong>et</strong></span> <span class='ocrx_word' id='word_1_146' title='bbox 2277 2568 2583 2646; x_wconf 89' lang='lat' dir='ltr'><strong>biennio</strong></span> <span class='ocrx_word' id='word_1_147' title='bbox 2624 2579 2981 2670; x_wconf 87' lang='lat' dir='ltr'><strong>usurpata</strong></span> <span class='ocrx_word' id='word_1_148' title='bbox 3021 2569 3401 2671; x_wconf 85' lang='lat' dir='ltr'><strong>recipitur.</strong></span> 
     </span>
    </p>
   </div>
   <div class='ocr_carea' id='block_1_7' title="bbox 625 2695 2253 2883">
    <p class='ocr_par' dir='ltr' id='par_1_7' title="bbox 625 2695 2253 2883">
     <span class='ocr_line' id='line_1_18' title="bbox 625 2695 1587 2792; baseline -0.002 -20"><span class='ocrx_word' id='word_1_149' title='bbox 625 2695 950 2790; x_wconf 83' lang='lat' dir='ltr'><strong>(Pauli</strong></span> <span class='ocrx_word' id='word_1_150' title='bbox 1005 2706 1242 2773; x_wconf 87' lang='lat' dir='ltr'><strong>sent.</strong></span> <span class='ocrx_word' id='word_1_151' title='bbox 1301 2696 1357 2792; x_wconf 90' lang='grc' dir='ltr'><strong>Ι,</strong></span> <span class='ocrx_word' id='word_1_152' title='bbox 1420 2695 1587 2788; x_wconf 81' lang='grc'>17.)</span> 
     </span>
     <span class='ocr_line' id='line_1_19' title="bbox 852 2798 2253 2883; baseline 0.004 -7"><span class='ocrx_word' id='word_1_153' title='bbox 852 2861 860 2876; x_wconf 90' lang='grc'><em>.</em></span> <span class='ocrx_word' id='word_1_154' title='bbox 1778 2798 2253 2883; x_wconf 73' lang='lat' dir='ltr'><strong>Ad1407.</strong></span> 
     </span>
    </p>
   </div>
   <div class='ocr_carea' id='block_1_8' title="bbox 626 2965 3409 3321">
    <p class='ocr_par' dir='ltr' id='par_1_8' title="bbox 626 2965 3409 3321">
     <span class='ocr_line' id='line_1_20' title="bbox 841 2965 3409 3068; baseline -0.002 -25"><span class='ocrx_word' id='word_1_155' title='bbox 841 2965 920 3043; x_wconf 88' lang='lat' dir='ltr'><strong>Si</strong></span> <span class='ocrx_word' id='word_1_156' title='bbox 958 2969 1124 3068; x_wconf 89' lang='lat' dir='ltr'><strong>quis</strong></span> <span class='ocrx_word' id='word_1_157' title='bbox 1179 2992 1556 3045; x_wconf 88' lang='lat' dir='ltr'><strong>servorum</strong></span> <span class='ocrx_word' id='word_1_158' title='bbox 1618 2968 2072 3068; x_wconf 72' lang='lat' dir='ltr'><strong>aufugisset,</strong></span> <span class='ocrx_word' id='word_1_159' title='bbox 2106 2967 2473 3047; x_wconf 81' lang='lat' dir='ltr'><strong>,dominus</strong></span> <span class='ocrx_word' id='word_1_160' title='bbox 2507 2993 2663 3043; x_wconf 88' lang='lat' dir='ltr'><strong>non</strong></span> <span class='ocrx_word' id='word_1_161' title='bbox 2702 2968 2941 3043; x_wconf 88' lang='lat' dir='ltr'><strong>solum</strong></span> <span class='ocrx_word' id='word_1_162' title='bbox 2982 2966 3141 3067; x_wconf 89' lang='lat' dir='ltr'><strong>ipse</strong></span> <span class='ocrx_word' id='word_1_163' title='bbox 3184 2989 3409 3040; x_wconf 88' lang='lat' dir='ltr'><strong>cona-</strong></span> 
     </span>
     <span class='ocr_line' id='line_1_21' title="bbox 627 3090 3407 3197; baseline -0.001 -27"><span class='ocrx_word' id='word_1_164' title='bbox 627 3093 857 3194; x_wconf 26' lang='lat' dir='ltr'><strong>batur‘</strong></span> <span class='ocrx_word' id='word_1_165' title='bbox 883 3094 1089 3171; x_wconf 89' lang='lat' dir='ltr'><strong>illum</strong></span> <span class='ocrx_word' id='word_1_166' title='bbox 1128 3119 1424 3197; x_wconf 88' lang='lat' dir='ltr'><strong>capere,</strong></span> <span class='ocrx_word' id='word_1_167' title='bbox 1463 3094 1594 3170; x_wconf 89' lang='lat' dir='ltr'><strong>sed</strong></span> <span class='ocrx_word' id='word_1_168' title='bbox 1631 3104 1708 3170; x_wconf 89' lang='lat' dir='ltr'><strong>et</strong></span> <span class='ocrx_word' id='word_1_169' title='bbox 1745 3095 1930 3171; x_wconf 88' lang='lat' dir='ltr'><strong>alios</strong></span> <span class='ocrx_word' id='word_1_170' title='bbox 1970 3094 2261 3171; x_wconf 84' lang='lat' dir='ltr'><strong>solebat</strong></span> <span class='ocrx_word' id='word_1_171' title='bbox 2299 3119 2641 3189; x_wconf 84' lang='lat' dir='ltr'><strong>evocare,</strong></span> <span class='ocrx_word' id='word_1_172' title='bbox 2683 3090 3104 3169; x_wconf 90' lang='lat' dir='ltr'><strong>mercedem</strong></span> <span class='ocrx_word' id='word_1_173' title='bbox 3142 3094 3407 3193; x_wconf 81' lang='lat' dir='ltr'><strong>inven-</strong></span> 
     </span>
     <span class='ocr_line' id='line_1_22' title="bbox 626 3204 3408 3321; baseline -0.001 -26"><span class='ocrx_word' id='word_1_174' title='bbox 626 3219 848 3295; x_wconf 82' lang='lat' dir='ltr'><strong>tionis</strong></span> <span class='ocrx_word' id='word_1_175' title='bbox 887 3219 1048 3321; x_wconf 86' lang='lat' dir='ltr'><strong>ejus</strong></span> <span class='ocrx_word' id='word_1_176' title='bbox 1083 3219 1486 3321; x_wconf 85' lang='lat' dir='ltr'><strong>praeconio</strong></span> <span class='ocrx_word' id='word_1_177' title='bbox 1526 3218 2000 3297; x_wconf 89' lang='lat' dir='ltr'><strong>denuntians.</strong></span> <span class='ocrx_word' id='word_1_178' title='bbox 2040 3216 2364 3317; x_wconf 83' lang='grc' dir='ltr'><em>Σῶστρα</em></span> <span class='ocrx_word' id='word_1_179' title='bbox 2407 3210 2988 3315; x_wconf 80' lang='grc' dir='ltr'><em>ἄνακηρύσσων.</em></span> <span class='ocrx_word' id='word_1_180' title='bbox 3054 3204 3408 3311; x_wconf 81' lang='lat' dir='ltr'><strong>(Xeno-</strong></span> 
     </span>
    </p>
   </div>
   <div class='ocr_carea' id='block_1_9' title="bbox 628 3342 1750 3448">
    <p class='ocr_par' dir='ltr' id='par_1_9' title="bbox 628 3342 1750 3448">
     <span class='ocr_line' id='line_1_23' title="bbox 628 3342 1750 3448; baseline 0.003 -30"><span class='ocrx_word' id='word_1_181' title='bbox 628 3343 908 3448; x_wconf 88' lang='lat' dir='ltr'><strong>phon.</strong></span> <span class='ocrx_word' id='word_1_182' title='bbox 968 3342 1274 3421; x_wconf 84' lang='lat' dir='ltr'><strong>Memor.</strong></span> <span class='ocrx_word' id='word_1_183' title='bbox 1331 3344 1428 3441; x_wconf 87' lang='grc' dir='ltr'><strong>ΙΙ,</strong></span> <span class='ocrx_word' id='word_1_184' title='bbox 1476 3345 1596 3440; x_wconf 82' lang='grc'><strong>10,</strong></span> <span class='ocrx_word' id='word_1_185' title='bbox 1637 3346 1750 3436; x_wconf 84' lang='grc'><strong>2.)</strong></span> 
     </span>
    </p>
   </div>
   <div class='ocr_carea' id='block_1_10' title="bbox 630 3486 3409 5225">
    <p class='ocr_par' dir='ltr' id='par_1_10' title="bbox 630 3486 3409 4341">
     <span class='ocr_line' id='line_1_24' title="bbox 733 3486 3408 3590; baseline -0.002 -22"><span class='ocrx_word' id='word_1_186' title='bbox 733 3575 736 3578; x_wconf 61' lang='grc'><em>,</em></span> <span class='ocrx_word' id='word_1_187' title='bbox 840 3491 930 3568; x_wconf 92' lang='lat' dir='ltr'><strong>In</strong></span> <span class='ocrx_word' id='word_1_188' title='bbox 969 3486 1391 3590; x_wconf 83' lang='lat' dir='ltr'><strong>hujusmodi</strong></span> <span class='ocrx_word' id='word_1_189' title='bbox 1430 3491 1833 3590; x_wconf 88' lang='lat' dir='ltr'><strong>praeconio</strong></span> <span class='ocrx_word' id='word_1_190' title='bbox 1874 3490 2220 3567; x_wconf 89' lang='lat' dir='ltr'><strong>solebant</strong></span> <span class='ocrx_word' id='word_1_191' title='bbox 2259 3489 2539 3569; x_wconf 89' lang='lat' dir='ltr'><strong>domini</strong></span> <span class='ocrx_word' id='word_1_192' title='bbox 2587 3487 3011 3567; x_wconf 79' lang='lat' dir='ltr'><strong>describere</strong></span> <span class='ocrx_word' id='word_1_193' title='bbox 3050 3486 3408 3588; x_wconf 86' lang='lat' dir='ltr'><strong>fugitivo·</strong></span> 
     </span>
     <span class='ocr_line' id='line_1_25' title="bbox 631 3614 3409 3715; baseline -0.001 -24"><span class='ocrx_word' id='word_1_194' title='bbox 631 3640 794 3691; x_wconf 90' lang='lat' dir='ltr'><strong>rum</strong></span> <span class='ocrx_word' id='word_1_195' title='bbox 829 3639 1140 3708; x_wconf 88' lang='lat' dir='ltr'><strong>nomen,</strong></span> <span class='ocrx_word' id='word_1_196' title='bbox 1196 3615 1518 3715; x_wconf 83' lang='lat' dir='ltr'><strong>patriam</strong></span> <span class='ocrx_word' id='word_1_197' title='bbox 1557 3625 1632 3690; x_wconf 89' lang='lat' dir='ltr'><strong>et</strong></span> <span class='ocrx_word' id='word_1_198' title='bbox 1673 3626 1910 3691; x_wconf 88' lang='lat' dir='ltr'><strong>notas.</strong></span> <span class='ocrx_word' id='word_1_199' title='bbox 1985 3614 2269 3715; x_wconf 84' lang='lat' dir='ltr'><strong>Tangit</strong></span> <span class='ocrx_word' id='word_1_200' title='bbox 2318 3616 2519 3693; x_wconf 91' lang='lat' dir='ltr'><strong>hunc</strong></span> <span class='ocrx_word' id='word_1_201' title='bbox 2575 3640 2857 3693; x_wconf 84' lang='lat' dir='ltr'><strong>morem</strong></span> <span class='ocrx_word' id='word_1_202' title='bbox 2912 3614 3409 3691; x_wconf 82' lang='lat' dir='ltr'><strong>Lucianus</strong></span> 
     </span>
     <span class='ocr_line' id='line_1_26' title="bbox 633 3736 3408 3843; baseline -0.001 -26"><span class='ocrx_word' id='word_1_203' title='bbox 633 3739 1004 3839; x_wconf 80' lang='lat' dir='ltr'><strong>(Fugitivi</strong></span> <span class='ocrx_word' id='word_1_204' title='bbox 1043 3738 1254 3832; x_wconf 56' lang='lat'><strong>273:</strong></span> <span class='ocrx_word' id='word_1_205' title='bbox 1315 3736 1446 3837; x_wconf 82' lang='lat' dir='ltr'><strong>„Si</strong></span> <span class='ocrx_word' id='word_1_206' title='bbox 1483 3743 1648 3841; x_wconf 86' lang='lat' dir='ltr'><strong>quis</strong></span> <span class='ocrx_word' id='word_1_207' title='bbox 1683 3740 2141 3843; x_wconf 88' lang='lat' dir='ltr'><strong>mancipium</strong></span> <span class='ocrx_word' id='word_1_208' title='bbox 2178 3741 2862 3843; x_wconf 86' lang='lat' dir='ltr'><strong>Paphlagonicum,</strong></span> <span class='ocrx_word' id='word_1_209' title='bbox 2904 3738 2997 3815; x_wconf 88' lang='lat' dir='ltr'><strong>de</strong></span> <span class='ocrx_word' id='word_1_210' title='bbox 3036 3738 3408 3843; x_wconf 89' lang='lat' dir='ltr'><strong>Sinopen-</strong></span> 
     </span>
     <span class='ocr_line' id='line_1_27' title="bbox 630 3864 3406 3967; baseline -0.001 -25"><span class='ocrx_word' id='word_1_211' title='bbox 630 3866 834 3945; x_wconf 87' lang='lat' dir='ltr'><strong>sibus</strong></span> <span class='ocrx_word' id='word_1_212' title='bbox 873 3864 1254 3959; x_wconf 85' lang='lat' dir='ltr'><strong>barbaris,</strong></span> <span class='ocrx_word' id='word_1_213' title='bbox 1313 3865 1614 3945; x_wconf 87' lang='lat' dir='ltr'><strong>nomine</strong></span> <span class='ocrx_word' id='word_1_214' title='bbox 1667 3868 1798 3945; x_wconf 78' lang='lat' dir='ltr'><strong>tali</strong></span> <span class='ocrx_word' id='word_1_215' title='bbox 1855 3864 2055 3967; x_wconf 93' lang='lat' dir='ltr'><strong>quod</strong></span> <span class='ocrx_word' id='word_1_216' title='bbox 2111 3868 2205 3945; x_wconf 88' lang='lat' dir='ltr'><strong>ab</strong></span> <span class='ocrx_word' id='word_1_217' title='bbox 2266 3866 2617 3945; x_wconf 88' lang='lat' dir='ltr'><strong>habendo</strong></span> <span class='ocrx_word' id='word_1_218' title='bbox 2675 3864 2977 3943; x_wconf 83' lang='lat' dir='ltr'><strong>ductum</strong></span> <span class='ocrx_word' id='word_1_219' title='bbox 3036 3876 3153 3943; x_wconf 87' lang='lat' dir='ltr'><strong>est</strong></span> <span class='ocrx_word' id='word_1_220' title='bbox 3188 3867 3301 3963; x_wconf 87' lang='lat' dir='ltr'><strong>(e.</strong></span> <span class='ocrx_word' id='word_1_221' title='bbox 3338 3892 3406 3965; x_wconf 86' lang='lat' dir='ltr'><strong>g.</strong></span> 
     </span>
     <span class='ocr_line' id='line_1_28' title="bbox 632 3984 3409 4095; baseline 0.001 -32"><span class='ocrx_word' id='word_1_222' title='bbox 632 3985 996 4081; x_wconf 83' lang='grc' dir='ltr'><em>Κτήσων,</em></span> <span class='ocrx_word' id='word_1_223' title='bbox 1039 3984 1526 4079; x_wconf 76' lang='grc' dir='ltr'><em>Κτήσιππος,</em></span> <span class='ocrx_word' id='word_1_224' title='bbox 1567 3984 2049 4089; x_wconf 79' lang='grc' dir='ltr'><em>Εὐκτήμων,</em></span> <span class='ocrx_word' id='word_1_225' title='bbox 2096 3986 2673 4089; x_wconf 74' lang='grc' dir='ltr'><em>Πολύκτητος),</em></span> <span class='ocrx_word' id='word_1_226' title='bbox 2732 3990 3268 4095; x_wconf 81' lang='lat' dir='ltr'><strong>suppallidum,</strong></span> <span class='ocrx_word' id='word_1_227' title='bbox 3320 3988 3409 4067; x_wconf 82' lang='lat' dir='ltr'><strong>ad</strong></span> 
     </span>
     <span class='ocr_line' id='line_1_29' title="bbox 630 4116 3407 4222; baseline -0.001 -28"><span class='ocrx_word' id='word_1_228' title='bbox 630 4129 880 4195; x_wconf 90' lang='lat' dir='ltr'><strong>cutem</strong></span> <span class='ocrx_word' id='word_1_229' title='bbox 930 4116 1363 4214; x_wconf 79' lang='lat' dir='ltr'><strong>detonsum,</strong></span> <span class='ocrx_word' id='word_1_230' title='bbox 1422 4116 1661 4195; x_wconf 84' lang='lat' dir='ltr'><strong>barba</strong></span> <span class='ocrx_word' id='word_1_231' title='bbox 1713 4118 2045 4222; x_wconf 86' lang='lat' dir='ltr'><strong>prolixa,</strong></span> <span class='ocrx_word' id='word_1_232' title='bbox 2104 4117 2434 4197; x_wconf 90' lang='lat' dir='ltr'><strong>indicare</strong></span> <span class='ocrx_word' id='word_1_233' title='bbox 2492 4117 2911 4196; x_wconf 83' lang='lat' dir='ltr'><strong>conditione</strong></span> <span class='ocrx_word' id='word_1_234' title='bbox 2968 4142 3197 4216; x_wconf 88' lang='lat' dir='ltr'><strong>quam</strong></span> <span class='ocrx_word' id='word_1_235' title='bbox 3254 4116 3407 4219; x_wconf 89' lang='lat' dir='ltr'><strong>ipse</strong></span> 
     </span>
     <span class='ocr_line' id='line_1_30' title="bbox 632 4242 1726 4341; baseline 0.001 -19"><span class='ocrx_word' id='word_1_236' title='bbox 632 4242 948 4341; x_wconf 83' lang='lat' dir='ltr'><strong>dixerit,</strong></span> <span class='ocrx_word' id='word_1_237' title='bbox 982 4243 1304 4323; x_wconf 84' lang='lat' dir='ltr'><strong>voluerit</strong></span> <span class='ocrx_word' id='word_1_238' title='bbox 1341 4244 1726 4324; x_wconf 85' lang='lat' dir='ltr'><strong>accedat.“</strong></span> 
     </span>
    </p>

    <p class='ocr_par' dir='ltr' id='par_1_11' title="bbox 632 4386 3409 5225">
     <span class='ocr_line' id='line_1_31' title="bbox 847 4386 3408 4492; baseline 0 -28"><span class='ocrx_word' id='word_1_239' title='bbox 847 4388 1090 4466; x_wconf 80' lang='lat' dir='ltr'><strong>Etiam</strong></span> <span class='ocrx_word' id='word_1_240' title='bbox 1144 4388 1224 4464; x_wconf 87' lang='lat' dir='ltr'><strong>in</strong></span> <span class='ocrx_word' id='word_1_241' title='bbox 1280 4387 1566 4467; x_wconf 82' lang='lat' dir='ltr'><strong>Moschi</strong></span> <span class='ocrx_word' id='word_1_242' title='bbox 1621 4387 1892 4491; x_wconf 78' lang='lat' dir='ltr'><strong>Idynio</strong></span> <span class='ocrx_word' id='word_1_243' title='bbox 1950 4393 2073 4470; x_wconf 91' lang='lat' dir='ltr'><strong>I-o</strong></span> <span class='ocrx_word' id='word_1_244' title='bbox 2126 4392 2445 4490; x_wconf 84' lang='lat' dir='ltr'><strong>legimus</strong></span> <span class='ocrx_word' id='word_1_245' title='bbox 2500 4388 2863 4492; x_wconf 82' lang='lat' dir='ltr'><strong>ejusmodi</strong></span> <span class='ocrx_word' id='word_1_246' title='bbox 2896 4386 3408 4490; x_wconf 70' lang='lat' dir='ltr'><strong>praeconium</strong></span> 
     </span>
     <span class='ocr_line' id='line_1_32' title="bbox 632 4510 3406 4618; baseline -0.003 -26"><span class='ocrx_word' id='word_1_247' title='bbox 632 4512 890 4592; x_wconf 79' lang='lat' dir='ltr'><strong>Venus</strong></span> <span class='ocrx_word' id='word_1_248' title='bbox 927 4514 1130 4590; x_wconf 86' lang='lat' dir='ltr'><strong>enim</strong></span> <span class='ocrx_word' id='word_1_249' title='bbox 1165 4514 1272 4591; x_wconf 90' lang='lat' dir='ltr'><strong>ibi</strong></span> <span class='ocrx_word' id='word_1_250' title='bbox 1307 4514 1698 4593; x_wconf 88' lang='lat' dir='ltr'><strong>inclamat:</strong></span> <span class='ocrx_word' id='word_1_251' title='bbox 1761 4515 1893 4613; x_wconf 86' lang='lat' dir='ltr'><strong>„Si</strong></span> <span class='ocrx_word' id='word_1_252' title='bbox 1946 4516 2110 4618; x_wconf 89' lang='lat' dir='ltr'><strong>quis</strong></span> <span class='ocrx_word' id='word_1_253' title='bbox 2156 4518 2233 4594; x_wconf 89' lang='lat' dir='ltr'><strong>in</strong></span> <span class='ocrx_word' id='word_1_254' title='bbox 2272 4517 2508 4593; x_wconf 81' lang='lat' dir='ltr'><strong>triviis</strong></span> <span class='ocrx_word' id='word_1_255' title='bbox 2548 4523 2925 4594; x_wconf 83' lang='lat' dir='ltr'><strong>errantem</strong></span> <span class='ocrx_word' id='word_1_256' title='bbox 2962 4510 3153 4591; x_wconf 80' lang='lat' dir='ltr'><strong>vidit</strong></span> <span class='ocrx_word' id='word_1_257' title='bbox 3188 4510 3406 4593; x_wconf 77' lang='lat' dir='ltr'><strong>Amo-</strong></span> 
     </span>
     <span class='ocr_line' id='line_1_33' title="bbox 633 4635 3409 4743; baseline -0.001 -28"><span class='ocrx_word' id='word_1_258' title='bbox 633 4664 832 4737; x_wconf 88' lang='lat' dir='ltr'><strong>rem,</strong></span> <span class='ocrx_word' id='word_1_259' title='bbox 889 4639 1250 4737; x_wconf 76' lang='lat' dir='ltr'><strong>fugitivus</strong></span> <span class='ocrx_word' id='word_1_260' title='bbox 1299 4664 1508 4717; x_wconf 90' lang='lat' dir='ltr'><strong>meus</strong></span> <span class='ocrx_word' id='word_1_261' title='bbox 1565 4652 1699 4717; x_wconf 89' lang='lat' dir='ltr'><strong>est.</strong></span> <span class='ocrx_word' id='word_1_262' title='bbox 1775 4641 2015 4720; x_wconf 84' lang='lat' dir='ltr'><strong>Index</strong></span> <span class='ocrx_word' id='word_1_263' title='bbox 2076 4643 2493 4743; x_wconf 87' lang='lat' dir='ltr'><strong>praemium</strong></span> <span class='ocrx_word' id='word_1_264' title='bbox 2548 4639 2874 4720; x_wconf 86' lang='lat' dir='ltr'><strong>habebit.</strong></span> <span class='ocrx_word' id='word_1_265' title='bbox 2954 4638 3243 4715; x_wconf 85' lang='lat' dir='ltr'><strong>Merces</strong></span> <span class='ocrx_word' id='word_1_266' title='bbox 3282 4635 3409 4713; x_wconf 89' lang='lat' dir='ltr'><strong>tibi</strong></span> 
     </span>
     <span class='ocr_line' id='line_1_34' title="bbox 633 4762 3405 4869; baseline -0.002 -26"><span class='ocrx_word' id='word_1_267' title='bbox 633 4764 774 4843; x_wconf 76' lang='lat' dir='ltr'><strong>erit</strong></span> <span class='ocrx_word' id='word_1_268' title='bbox 829 4765 1166 4841; x_wconf 83' lang='lat' dir='ltr'><strong>osculum</strong></span> <span class='ocrx_word' id='word_1_269' title='bbox 1223 4762 1559 4843; x_wconf 87' lang='lat' dir='ltr'><strong>Veneris.</strong></span> <span class='ocrx_word' id='word_1_270' title='bbox 1635 4765 1716 4844; x_wconf 82' lang='lat' dir='ltr'><strong>Si</strong></span> <span class='ocrx_word' id='word_1_271' title='bbox 1773 4792 1956 4843; x_wconf 88' lang='lat' dir='ltr'><strong>vero</strong></span> <span class='ocrx_word' id='word_1_272' title='bbox 2013 4766 2419 4845; x_wconf 84' lang='lat' dir='ltr'><strong>adduxeris</strong></span> <span class='ocrx_word' id='word_1_273' title='bbox 2468 4768 2712 4869; x_wconf 87' lang='lat' dir='ltr'><strong>ipsum</strong></span> <span class='ocrx_word' id='word_1_274' title='bbox 2738 4822 2757 4861; x_wconf 91' lang='lat'><strong>,</strong></span> <span class='ocrx_word' id='word_1_275' title='bbox 2814 4765 3039 4841; x_wconf 85' lang='lat' dir='ltr'><strong>etiam</strong></span> <span class='ocrx_word' id='word_1_276' title='bbox 3076 4764 3247 4865; x_wconf 90' lang='lat' dir='ltr'><strong>plus</strong></span> <span class='ocrx_word' id='word_1_277' title='bbox 3284 4762 3405 4839; x_wconf 87' lang='lat' dir='ltr'><strong>ha·</strong></span> 
     </span>
     <span class='ocr_line' id='line_1_35' title="bbox 632 4888 3408 4995; baseline -0.003 -24"><span class='ocrx_word' id='word_1_278' title='bbox 632 4888 867 4971; x_wconf 68' lang='lat' dir='ltr'><strong>bobis.</strong></span> <span class='ocrx_word' id='word_1_279' title='bbox 943 4890 1078 4967; x_wconf 88' lang='lat' dir='ltr'><strong>Est</strong></span> <span class='ocrx_word' id='word_1_280' title='bbox 1131 4902 1380 4969; x_wconf 87' lang='lat' dir='ltr'><strong>autem</strong></span> <span class='ocrx_word' id='word_1_281' title='bbox 1435 4919 1624 4995; x_wconf 90' lang='lat' dir='ltr'><strong>puer</strong></span> <span class='ocrx_word' id='word_1_282' title='bbox 1675 4893 1992 4993; x_wconf 83' lang='lat' dir='ltr'><strong>insignis</strong></span> <span class='ocrx_word' id='word_1_283' title='bbox 2012 4952 2033 4990; x_wconf 87' lang='lat'><strong>,</strong></span> <span class='ocrx_word' id='word_1_284' title='bbox 2090 4918 2405 4995; x_wconf 90' lang='lat' dir='ltr'><strong>corpore</strong></span> <span class='ocrx_word' id='word_1_285' title='bbox 2460 4893 2621 4991; x_wconf 84' lang='lat' dir='ltr'><strong>igni</strong></span> <span class='ocrx_word' id='word_1_286' title='bbox 2670 4890 2969 4983; x_wconf 86' lang='lat' dir='ltr'><strong>similis,</strong></span> <span class='ocrx_word' id='word_1_287' title='bbox 3028 4890 3224 4967; x_wconf 88' lang='lat' dir='ltr'><strong>oculi</strong></span> <span class='ocrx_word' id='word_1_288' title='bbox 3260 4888 3408 4987; x_wconf 86' lang='lat' dir='ltr'><strong>ejus</strong></span> 
     </span>
     <span class='ocr_line' id='line_1_36' title="bbox 633 5017 3405 5120; baseline -0.003 -24"><span class='ocrx_word' id='word_1_289' title='bbox 633 5028 810 5096; x_wconf 73' lang='lat' dir='ltr'><strong>nunt</strong></span> <span class='ocrx_word' id='word_1_290' title='bbox 843 5037 1088 5110; x_wconf 79' lang='lat' dir='ltr'><strong>acres,</strong></span> <span class='ocrx_word' id='word_1_291' title='bbox 1127 5017 1362 5093; x_wconf 88' lang='lat' dir='ltr'><strong>oratio</strong></span> <span class='ocrx_word' id='word_1_292' title='bbox 1399 5020 1688 5115; x_wconf 85' lang='lat' dir='ltr'><strong>suavis,</strong></span> <span class='ocrx_word' id='word_1_293' title='bbox 1743 5030 1973 5120; x_wconf 89' lang='lat' dir='ltr'><strong>caput</strong></span> <span class='ocrx_word' id='word_1_294' title='bbox 2010 5018 2316 5120; x_wconf 90' lang='lat' dir='ltr'><strong>pulchre</strong></span> <span class='ocrx_word' id='word_1_295' title='bbox 2352 5018 2893 5113; x_wconf 88' lang='lat' dir='ltr'><strong>cincinnatum,</strong></span> <span class='ocrx_word' id='word_1_296' title='bbox 2944 5038 3211 5095; x_wconf 84' lang='lat' dir='ltr'><strong>manus</strong></span> <span class='ocrx_word' id='word_1_297' title='bbox 3250 5040 3405 5115; x_wconf 88' lang='lat' dir='ltr'><strong>par·</strong></span> 
     </span>
     <span class='ocr_line' id='line_1_37' title="bbox 634 5144 1008 5225; baseline -0.016 0"><span class='ocrx_word' id='word_1_298' title='bbox 634 5168 778 5225; x_wconf 74' lang='lat' dir='ltr'><strong>vae</strong></span> <span class='ocrx_word' id='word_1_299' title='bbox 821 5144 1008 5221; x_wconf 89' lang='lat' dir='ltr'><strong>etc.“</strong></span> 
     </span>
    </p>
   </div>
   <div class='ocr_carea' id='block_1_11' title="bbox 3654 608 3666 3097">
    <p class='ocr_par' dir='ltr' id='par_1_12' title="bbox 3654 608 3666 3097">
     <span class='ocr_line' id='line_1_38' title="bbox 3654 608 3666 3097; baseline 0 0"><span class='ocrx_word' id='word_1_300' title='bbox 3654 608 3666 3097; x_wconf 95' lang='lat' dir='ltr'><strong> </strong></span> 
     </span>
    </p>
   </div>
  </div>
 </body>
</html>
