3725 5850
1027 427 1645 482 consummamus
1689 425 1792 476 An
1833 424 1991 480 151⁰.
2034 425 2193 480 1513.
2238 427 2397 482 1517.
2938 404 3111 482 683-

539 618 659 720 Gf.
701 616 784 696 O.
825 619 946 696 Fr.
985 620 1268 698 Herm
1292 618 1520 695 anni
1577 617 2151 720 disputationem
2188 618 2281 695 de
2322 619 2655 698 terminis
2692 645 3093 722 eorumque

323 745 684 848 religione
723 744 924 848 apud
962 743 1316 824 Graecos.
1376 741 1828 843 (Gottingae
1874 744 2145 838 1846.)

538 888 823 967 Morem
879 886 1566 978 constituendorum
1620 883 2046 989 hujusmodi
2100 887 2579 968 terminorum
2632 891 3105 972 retinuerunt

323 1013 698 1096 Maniotae
723 1073 742 1110 ,
781 1013 1284 1117 Peloponnesi
1321 1012 1612 1090 incolae
1635 1069 1654 1107 ‚
1695 1037 1930 1114 usque
1965 1012 2063 1090 ad
2100 1024 2433 1092 nostram
2470 1023 2815 1094 aetatem.

541 1153 658 1236 Of.
700 1155 776 1234 Gr
801 1182 840 1233 e
860 1158 885 1233 i
905 1158 996 1233 b:
1034 1157 1528 1257 Darstellung
1566 1157 1698 1236 des
1717 1157 2391 1238 Rechtszustandes
2426 1157 3114 1240 inGriechenland..

537 1300 698 1378 Mos
755 1311 1003 1379 autem
1061 1313 1138 1380 et
1191 1300 1653 1380 consvetudo
1711 1327 1972 1405 parem
2025 1328 2193 1379 cum
2251 1300 2418 1404 lege
2473 1302 2760 1382 habent
2812 1303 2967 1380 vim
3021 1305 3101 1382 in

328 1428 673 1507 Graecia.
749 1425 863 1506 Of.
921 1429 1241 1501 Γενικαὶ
1297 1422 1533 1525 ἀρχαὶ
1588 1424 1734 1501 τοῦ
1791 1430 1879 1502 ἐν
1920 1417 2241 1502 Ἐλλάδι
2296 1423 2705 1523 ἰσχύοντος
2744 1423 3102 1504 ἆστυκοῦ

327 1549 687 1642 δικαίου,
745 1542 905 1628 ὑπὸ
946 1556 1053 1627 Π.
1097 1548 2158 1655 Παπαρρηγοπούλου.
2216 1549 2573 1653 (Athenis
2614 1555 2843 1634 1865.
2880 1555 3101 1635 Tom.

327 1682 386 1759 I.
421 1695 614 1784 pag.
649 1679 830 1776 66.)
1482 1784 1634 1869 Μ
1677 1785 1949 1870 1510·

541 1952 858 2055 Spartae
915 1957 1426 2033 foeneratores
1482 1953 1923 2032 dividebant
1996 1955 2370 2056 scytalen,
2446 1954 2737 2033 duobus
2794 1956 3105 2032 testibus

330 2081 860 2183 praesentibus
883 2139 901 2176 ‚
959 2091 1034 2156 et
1088 2081 1165 2156 in
1205 2091 1516 2180 utraque
1559 2081 1718 2181 ejus
1755 2092 1971 2180 parte
2010 2089 2471 2159 contractum
2509 2081 2977 2174 scribebant;
3032 2089 3109 2154 et

325 2206 636 2282 alteram
675 2205 974 2306 quidem
1013 2206 1141 2281 uni
1183 2231 1223 2281 e
1262 2199 1578 2282 testibus
1615 2205 1939 2301 dabant,
1995 2204 2305 2284 alteram
2362 2232 2544 2285 vero
2592 2207 2741 2285 sibi
2771 2231 3103 2283 reserva-

325 2331 532 2406 bant.
589 2329 967 2426 (photii
1021 2330 1342 2408 Lexic.
1384 2359 1440 2408 e.
1482 2359 1550 2407 v.
1593 2323 1999 2424 σκυτάλη.)

1491 2560 1645 2645 Ad
1678 2561 1949 2646 1513.

545 2729 663 2808 Cf.
705 2729 1010 2809 Gneis
1035 2711 1101 2806 t:
1140 2731 1283 2808 Die
1321 2730 1716 2810 formellen
1743 2729 2113 2829 Vertrage
2150 2729 2284 2808 des
2322 2755 2654 2808 neueren
2688 2727 3107 2808 romischen

328 2856 1115 2958 Obligationenrechts
1186 2857 1262 2932 in
1318 2855 1726 2955 Vergleich
1800 2855 1935 2933 mit
2008 2855 2155 2933 den
2210 2855 2911 2936 Geschiiftsformen
2976 2855 3109 2933 des

329 2982 846 3084 griechischen
884 2981 1185 3059 Rechts.
1246 2980 1620 3077 (Berolini
1667 2982 1939 3076 1845.)

544 3110 993 3213 Exemplum
1013 3108 1490 3211 syngraphae
1511 3106 1683 3186 vide
1707 3107 1910 3209 apud
1931 3107 2313 3187 Demosth.
2335 3108 2412 3185 in
2434 3108 2647 3187 Lacr.
2661 3104 3106 3184 926—-927.

1494 3336 1646 3421 Ad
1680 3338 1951 3422 151⁷.

545 3503 793 3583 Schol.
830 3504 909 3581 in
945 3501 1421 3606 Aristophan.
1460 3502 1740 3583 Nubes.
1780 3504 1980 3581 758:
2028 3498 2170 3579 Ἐν
2216 3512 2377 3590 τοῖς
2413 3499 2811 3587 δικασταῖς
2850 3502 2925 3575 οἱ
2967 3498 3110 3574 δα-

332 3632 621 3706 νεισταὶ
659 3624 1065 3727 ἐρχόμενοι
1105 3630 1420 3732 ἔλεγον,
1481 3618 1581 3715 ὦς
1619 3618 1664 3703 ὁ
1709 3624 1922 3703 δεῖνα
1960 3621 2225 3713 αὐτοῖς
2265 3624 2581 3725 ὀφείλει.
2652 3623 2840 3701 Εἶτα
2879 3618 2922 3702 ὅ
2965 3624 3114 3700 τοῦ

334 3753 834 3855 δικαστηρίου
871 3750 1364 3859 γραμματεύς
1401 3754 1688 3859 ἔγραφε
1724 3752 1987 3834 τοῦτο.
2065 3758 2221 3829 Καὶ
2270 3749 2465 3852 μετὰ
2514 3750 2760 3829 ταῦτα
2798 3743 2841 3829 ὃ
2884 3738 3112 3847 &psl-¹

335 3886 494 3957 λων
529 3876 1002 3978 λαλούμενος
1040 3874 1399 3969 ἀπῃτεῖτο
1436 3874 1527 3955 τὸ
1569 3876 1906 3958 δάνειον.
1983 3881 2451 3976 (Creditores
2505 3880 2823 3979 ingressi
2871 3879 2968 3957 ad
2996 3884 3111 3976 ju-

335 4011 540 4088 dices
579 4008 964 4117 dicebant,
1021 4007 1223 4085 hunc
1259 4008 1380 4085 vel
1415 4008 1628 4085 illum
1665 4009 1847 4111 ipsis
1886 4006 2183 4085 debere.
2254 4006 2548 4085 Deinde
2574 4006 2830 4109 judicii
2869 4006 3115 4084 scriba

334 4136 479 4213 hoc
533 4131 1022 4211 adscribebat.
1097 4134 1374 4213 Postea
1409 4160 1590 4212 vero
1629 4133 1922 4213 debitor
1959 4133 2225 4211 citatus
2263 4130 2494 4211 debiti
2530 4134 3113 4235 postulabatur.)

550 4276 878 4371 Quidam
915 4278 1372 4355 Boeotorum
1407 4303 1538 4357 eos
1560 4334 1582 4372 ,
1637 4278 1766 4379 qui
1822 4304 1977 4355 non
2032 4288 2249 4365 erant
2283 4276 2651 4356 solvendo
2673 4334 2693 4373 ,
2749 4275 2829 4351 in
2864 4274 3117 4355 forum

337 4402 814 4483 adduxerunt
851 4414 928 4479 et
963 4404 1352 4483 eonsidere
1396 4406 1626 4506 jussis
1673 4404 2078 4508 cophinum
2126 4388 2807 4506 super-injecerunt;
2860 4426 2952 4477 ac
2990 4402 3115 4502 qui

333 4530 474 4609 hae
511 4529 816 4632 cophini
852 4552 1101 4630 poena
1137 4532 1448 4607 affectus
1483 4530 1747 4609 fuisset
1767 4589 1786 4624 ‚
1839 4530 2015 4607 inde
2060 4529 2363 4607 infamis
2401 4529 2645 4606 factus
2682 4537 2817 4605 est.
2874 4527 3117 4621 Quam

337 4678 660 4758 poenam
715 4656 1120 4754 irrogatam
1177 4657 1404 4734 etiam
1441 4655 1820 4759 Euripidis
1875 4656 2112 4758 patri,
2176 4655 2302 4755 qui
2342 4680 2383 4730 e
2422 4654 2720 4731 Boeotis
2760 4651 3117 4745 oriundus

339 4792 534 4877 erat,
591 4793 770 4861 sunt
805 4782 931 4882 qui
969 4781 1414 4859 existiment.
1469 4782 1592 4877 (N
1607 4783 1913 4860 icolai
1951 4780 2386 4859 Damaso.
2426 4782 2691 4881 fragm.
2735 4780 2955 4873 113.)
3102 4848 3111 4870 ,

555 4922 782 5027 Apud
823 4925 1189 5020 Lucanos,
1227 4927 1290 5001 si
1329 4926 1494 5026 quis
1537 4927 1925 5002 convictus
1965 4935 2163 5002 esset
2198 4924 2577 5003 luxurioso
2616 4933 2955 5003 mutuum
2990 4922 3118 5001 de-

341 5054 559 5149 disse,
600 5062 860 5130 mutuo
899 5051 1042 5130 isto
1080 5051 1596 5131 mulctabatur.
1655 5051 2095 5147 (Nico-lai
2133 5051 2201 5127 D
2226 5077 2565 5131 amase.
2606 5051 2871 5149 fragm.
2900 5048 3118 5143 108.)
