3725 5850
684 416 786 493 58
1771 446 1899 499 ms
1932 444 2357 501 russmcmr.

1975 634 2156 715 216.

785 732 794 746 “
887 740 1498 849 Nomophylaoes
1555 745 1852 846 (legum
1890 744 2277 840 custodes)
2334 745 2581 825 fasciis
2622 744 2817 825 albis
2852 753 3203 839 utuntur,
3262 742 3453 821 etin

674 871 1116 976 spectaculis
1153 895 1194 949 e
1232 874 1542 973 regione
1577 896 1851 952 novem
1889 870 2335 951 archontum
2370 874 2451 949 in
2498 875 2703 952 sellis
2742 872 3127 951 curulibus
3164 866 3453 963 sedent,

673 997 853 1074 item
889 996 1218 1075 Palladis
1255 1023 1614 1101 pompam
1647 996 2021 1074 adornant
2038 1052 2057 1085 ,
2112 1020 2285 1073 eum
2336 998 2820 1075 simulacrum
2875 998 3036 1099 ejus
3094 994 3191 1073 ad
3242 1016 3450 1072 mare

675 1120 1021 1199 defertur.
1098 1120 1402 1221 Cogunt
1439 1124 1662 1198 etiam
1699 1122 2180 1223 magistratus
2218 1147 2517 1199 servare
2554 1122 2804 1223 leges,
2843 1131 2918 1199 et
2949 1122 3031 1197 in
3069 1118 3451 1197 eoneioni·

674 1245 816 1323 bus
866 1244 1195 1325 assident
1250 1247 1718 1350 praesidibus
1739 1306 1759 1345 ,
1815 1248 2315 1351 impedientes
2371 1248 2654 1349 nequid
2712 1246 3156 1325 decernatur
3174 1302 3195 1345 ,
3249 1243 3454 1348 quod

670 1373 795 1450 vel
829 1372 1126 1472 legibus
1162 1373 1545 1453 adversari
1583 1374 1708 1453 vel
1744 1374 2204 1479 reipublicae
2242 1374 2519 1453 damno
2556 1372 2717 1453 fore
2754 1372 3152 1451 videretur.

1970 1534 2149 1613 217.

889 1657 988 1733 Οἱ
1043 1657 1204 1735 τῶν
1257 1658 1518 1759 νόμων
1573 1658 1921 1757 φύλακες
1977 1663 2635 1761 ἐπιμελείσθωσαν
2688 1656 2847 1734 τῶν
2904 1661 3451 1758 πληιιμελουν-

667 1810 851 1875 των,
893 1782 1197 1889 πρῶτον
1221 1786 1374 1884 μὲν
1409 1783 2000 1877 νουθετοῦντες,
2038 1782 2188 1863 ἐοὶν
2225 1781 2303 1863 δὲ
2332 1782 2442 1883 μή
2482 1788 2937 1873 πείθωνται,
2978 1779 3447 1883 ζημιοῦντες.

1967 2021 2121 2095 217
2335 1908 2743 2010 (Stobaeus
2780 1934 2999 1990 serm.
3040 1910 3231 2004 42.).

880 2126 1172 2226 Legum
1235 2129 1581 2205 custodes
1635 2128 2038 2228 invigilent
2099 2125 2737 2229 delinquentibus,
2796 2152 2885 2206 ae
2920 2125 3252 2232 primum
3286 2124 3451 2226 qui-

670 2253 844 2330 dem
878 2252 1372 2350 admoneant,
1414 2254 1474 2330 si
1512 2279 1694 2331 vero
1731 2280 1888 2330 non
1926 2253 2386 2351 obedierint,
2438 2252 2756 2359 puniant
2792 2280 2943 2332 eos.

1969 2415 2147 2493 218.

881 2540 943 2609 Ε
966 2531 1014 2609 ὐ
1045 2536 1175 2612 θῦ
1197 2566 1354 2613 ναι
1413 2536 1603 2615 δέκα
1639 2538 1782 2615 τὸν
1820 2534 2168 2639 ἀριθμόν
2205 2541 2402 2614 εἰσιν
2438 2529 2710 2637 ἄνδρες
2730 2592 2753 2629 ,
2811 2544 2983 2636 παρ’
3026 2531 3142 2623 οἷς
3179 2527 3453 2610 διδόα-

669 2686 796 2736 σιν
832 2662 908 2736 οἱ
945 2659 1537 2762 πρεσβεύσαντες
1577 2658 1623 2756 ἢ
1660 2657 2031 2764 ἄρξαντες
2089 2654 2138 2754 ἢ
2200 2658 2720 2753 διοικήσαντές
2756 2689 2829 2738 τι
2866 2660 3024 2737 τῶν
3060 2658 3455 2759 δημοσίων

671 2778 808 2872 τοὶς
846 2780 1220 2874 εὐθύνας.
2626 2788 3231 2893 (Harpocratio.)

884 3005 1292 3086 Exactores
1330 3020 1508 3085 sunt
1539 3010 1803 3086 deeem
1842 2900 2155 3087 ηιιιίἒῗο
2202 2997 2382 3104 vi'ri,
2442 3007 2645 3110 apud
2678 3031 2869 3108 quos
2906 3006 3032 3108 qui
3068 3004 3447 3106 legatione

667 3132 903 3208 functi
941 3143 1195 3228 erant,
1233 3143 1364 3210 aut
1397 3134 1920 3235 magistratum
1954 3142 2348 3234 gesserant
2366 3189 2386 3228 ,
2424 3143 2555 3209 aut
2591 3130 2871 3232 aliquid
2908 3154 3161 3208 rerum
3197 3127 3447 3232 publi-

667 3281 924 3336 carum
958 3258 1713 3357 administraverant,
1775 3260 2103 3339 rationes
2138 3254 2482 3337 reddunt.

1966 3419 2059 3495 21
2127 3477 2144 3497 .

875 3535 1012 3634 'Eg
1052 3538 1369 3634 ἑκάστης
1405 3540 1650 3638 φυλῆς
1685 3549 1823 3622 ἕνα
1866 3421 2225 3624 εὕθυῗον
2256 3539 2628 3646 κληροῦν,
2647 3535 2900 3638 τούτῳ
2938 3533 3017 3614 δὲ
3057 3534 3201 3616 δύο
3239 3567 3445 3640 παρ-

675 3663 957 3768 έδρους.
1966 3781 2121 3856 219
2646 3668 2938 3766 (Photii
2975 3665 3225 3763 Lex.)

883 3885 947 3963 Ε
984 3885 1284 3986 singula
1339 3887 1538 3966 tribu
1595 3914 1787 3966 unus
1845 3903 2151 3967 exactor
2198 3901 2397 3967 sorte
2435 3886 2751 3988 eligatur
2786 3909 2955 3964 cum
2992 3881 3286 3963 duobus
3319 3907 3441 3960 as-

672 4013 1107 4090 sessoribus.

1968 4121 2146 4197 220.

891 4238 1092 4329 Τούς
1128 4245 1464 4346 πρέσβεις
1501 4248 1810 4321 ἑλέσθαι
1846 4249 1943 4321 ἐκ
1978 4239 2297 4320 πάντων
2341 4238 2820 4333 Ἀθηναίων.

2092 4369 2517 4466 (Demosth.
2559 4370 2654 4447 de
2692 4391 2942 4446 coron.
2982 4365 3223 4460 235.)

883 4637 1149 4736 Legati
1185 4663 1280 4718 ex
1319 4641 1668 4719 omnibus
1705 4534 2289 4720 Athenffigibug
2328 4641 2770 4738 deligantur.

1962 4801 2139 4878 221.

879 4921 1126 5018 Χρεία
1181 4927 1340 4999 ἐστὶ
1385 4922 1584 5024 μετὰ
1642 4921 1788 5016 τήν
1829 4929 2336 5026 χειροτονίαν
2388 4923 2537 5001 τοῦ
2592 4922 2843 5024 δήμου
2901 4891 3211 5000 εἰσιέναι
3260 4924 3447 5014 τούς

669 5043 1008 5146 πρέσβεις
1045 5049 1150 5137 εἰς
1185 5045 1332 5140 τὴν
1363 5045 1707 5148 βουλὴν,
1766 5053 1900 5126 ἵνα
1936 5047 2390 5150 ἐπικυρωθῇ
2422 5044 2687 5137 αὐτοῖς
2730 5041 2771 5142 ἦ
2816 5048 3097 5143 ἔξοδος.

1367 5175 1656 5274 (Schol.
1694 5179 1774 5257 in
1813 5173 2163 5262 Aeschin.
2204 5179 2296 5264 de
2336 5179 2502 5260 mal.
2542 5191 2731 5286 gest.
2771 5180 2993 5290 legat.
3034 5181 3220 5280 943.
