3725 5850
1089 468 1186 518 nn
1221 466 1688 520 Mounmnus.
1729 478 1796 498 -·
1835 467 2263 520 onom-om.
2894 441 3047 522 233

1588 655 1762 734 920.

509 799 858 904 Singulos
896 803 1129 878 altero
1167 827 1456 904 quoque
1494 827 1692 878 anno
1729 826 2045 878 munera
2080 801 2307 898 obire,
2332 815 2411 880 ut
2448 801 2827 880 dimidiam
2862 814 3044 882 tem-

305 932 496 1034 poris
531 942 820 1032 partem
858 931 1004 1006 sint
1037 931 1421 1005 immunes.
1582 1037 1728 1111 921

501 1185 600 1253 M
601 1175 640 1270 ἦ
680 1175 826 1254 δύο
862 1180 1338 1281 λειτουργίας
1374 1181 1865 1281 λειτουργεῖν.

1450 1305 1873 1398 (Demosth.
1910 1305 2078 1382 adv.
2120 1305 2517 1408 Polyclem.
2564 1307 2832 1401 1209.)

1585 1466 1760 1542 921.

500 1591 736 1669 Nemo
774 1588 1045 1670 debeat
1081 1591 1230 1668 duo
1269 1614 1579 1670 munera
1614 1591 1834 1668 simul
1871 1593 2099 1668 obire.

1459 1871 1723 1948 Ἀρθρον
1762 1875 1845 1928 α’.

1365 1987 1417 2035 Χ
1474 2003 1503 2037 ο
1560 2001 1592 2056 ρ
1646 2002 1680 2048 η
1737 1999 1772 2057 γ
1827 1981 1848 2034 ί
1903 2001 1957 2036 α.

1610 2087 1714 2108 NV

1481 2163 1760 2216 Articulus
1801 2163 1849 2214 1.

1396 2272 1438 2322 C
1475 2271 1512 2322 h
1549 2289 1580 2322 ο
1617 2286 1643 2320 r
1681 2285 1714 2322 a
1750 2287 1787 2338 g
1823 2272 1842 2320 i
1883 2286 1933 2324 a.

1572 2419 1748 2494 922.

490 2557 840 2664 Χορηγὸς
876 2565 1084 2634 ἐστιν
1131 2550 1174 2635 ὃ
1217 2568 1373 2646 τοῖς
1414 2564 1850 2647 Διονυσίοις
1908 2563 2044 2632 καὶ
2098 2569 2254 2644 τοῖς
2294 2563 2895 2650 Παναθηναίοις
2933 2561 3041 2660 τῷ

277 2684 492 2784 χορῷ
525 2684 668 2776 τῆν
710 2683 1008 2785 τροφὴν
1065 2693 1414 2787 παρέχων
1468 2692 1608 2760 καί
1669 2684 2096 2782 στεφάνους
2152 2691 2291 2760 καὶ
2341 2682 2647 2785 κόσμον
2701 2692 2837 2762 καὶ
2897 2682 3039 2761 ὅσα

287 2815 445 2909 περὶ
479 2807 622 2901 τήν
655 2808 1022 2902 τοιαύτην
1059 2810 1505 2916 πανήγυριν.

1238 2940 1515 3036 (Schol.
1555 2942 1634 3017 in
1669 2940 2054 3019 Demosth.
2097 2939 2391 3041 Leptin.
2432 2941 2610 3035 465,
2654 2941 2825 3036 28.)

1571 3103 1747 3177 922.

490 3242 876 3344 Choragus
934 3256 1085 3339 est,
1165 3244 1288 3345 qui
1359 3244 1551 3323 festo
1609 3246 2142 3347 Dionysiorum
2211 3254 2283 3319 et
2340 3244 3038 3322 Panathenaeorum

283 3368 502 3445 choro
537 3372 812 3447 victum
851 3370 1200 3471 praebet,
1261 3397 1612 3467 coronae,
1672 3382 2015 3447 ornatum
2054 3381 2129 3445 et
2164 3369 2480 3469 reliqua,
2540 3397 2728 3469 quae
2768 3372 2863 3447 ad
2900 3374 3031 3449 hu-

273 3496 594 3593 jusmodi
633 3496 1138 3598 spectaculum
1174 3497 1575 3598 pertinent.

1569 3656 1748 3733 923.

493 3804 671 3885 Τοῖς
715 3803 1162 3904 Θαργηλίοις
1201 3794 1423 3875 δυοῖν
1463 3798 1764 3893 ’φυλαῖν
1820 3786 1924 3884 εἷς
1972 3796 2217 3897 μόνος
2271 3802 2740 3877 καθίσταται
2787 3826 3035 3899 χορη-

277 3921 446 4027 γὸς,
502 3936 660 4013 τοῖς
699 3924 774 3999 δὲ
805 3922 1170 4029 μεγάλοις
1208 3926 1686 4014 Διονυσίοις,
1740 3920 2398 4023 Ἀνθεστηριῶνος
2428 3923 2673 4024 μηνὸς
2694 3982 2715 4016 ,
2771 3930 3029 4000 πλείο-

277 4078 401 4137 νος
453 4048 668 4151 αὐτῷ
723 4054 1178 4155 γιγνομένης
1237 4050 1364 4142 τῆς
1423 4047 1796 4143 δαπάνης,
1855 4046 1973 4155 ἷεῖς
2018 4049 2355 4155 χορηγὸς
2413 4051 2731 4143 ἑκάστης
2789 4054 3031 4149 φυλῆς

275 4184 760 4257 καθίσταται.
1220 4176 1511 4276 (Schol.
1552 4182 1630 4257 in
1670 4178 2049 4257 Demosth.
2092 4177 2387 4281 Leptin.
2430 4181 2607 4279 465,
2650 4181 2815 4275 27.)

1554 4344 1730 4421 923.

474 4468 700 4547 Festo
741 4469 1312 4570 Thargeliorum
1367 4468 1555 4546 duae
1607 4470 1844 4546 tribus
1900 4494 2131 4545 unum
2168 4466 2633 4549 solummodo
2673 4470 3027 4551 constitu-

271 4608 396 4671 unt
449 4596 897 4697 choragum3
955 4597 1085 4673 sed
1140 4598 1220 4673 in
1275 4596 1571 4695 Magnis
1629 4596 2259 4691 Bacchanalibus,
2316 4622 2572 4675 mense
2631 4598 3026 4678 Antheste·

271 4721 506 4817 lione,
566 4748 734 4799 cum
767 4723 1083 4823 majores
1120 4721 1506 4821 requirant
1542 4732 1919 4823 sumptus,
1972 4723 2269 4821 singula
2306 4720 2542 4800 tribus
2581 4748 2811 4803 unum
2851 4750 3025 4802 con-

272 4848 500 4923 stituit
537 4850 963 4949 choragum.

333 5004 338 5009 ν
1551 4958 1726 5033 924.

463 5076 606 5156 Ἐν
661 5088 817 5167 τοῖς
871 5082 1153 5169 Ληνοῖς
1233 5076 1737 5180 προβάλλεται
1803 5074 2141 5183 χορηγὸς
2212 5077 2347 5177 ἀφ’
2408 5078 2724 5173 ἑκάστης
2781 5078 3024 5176 φυλῆς

272 5198 444 5305 πρὸς
481 5202 570 5283 τὸ
609 5214 910 5309 τρέφειν
933 5201 1230 5305 χορούς
1269 5204 1566 5281 παίδων
1621 5236 1701 5279 τε
1758 5211 1895 5279 καὶ
1950 5202 2277 5313 ἀνδρῶν.
2354 5206 2757 5307 Λαμβάνει
2802 5206 2876 5283 δὲ
2917 5212 3021 5296 εἰς
