3725 5850
617 375 670 473 8
1711 416 1840 467 ms
1872 398 2300 468 runmcuu.

1952 604 2075 682 20.

837 736 1322 815 Plataeenses
1357 736 1508 811 sint
1545 730 2041 813 Athenienses
2078 732 2175 811 ab
2214 732 2357 811 hae
2394 732 2554 829 die,
2610 732 2955 812 honorati
3008 742 3093 808 nt
3124 730 3389 833 reliqui

621 862 1120 943 Athenienses
1133 875 1160 957 ',
1235 870 1314 939 et
1373 861 1486 938 ius
1541 858 1873 937 habeant
1894 916 1911 951 ,
1983 884 2303 963 quorum
2358 857 2857 939 Athenienses
2914 859 3029 935 ius
3066 858 3350 935 habent
3370 915 3389 951 ,

619 988 948 1067 omnium
985 996 1061 1063 et
1095 1012 1479 1065 sacrorum
1515 996 1592 1065 et
1627 985 2119 1089 profanorum
2138 1044 2157 1083 ,
2214 997 2739 1089 praeterquam
2793 985 2855 1062 si
2914 983 3114 1086 quod
3150 1008 3391 1061 saeer-

623 1112 909 1203 dotium
943 1112 1068 1196 vel
1103 1109 1548 1194 sserifioium
1585 1109 2102 1213 (mysterium)
2142 1122 2257 1189 est
2310 1110 2803 1212 gentilitium
2858 1134 2997 1195 neo
3052 1110 3201 1190 sint
3235 1110 3389 1187 No-

623 1262 796 1315 vem
829 1234 1226 1318 archontes
1247 1294 1264 1329 ‚
1317 1262 1574 1318 eorum
1609 1245 1862 1316 tamen
1899 1236 2221 1337 posteris
2265 1247 2342 1314 et
2374 1236 2563 1318 haee
2599 1248 2925 1339 pateant.
2998 1236 3391 1316 Plataeen-

622 1386 744 1439 ses
788 1372 1040 1441 autem
1079 1360 1158 1437 in
1213 1359 1471 1450 demos
1527 1370 1604 1442 et
1654 1359 1897 1449 tribus
1961 1360 2539 1458 distribmntm3
2592 1371 2988 1463 postquam
3024 1386 3209 1442 vero
3244 1358 3395 1442 die-

623 1485 883 1568 tributi
917 1486 1196 1565 fuerint
1215 1546 1236 1583 ,
1286 1513 1384 1565 ne
1421 1485 1554 1565 ulli
1591 1486 2147 1573 Plataeensium
2179 1486 2403 1566 lineat
2438 1487 2597 1568 fieri
2632 1484 3172 1571 Atheniensem
3192 1541 3213 1580 ,
3248 1482 3393 1564 nisi

623 1610 700 1691 id
737 1610 852 1691 ius
887 1639 936 1690 a
969 1612 1256 1714 populo
1297 1609 1738 1694 Atheniensi
1775 1620 2293 1712 consequatur.

1847 1806 1852 1811 ·
1958 1773 2085 1851 21.

846 1892 1000 1984 Τὰς
1021 1896 1179 1995 μὲν
1215 1888 1457 1995 ἀρχὰς
1493 1886 1796 1982 ἁπάσας
1828 1903 1989 1982 τοῖς
2024 1890 2380 1997 εὐπόροις
2416 1890 2846 1986 ἀπολιπεῖν,
2873 1890 3015 1987 τὴν
3048 1891 3120 1970 δ’
3157 1886 3401 1985 ἄλλην

616 2025 844 2121 μίξαι
881 2024 1296 2098 πολιτείαν.
1348 2010 1844 2120 Λαβείνοῦν
1876 2016 1983 2097 wi-
2010 2018 2397 2120 τιμήματα
2432 2021 2592 2098 τῶν
2626 2023 2965 2097 πολιτῶν
2983 2074 3005 2113 ,
3042 2024 3182 2095 καὶ
3216 2013 3401 2107 τούς

616 2149 770 2247 μὲν
795 2149 885 2223 ἐν
916 2156 1170 2247 ξηροῖς
1207 2136 1415 2243 ὁμοῦ
1449 2148 1590 2220 καὶ
1626 2136 1897 2249 ὑγροῖς
1924 2150 2163 2246 μέτρα
2202 2143 2672 2226 πεντακόσια
2708 2146 3151 2236 ποιοῦντας,
3192 2140 3400 2244 πρώ-

625 2300 803 2361 τους
859 2268 1058 2349 εἷναι
1076 2328 1099 2361 ,
1156 2273 1295 2345 καί
1362 2268 2242 2370 πεντακοσιομεδίμνους
2315 2270 2908 2379 προςαγορεύειν
2929 2296 2946 2315 ·
2974 2269 3400 2370 δευτέρους

629 2395 707 2475 δὲ
772 2392 959 2485 τούς
1031 2398 1276 2473 ῗππον
1345 2402 1654 2498 τρέφειν
1719 2394 2195 2492 δυναμένους
2250 2392 2297 2491 ἢ
2342 2402 2582 2501 μέτρα
2647 2408 2898 2475 ποιεῖν
2952 2392 3355 2497 τριακόσια
3382 2422 3399 2437 ·

627 2525 766 2598 καὶ
803 2518 1133 2611 τούτους
1169 2518 1459 2598 ἱππάδα
1495 2520 1911 2611 τελοῦντας
1965 2526 2259 2600 καλείν.
2336 2530 2699 2629 Ζευγῖται
2737 2522 2809 2601 δ’
2846 2526 2921 2601 οἱ
2958 2521 3107 2599 τοῦ
3138 2526 3405 2623 τρίτου

627 2643 1040 2747 τιμήματος
1078 2643 1738 2746 ὀνομαζέσθωσαν
1754 2703 1778 2738 ,
1821 2642 1935 2736 οἷς
1963 2652 2249 2750 μέτρον
2285 2656 2441 2726 ἐστι
2479 2655 3085 2755 συναμφοτέρων
3121 2645 3401 2723 διακο-

630 2775 839 2848 σίων.
921 2774 1015 2849 Οἱ
1053 2770 1129 2849 δὲ
1169 2777 1426 2852 λοιποὶ
1466 2768 1738 2861 πάντες
1773 2772 2210 2853 καλοῦνται
2256 2775 2480 2867 Θῆτες
2506 2832 2529 2866 ,
2589 2772 2703 2866 οἷς
2741 2771 3131 2875 οὐδεμίαν,
3156 2769 3408 2873 ἀρχὴν

629 2901 893 2990 ἐξέστω
933 2890 1206 3000 ἄρχειν
1223 2957 1246 2990 ,
1305 2894 1503 2979 ἄλλα
1546 2898 1659 3000 τῷ
1696 2898 2381 2995 συνεκκλησιάζειν
2416 2905 2555 2980 καὶ
2595 2898 2940 2999 δικάζειν
2967 2898 3228 3002 μόνον
3253 2931 3405 3000 με-

632 3027 939 3120 τέχουσι
977 3022 1102 3115 τῆς
1139 3027 1540 3112 πολιτείας.

1455 3153 1664 3246 (Lex
1701 3152 2003 3235 Solonis
2038 3154 2241 3258 apud
2276 3155 2653 3237 Plutarch.
2690 3155 2773 3237 in
2806 3153 3065 3237 Solon.
3109 3155 3295 3250 ia).

1941 3315 2086 3392 21.

843 3437 1326 3537 Magistratus
1362 3465 1622 3516 omnes
1661 3439 2019 3523 divitibus
2069 3440 2591 3544 relinquantur
2612 3500 2631 3538 ,
2686 3443 2976 3544 reliqua
3010 3469 3191 3521 vero
3229 3471 3409 3548 pars

631 3561 1090 3666 reipublicae
1145 3564 1370 3642 etiam
1431 3565 1891 3670 pauperibus
1968 3568 2379 3646 eommunis
2439 3569 2590 3649 fiat.
2682 3569 3123 3647 Instituatur
3177 3570 3411 3669 igitur

631 3715 897 3766 census
953 3687 1263 3785 civium,
1324 3703 1400 3766 et
1452 3693 1576 3804 qui
1642 3692 2020 3772 aridorum
2074 3696 2294 3772 simul
2348 3694 2941 3801 liquidorumque
2993 3699 3411 3778 medimnos

633 3813 1084 3916 quingentos
1121 3813 1194 3890 in
1231 3811 1588 3896 reditibus
1624 3816 1945 3914 habent,
2006 3820 2227 3922 primi
2284 3821 2433 3898 sint
2468 3823 2664 3900 inter
2701 3823 2943 3922 cives,
3018 3837 3408 3905 vocentur-

634 3965 777 4039 que
817 3939 1630 4040 pentacosiomedimni.
1707 3940 2055 4022 Secundo
2094 3943 2262 4023 loeo
2302 3947 2479 4043 sint,
2522 3948 2646 4050 qui
2685 3971 2959 4051 equum
2994 3948 3195 4027 alere
3230 3979 3409 4056 pos·-

632 4076 806 4144 sunt
840 4073 969 4142 aut
1003 4065 1423 4144 medimnos
1460 4067 1834 4147 fruetuum
1872 4081 2251 4182 trecentos
2288 4073 2749 4176 percipiunt3
2786 4071 3008 4176 hique
3046 4078 3411 4178 equestris

632 4215 899 4269 census
934 4189 1275 4269 homines
1313 4194 1808 4296 appellentur.
1857 4197 2118 4274 Tertio
2153 4197 2411 4276 censui
2434 4197 2705 4300 jugum
2741 4200 3101 4278 alentium
3133 4201 3235 4282 sit
3271 4229 3408 4280 no-

633 4342 832 4414 men,
855 4315 1122 4418 quibus
1159 4328 1333 4394 sunt
1369 4319 1668 4397 ducenti
1703 4320 2061 4400 medimni
2097 4324 2480 4429 utriusque
2516 4325 2794 4426 speciei
2832 4327 3049 4403 simul
3067 4339 3408 4432 sumptae

633 4445 831 4537 (tam
865 4440 1245 4520 aridorum
1285 4469 1510 4544 quam
1546 4442 2006 4542 fluidorum).
2065 4447 2361 4550 Reliqui
2401 4474 2659 4527 omnes
2696 4452 2939 4554 eapite
2980 4455 3181 4549 censi
3219 4482 3407 4532 nun-

633 4577 1004 4671 cupantur
1025 4625 1043 4662 ,
1103 4567 1376 4669 quibus
1427 4569 1713 4648 nullum
1770 4573 1992 4651 liceat
2035 4575 2558 4676 magistratum
2592 4602 2896 4677 gerere,
2950 4578 3081 4656 sed
3119 4589 3411 4658 tantum

634 4692 730 4769 ad
767 4693 1167 4770 oonoiones
1206 4704 1280 4771 et
1315 4694 1589 4782 iudicia
1624 4695 1967 4798 admissi,
2026 4701 2336 4787 veniant
2370 4702 2453 4780 in
2490 4712 2785 4805 partem
2823 4700 3297 4808 reipublicae.

1964 4859 2089 4938 22.

838 4971 1040 5052 Ἀπὸ
1079 4972 1436 5076 τιμήσεως
1473 4975 1675 5055 εἶναι
1712 4975 1802 5059 τὸ
1835 4985 2284 5082 πολίτευμα,
2324 4989 2464 5060 καὶ
2501 4983 2682 5075 τούς
2708 4989 2861 5086 μὲν
2892 4995 3409 5088 κεκτημένους

637 5105 865 5177 πλείω
925 5099 1295 5204 δραχμῶν
1353 5099 1750 5199 δισχιλίων
1820 5111 2140 5208 κυρίους
2206 5103 2405 5184 εἶναι
2460 5110 2607 5187 τοῦ
2659 5107 3214 5214 πολιτεύματος
3262 5120 3412 5197 καὶ
