3725 5850
1151 403 1767 498 connum-Anius
1803 445 1913 498 An
1953 444 2115 502 1396.
2157 443 2315 501 1399.
2369 449 2378 460 ·
2966 423 3127 502 613

345 641 502 716 riae
527 640 656 740 jus
695 641 793 718 ob
833 639 1462 742 propinquitatem
1505 665 1600 716 ne
1659 645 1817 716 esto
1866 639 1989 718 vel
2028 667 2401 722 sacrorum
2446 643 2565 719 vel
2604 640 3129 744 profanorum3

343 761 440 844 ab
477 767 788 846 Euclide
827 766 1254 858 archonte.)

559 891 1104 995 Aristophanes
1160 892 1388 970 citato
1443 893 1608 972 loco
1664 905 1923 996 aperte
1977 893 2159 972 dicit
2200 951 2216 988 ‚
2294 895 2490 974 hanc
2544 893 2843 972 Solonis
2900 892 3137 970 fuisse.

343 1021 614 1118 legem.

1506 1120 1658 1208 M
1696 1124 1983 1208 1396.

561 1289 808 1368 Schol.
847 1291 926 1365 in
964 1285 1340 1391 Aristoph.
1382 1285 1580 1366 Aves
1626 1288 1870 1364 1656:
1927 1283 2163 1386 νόμος
2204 1280 2300 1377 ἦν
2337 1283 2704 1372 Ἀττικὸς
2728 1341 2749 1378 ,
2791 1296 2949 1372 τοῖς
2988 1281 3129 1361 νό-

349 1419 526 1498 θοις
555 1418 782 1511 μέχρι
821 1415 1038 1488 πέντε
1065 1407 1292 1508 μνῶν
1328 1406 1973 1509 καταλιμπάνειν.
2014 1471 2027 1485 .
2073 1472 2088 1491 .
2134 1472 2145 1485 .
2198 1409 2305 1488 To*
2366 1407 2743 1516 ἀργύριον
2792 1420 2949 1498 τοῖς
2987 1408 3126 1488 νό-

353 1545 528 1627 θοις
567 1535 692 1614 διᾶ
726 1534 988 1638 χειρὸς
1027 1533 1373 1626 ἐδίδουν,
1423 1533 1676 1626 ἐπειδὴ
1720 1532 1880 1611 οὐκ
1916 1535 2095 1628 ἐξῆν
2132 1533 2397 1626 αὐτοῖς
2435 1542 3118 1643 συγκληρονομεῖν.

345 1671 548 1762 (Lex
585 1679 744 1746 erat
782 1665 1030 1745 Attica
1067 1676 1152 1741 ut
1187 1664 1456 1765 spuriis
1508 1665 1837 1764 quinque
1896 1665 1991 1742 ad
2048 1692 2420 1744 summum
2475 1666 2719 1744 minae
2760 1665 3127 1765 relinque-

346 1805 622 1872 rentur.
664 1853 678 1869 .
720 1852 737 1871 .
779 1853 796 1869 .
837 1792 1244 1870 Pecuniam
1281 1817 1462 1868 vero
1501 1793 1776 1893 spuriis
1816 1791 1909 1868 ad
1950 1820 2215 1872 manus
2253 1792 2577 1888 dabant,
2634 1792 2809 1894 quia
2846 1815 2997 1872 non
3037 1792 3124 1869 li-

345 1922 566 1998 cebat
599 1919 692 1997 iis
726 1917 1218 1998 coheredibus
1255 1921 1484 2011 esse.)

1499 2092 1651 2180 Ad
1688 2096 1969 2179 1³90.

559 2265 898 2338 Isaeus
954 2259 1065 2334 de
1124 2258 1704 2337 Philoctem.
1764 2260 1953 2337 her.
2014 2257 2079 2362 §.
2124 2263 2213 2335 9:
2273 2261 2479 2338 Haec
2537 2257 2657 2335 lex
2710 2259 3125 2336 communis

344 2389 690 2467 omuibus
728 2389 879 2464 fixa
917 2397 1066 2480 est,
1125 2384 1628 2486 praecipiens,
1685 2386 1993 2464 cuilibet
2046 2386 2269 2464 licere
2326 2385 2418 2462 de
2476 2385 2698 2460 bonis
2756 2383 2909 2459 suis
2948 2409 3121 2460 con-

325 2517 688 2606 stituere,
746 2515 956 2615 prole
1017 2512 1346 2588 mascula
1392 2514 1716 2606 carenti,
1775 2514 1918 2590 nisi
1957 2513 2017 2592 si
2058 2515 2253 2591 forte
2291 2513 2606 2588 furiosus
2645 2509 2742 2586 sit
2777 2520 2905 2588 aut
2942 2533 3124 2611 prae

341 2641 555 2718 senio
593 2651 720 2716 aut
759 2663 896 2739 per
931 2638 1154 2712 aliam
1212 2637 1640 2738 quampiam
1696 2663 1999 2716 causam
2048 2638 2317 2716 mentis
2358 2661 2625 2739 parum
2660 2635 2757 2712 sit
2793 2661 3121 2737 compos.
3250 2693 3259 2702 -

559 2781 797 2859 Ibid.
834 2777 900 2880 ξ.
940 2781 1083 2854 28:
1143 2781 1384 2856 Nemo
1425 2780 1677 2858 liberis
1715 2782 2063 2879 genuinis
2102 2781 2507 2880 quidquam
2545 2804 2680 2880 per
2720 2789 3119 2856 testamen-

343 2922 500 2987 tum
539 2910 781 3007 legat,
822 2905 995 3007 quia
1029 2904 1150 2981 lex
1191 2904 1344 2981 filio
1383 2907 1616 3007 pat-ris
1654 2904 1856 2983 bona
1894 2905 2231 3005 delegat,
2272 2915 2709 3007 patremque
2750 2905 2869 2981 cui
2905 2903 3121 2983 liberi

339 3035 645 3135 genuini
685 3034 874 3125 sint,
931 3056 1083 3106 non
1121 3030 1297 3105 sinit
1334 3056 1465 3131 per
1500 3042 2028 3109 testamentum
2063 3031 2528 3108 constituere.

559 3173 1056 3252 Plutarch.
1115 3172 1441 3249 Solon.
1502 3174 1646 3249 21:
1703 3175 1865 3251 Lex
1922 3172 2016 3251 de
2056 3173 2520 3250 testamentis
2560 3171 2709 3250 lata
2746 3170 2941 3249 laudi
2984 3172 3119 3250 So-

341 3302 496 3381 loni
537 3302 715 3399 fuit3
771 3311 944 3377 ante
1001 3298 1200 3376 enim
1258 3298 1512 3377 testari
1565 3299 1843 3377 licebat
1899 3299 2216 3395 nemini,
2278 3299 2410 3375 sed
2449 3323 2755 3379 necesse
2796 3311 2955 3377 erat
2991 3326 3119 3402 pe-

343 3428 640 3507 cuniam
677 3438 754 3503 et
790 3425 1092 3502 domum
1138 3425 1214 3500 in
1273 3424 1558 3503 familia
1613 3424 1953 3504 defuncti
2001 3450 2465 3528 permanere.
2545 3422 2643 3502 At
2680 3422 2915 3501 Solon
2952 3450 3119 3527 per-

343 3556 646 3631 mittens
685 3563 766 3630 ut
801 3552 864 3627 is
904 3549 1031 3650 qui
1069 3548 1322 3625 liberis
1376 3560 1698 3645 careret,
1755 3577 1893 3628 sua
1929 3551 2045 3629 cui
2086 3549 2314 3627 vellet
2349 3550 2675 3651 legaret,
2726 3550 3121 3628 amicitiam

344 3677 990 3778 consanguinitate
1030 3675 1399 3777 potiorem
1437 3674 1714 3752 habuit.
1792 3679 1964 3755 Non
2015 3687 2268 3753 tamen
2307 3675 2590 3778 absque
2629 3676 2829 3752 omni
2867 3676 3117 3755 condi-

342 3808 544 3885 tione
583 3803 884 3902 legandi
920 3802 1220 3904 plenam
1258 3801 1630 3881 licentiam
1669 3804 1999 3897 admisit,
2040 3803 2171 3881 sed
2212 3804 2373 3908 ejus
2410 3804 2637 3881 modo
2676 3814 2917 3881 ratum
2954 3830 3118 3883 esse

344 3940 864 4009 testamentum
915 3929 1154 4005 voluit
1175 3986 1192 4021 ‚
1248 3930 1374 4029 qui
1432 3956 1588 4007 non
1642 3930 1945 4024 morbo,
2011 3930 2406 4025 veneficiO,
2464 3930 2781 4007 vinculis
2803 3989 2821 4026 ,
2878 3930 3121 4009 aliave
3268 3936 3271 3941 ’

345 4055 788 4135 necessitate
827 4068 1129 4135 coactus
1149 4114 1166 4149 ,
1221 4068 1351 4133 aut
1391 4057 1642 4135 uxoris
1678 4056 2153 4135 svasionibus
2190 4056 2540 4133 inductus
2560 4110 2577 4145 ‚
2634 4054 2709 4133 id
2747 4055 3117 4135 condidis-

344 4194 496 4281 set3
551 4194 750 4260 recte
786 4180 1182 4259 admodum
1219 4191 1294 4257 et
1332 4181 1875 4259 convenienter
1901 4180 2291 4283 judicans,
2354 4182 2539 4258 nihil
2575 4182 2933 4260 interesse
2970 4182 3116 4261 dis·

343 4307 674 4389 criminis
693 4366 710 4401 ,
769 4306 1398 4409 persvadeaturne
1441 4306 1662 4385 alicui
1699 4332 1915 4385 secus
1976 4334 2203 4408 quam
2260 4306 2643 4409 expediat,
2700 4334 2799 4386 an
2836 4334 3017 4386 vero
3054 4311 3118 4389 is

345 4444 692 4537 cogatur,
751 4432 1160 4533 eodemque
1217 4458 1526 4511 numero
1583 4433 1871 4511 habens
1926 4432 2264 4512 fraudem
2303 4432 2908 4536 voluptatemque
2946 4462 3117 4514 cum

347 4562 787 4641 necessitate
827 4570 902 4635 et
939 4560 1238 4656 morbo,
1295 4559 1496 4660 quod
1553 4560 1630 4636 in
1686 4560 2185 4662 pervertenda
2238 4558 2563 4637 hominis
2618 4560 2906 4641 ratione
2952 4573 3112 4641 tan-

343 4688 654 4767 tundem
689 4698 999 4787 utraque
1039 4687 1390 4765 valerent.

563 4814 845 4914 Legem
897 4811 1092 4891 hanc
1145 4811 1420 4891 Graeci
1475 4840 1708 4917 usque
1764 4813 1862 4891 ad
1922 4813 2333 4892 adventum
2390 4813 2588 4914 regis
2624 4810 2925 4893 Ottonis
2980 4840 3117 4919 per

343 4945 660 5044 longam
715 4939 1132 5017 seculorum
1187 4942 1454 5019 seriem
1511 4940 2036 5019 observabant.
2104 4938 2227 5017 cf.
2282 4937 2570 5019 Geib:
2625 4940 3117 5044 Darstellung

347 5068 480 5145 des
498 5064 1173 5144 Rechtszustandes
1211 5068 1286 5143 in
1305 5064 1858 5147 Griechenland
1880 5066 2239 5147 wahrend
2272 5066 2407 5145 der
2433 5064 2866 5146 fflrkischen
2884 5066 3111 5145 Herr-

346 5196 588 5277 schaft
617 5194 768 5277 und
797 5195 910 5276 bis
937 5220 1072 5275 zur
1092 5193 1440 5279 Ankunft
1474 5196 1608 5277 des
1645 5198 1941 5300 Konigs
1978 5197 2161 5279 Otto
2196 5200 2254 5279 Ι.
2296 5195 2799 5295 (Heidelberg
2826 5193 3097 5293 1835.)
