3725 5850
669 411 836 492 ⁴252
1776 437 1901 490 ms
1938 435 2357 490 Punntctm.

674 654 861 707 rona
897 627 1176 706 donare
1213 627 1436 722 velit,
1495 631 1738 709 missis
1774 627 2047 730 legatis
2068 685 2087 724 ,
2144 627 2221 704 id
2261 655 2308 706 a
2362 629 2644 732 populo
2698 641 2908 734 petat
2928 691 2947 730 ,
3004 629 3339 736 adeoque
3379 631 3445 711 is

673 753 768 832 de
803 777 953 856 quo
991 755 1479 857 praedicetur,
1517 755 1872 858 majorem
1907 753 2231 854 gratiam
2252 752 2837 836 Atheniensibus
2872 757 3171 854 habeat,
3208 784 3441 862 quam

673 879 762 956 iis
784 934 806 972 ‚
865 881 992 980 qui
1041 905 1394 958 coronam
1431 879 1800 960 dederunt
1819 935 1839 975 ‚
1896 877 2099 981 quod
2135 904 2305 960 eam
2338 881 2804 982 promulgari
2841 883 3333 986 permiserint.

884 1142 1155 1223 Αὐτὸν
1188 1141 1331 1223 τὸν
1355 1145 1716 1254 χρυσοῦν
1753 1040 2184 1242 mnpssffligs,
2243 1137 2327 1234 ὃς
2382 1139 2487 1222 ἂν
2538 1152 2627 1222 ἐν
2678 1145 2787 1256 τῷ
2851 1145 3155 1250 θεάτρῳ
3207 1147 3319 1250 τῷ
3358 1155 3446 1225 ἐν

672 1263 880 1347 ἄστει
921 1267 1362 1371 ἀναρρηθῇ,
1421 1267 1632 1372 ἱερὸν
1667 1269 1866 1350 εἶναι
1902 1269 2033 1362 τῆς
2082 1263 2429 1362 Ἀθηνᾶς
2474 1268 2773 1348 κελεύει
2812 1264 2857 1349 o‘
2898 1271 3182 1374 νόμος,
3238 1270 3440 1374 ἄφε-

676 1395 995 1496 λόμενος
1030 1393 1174 1473 τὸν
1212 1392 1872 1495 στεφανούμενον.
2034 1396 2421 1492 (Aeschin.
2461 1398 2539 1475 in
2578 1396 2911 1503 Ctesiph.
2950 1397 3018 1505 ξ.
3062 1405 3229 1494 46.)

1473 1629 1480 1636 .
2112 1560 2182 1640 3.

885 1669 1138 1773 Ipsam
1173 1695 1470 1746 auream
1509 1695 1862 1749 eoronam
1887 1726 1907 1764 ‚
1952 1561 2153 1770 {fuge
2208 1667 2288 1745 in
2348 1666 2639 1746 theatro
2675 1669 2965 1748 urbano
3004 1669 3439 1773 promulga-

672 1808 792 1873 tur
814 1852 833 1890 ,
873 1796 1256 1874 Minervae
1293 1822 1582 1875 sacram
1618 1794 1740 1874 lex
1779 1821 1943 1873 esse
1974 1791 2235 1898 jubet,
2285 1792 2712 1898 ademptam
2751 1799 2817 1872 ei
2854 1797 2981 1898 qui
3020 1807 3441 1874 coronatur.

1946 1953 2179 2034 1004.

877 2076 1090 2154 Ἀλλ’
1147 2073 1304 2154 οὐκ
1360 2084 1666 2154 ἐκεῖνον
1721 2073 1866 2152 τὸν
1925 2082 2013 2153 ἐν
2073 2074 2166 2174 τῇ
2226 2080 2598 2180 ἐκκλησίᾳ
2657 2081 3047 2174 στέφανον
3102 2073 3441 2178 ἀναρρη-

678 2206 913 2278 θέντα
971 2198 1222 2291 οὐδεὶς
1276 2209 1684 2305 καθιεροῖ,
1757 2197 1928 2278 ἀλλ’
1986 2203 2223 2295 ἔξεστι
2277 2201 2711 2294 κεκτῆσθαι
2747 2261 2770 2293 ,
2841 2205 2974 2281 ἵνα
3022 2200 3130 2302 μὴ
3181 2201 3441 2304 μόνον

672 2323 907 2416 αὐτὸς
942 2323 1138 2404 ἀλλὰ
1177 2333 1313 2404 καὶ
1353 2331 1426 2404 οἳ
1465 2333 1544 2420 ἐξ
1581 2329 1894 2404 ἐκείνου
1915 2384 1939 2418 ,
2001 2329 2307 2423 ἔβγοντες
2356 2333 2443 2404 ἐν
2476 2325 2568 2425 τῇ
2608 2331 2829 2429 οἰκίᾳ
2868 2323 2959 2405 τὸ
2996 2321 3437 2424 ὖπόμνηιια,

664 2451 1035 2552 μηδέποτε
1070 2457 1314 2530 κακοὶ
1351 2451 1491 2545 τὴν
1528 2448 1798 2557 ψυχὴν
1833 2456 1941 2540 εἰς
1974 2449 2121 2527 τὸν
2158 2449 2407 2551 δῆμον
2442 2456 2833 2557 γίνωνται.

2012 2580 2403 2676 (Aeschin.
2438 2582 2519 2658 in
2556 2581 2888 2685 Ctesiph.
2930 2578 2997 2686 ξ.
3039 2583 3227 2676 47.).

1946 2739 1983 2815 1
2157 2798 2175 2817 .

883 2848 986 2929 At
1021 2877 1174 2929 non
1211 2877 1418 2950 eam,
1473 2875 1665 2953 quae
1719 2847 1796 2926 in
1853 2741 2213 2927 oongsssse
2269 2845 2781 2952 praedicatur,
2837 2875 3191 2930 eoronam
3240 2852 3435 2955 quis-

670 3004 893 3078 quam
929 2988 1357 3075 conseorat3
1412 2975 1544 3053 sed
1580 2975 1812 3053 libere
1858 2974 2243 3077 possidere
2281 2972 2492 3070 lieet,
2550 2985 2633 3051 ut
2685 3003 2839 3053 non
2886 2976 2948 3053 is
2985 2986 3279 3054 tantum
3312 2980 3437 3080 qui

669 3104 998 3206 accepit,
1057 3130 1319 3180 verum
1377 3102 1600 3180 etiam
1655 3101 1892 3205 ipsius
1950 3101 2227 3203 posteri
2284 3102 2822 3179 monimentum
2858 3101 3043 3179 illud
3082 3102 3284 3180 domi
3322 3131 3433 3179 as·

669 3240 1054 3305 servantes
1091 3254 1474 3329 nunquam
1515 3228 1804 3305 animos
1843 3226 2175 3304 habeant
2211 3252 2257 3303 a
2292 3227 2573 3329 populo
2611 3226 2917 3305 alienos.

1945 3386 2175 3465 1005.

889 3506 1054 3587 Τόν
1087 3502 1556 3589 ὑπεύθυνον
1584 3508 1691 3611 μὴ
1731 3509 2362 3607 φτεφανοῦσθαι,
2388 3513 2569 3611 πρὶν
2604 3504 2709 3587 ἂν
2747 3508 2858 3610 δῷ
2896 3508 3029 3599 τὰς
3066 3506 3427 3597 εὐθύνας.

1181 3641 1604 3744 (Anonymi
1639 3665 1927 3738 argum.
1962 3640 2043 3715 in
2077 3640 2464 3716 Demosth.
2502 3639 2595 3715 de
2635 3638 2955 3717 Corona.
2998 3640 3221 3733 223.)

886 3893 1318 3972 Obnoxium
1353 3918 1447 3969 ne
1487 3892 1708 3970 liceat
1739 3784 2315 3970 eoronffigznte
2354 3890 2626 3969 relatas
2662 3890 3009 3969 rationes.

1947 4052 2174 4130 1006.
2820 4160 2825 4169 .

889 4174 1005 4255 Οὐ
1047 4174 1714 4273 στεφανωθήσεται
1754 4168 1797 4270 ἦ
1839 4172 2089 4277 βουλή
2154 4166 2197 4268 ἦ
2239 4183 2317 4267 ἐξ
2361 4172 2679 4277 Ἀρείου
2718 4172 3011 4281 πάγου·
3068 4170 3251 4252 οὐδὲ
3289 4174 3431 4281 γάρ

673 4300 997 4404 πάτριον
1033 4302 1298 4391 αὐτοῖς
1335 4312 1566 4385 ἐστιν.
2032 4305 2423 4401 (Aeschin.
2461 4308 2540 4383 in
2577 4306 2909 4407 Ctesiph.
2949 4301 3015 4407 ξ.
3056 4308 3223 4399 20.)

1946 4446 2176 4526 1006.

885 4554 1056 4636 Non
1093 4559 1572 4637 coronabitur
1603 4567 1909 4635 senatus
1947 4556 2557 4659 Areopagitieus3
2592 4557 3077 4673 nequeenim
3114 4554 3258 4631 hoo
3290 4554 3430 4631 inis

669 4684 994 4785 patrium
1033 4694 1166 4761 est.

1950 4791 2176 4869 1007.

863 4908 1026 4991 ''Av
1061 4945 1172 5001 τις
1212 4910 1530 5013 ἀμύνων
1567 4940 1640 4990 τι
1700 4908 1917 5011 πάθῃ
1972 4913 2067 5012 τῇ
2124 4911 2648 5015 δημοκρατίᾳ,
2705 4910 2839 5000 τὰς
2886 4906 3129 4999 αὐτοῖς
3167 4906 3430 4986 δώσειν

671 5034 950 5141 δωρεὰς
972 5098 993 5131 ,
1052 5035 1290 5137 ἅσπερ
1333 5031 1734 5137 Ἀρμοδίῳ
1773 5044 1911 5115 καί
1949 5034 2579 5144 Ἀριστογείτονι.

1995 5166 2415 5260 (Demosth.
2456 5166 2622 5245 adv,
2664 5165 2957 5268 Leptin.
3000 5166 3223 5259 506.)
3398 5271 3407 5280 Ι
