3725 5850
884 512 1502 563 coMMcermcs
1543 511 1644 559 An
1689 508 1808 559 773.
1851 510 1974 561 775.
2018 510 2147 562 776.
2186 512 2312 562 777.
2355 509 2480 564 783.
2924 482 3081 559 517

1471 713 1622 798 Ad
1669 714 1900 797 773.

509 878 734 981 Apud
777 881 1154 957 Romanos
1193 882 1270 955 in
1309 882 1480 957 XII.
1524 879 1794 956 tabulis
1833 882 1937 955 ita
1984 882 2341 983 scriptum
2404 892 2598 957 erat:
2664 892 2885 975 „ante
2924 906 3072 955 me-

281 1005 552 1079 ridiem
613 1030 910 1081 causam
969 1006 1350 1081 coniciunt
1375 1063 1394 1095 ,
1453 1030 1626 1083 cum
1675 1020 2033 1107 perorant
2088 1009 2311 1084 ambo
2368 1017 2815 1105 praesentes,
2894 1005 3075 1079 Post

281 1128 673 1204 meridiem
713 1130 1084 1231 praesenti
1122 1130 1328 1206 litem
1365 1130 1710 1207 addicito,
1788 1130 1871 1207 Si
1907 1132 2123 1205 ambo
2178 1142 2649 1233 praesentes,
2706 1130 2817 1205 sol
2856 1152 3067 1204 occa-

284 1280 419 1333 sus
441 1280 788 1355 suprema
811 1267 1213 1357 tempestas
1244 1258 1477 1331 est0.“
1523 1254 1636 1350 (G
1659 1285 1697 1332 e
1721 1258 1744 1331 l
1770 1256 1788 1329 1
1815 1259 1836 1331 i
1861 1284 1967 1333 us
2004 1258 2075 1334 N
2096 1285 2138 1335 o
2159 1284 2199 1331 c
2220 1268 2269 1331 t.
2314 1252 2375 1329 A
2400 1268 2429 1331 t
2450 1268 2499 1331 t.
2540 1251 2785 1351 XVII,
2808 1254 2877 1348 2,
2909 1253 3070 1345 10.)

503 1396 756 1475 Trinis
792 1400 1055 1477 litteris
1093 1399 1214 1477 vel
1251 1401 1552 1493 edictis,
1601 1411 1730 1477 aut
1765 1428 1916 1477 uno
1956 1429 2094 1505 pro
2134 1400 2477 1477 omnibus
2516 1400 2734 1494 dato,
2774 1409 2903 1477 aut
2944 1398 3070 1475 tri-

279 1549 388 1599 na
423 1522 987 1601 denuntiatione
1026 1540 1446 1603 conventus
1484 1527 1623 1602 nisi
1663 1526 1768 1605 ad.
1785 1526 2157 1627 judicem,
2209 1526 2305 1604 ad
2345 1550 2565 1625 quem
2600 1525 2744 1603 sibi
2784 1524 3069 1602 denun-

280 1648 552 1726 tiatum
607 1659 757 1745 est,
815 1660 946 1725 aut
1003 1650 1212 1751 cujus
1267 1651 1532 1731 litteris
1589 1653 1708 1729 vel
1763 1652 2004 1728 edicto
2062 1662 2474 1731 conventus
2530 1660 2677 1745 est,
2738 1649 3069 1743 venerit,

285 1773 500 1875 quasi
535 1774 614 1851 in
654 1786 1160 1852 contumacem
1199 1775 1396 1853 dicta
1431 1778 1800 1854 sententia
1855 1776 2375 1855 auctoritatem
2424 1802 2674 1851 rerum
2698 1775 3068 1879 judicata-

283 1926 456 1977 rum
493 1899 827 1977 obtinet:
867 1902 1048 2002 quin
1085 1902 1235 1979 imo
1275 1930 1415 1979 nec
1453 1902 1808 2006 appellari
1849 1912 2098 2005 potest
2132 1904 2231 1979 ab
2272 1930 2381 1979 ea.
2440 1900 2541 1998 (J
2559 1887 2743 1978 u'lii
2782 1898 3068 1977 Pauli

283 2026 552 2104 Sent.
595 2024 686 2123 V,
731 2028 802 2122 5,
844 2028 959 2120 7.)

1466 2147 1618 2251 Ad
1660 2150 1893 2231 775.

503 2314 712 2390 Haec
750 2315 1136 2416 composui
1175 2340 1216 2389 e
1251 2315 1778 2391 Demosthenis
1833 2313 2123 2391 verbis:
2161 2305 2537 2385 ’Ἑπεισαν
2593 2338 2776 2397 τους
2832 2310 3066 2383 δικα-

283 2432 469 2522 στὰς
509 2440 1004 2535 ψηφίσασθαι
1045 2435 1169 2527 τῆς
1209 2434 1427 2527 δίκης
1464 2444 1665 2515 ἕνεκ’
1705 2434 2013 2514 ἀπεῖναι
2052 2440 2367 2513 τουτονὶ
2406 2440 2545 2511 καὶ
2570 2432 2667 2513 οὐ
2712 2435 3063 2535 δημοσίᾳ.

296 2568 853 2659 ’Ψηφισαμένων
889 2562 965 2637 δὲ
1006 2561 1250 2637 ταῦτα
1287 2564 1443 2637 τῶν
1480 2562 1868 2639 δικαστῶν
1907 2562 2320 2667 διέγραψεν
2375 2553 2417 2639 o‘
2476 2554 2744 2661 α’ρχων
2801 2555 3066 2637 κατὰ

281 2682 464 2761 τὸν
519 2684 844 2784 νόμον
895 2684 1040 2779 τὴν
1094 2701 1428 2766 τουτουὶ
1472 2684 2059 2789 ἀμφισβήτησιν.
2158 2692 2749 2786 (Persuaserunt
2797 2690 3061 2792 judici-

279 2814 464 2910 bus,
505 2826 585 2891 ut
624 2815 1148 2909 decernerent,
1194 2818 1457 2918 judicii
1498 2843 1722 2893 causa
1760 2819 2027 2895 abesse
2064 2818 2283 2892 istum
2310 2876 2327 2911 ,
2388 2844 2541 2893 non
2578 2815 2883 2917 publico
2918 2839 3061 2889 no-

277 2941 504 3017 mine.
580 2941 800 3034 Quod
840 2969 1063 3042 quum
1091 2942 1384 3044 judices
1423 2943 1971 3037 decrevissent,
2027 2941 2305 3018 archon
2357 2943 2568 3018 istius
2624 2940 3061 3043 postulatio·

281 3091 457 3142 nem
515 3093 556 3142 e
611 3065 772 3166 leg
795 3095 833 3144 e
891 3067 1251 3145 abolitam
1287 3067 1654 3172 scripsit.)

1459 3293 1611 3378 Δᾱ
1651 3265 1883 3379 776.

497 3459 615 3536 Os.
657 3459 905 3537 Schol.
946 3463 1022 3536 in
1043 3461 1438 3558 Demosth.
1452 3461 1754 3540 Midian.
1780 3463 1959 3556 542,
1990 3463 2106 3538 12.
2148 3463 2422 3538 Lexica
2447 3460 2752 3556 Seguer.
2776 3488 2847 3560 p.
2879 3457 3049 3535 199.

279 3569 598 3668 Gregor.
641 3567 975 3645 Corinth.
1015 3569 1111 3646 ad
1151 3571 1609 3668 Hermogen.
1650 3571 1976 3647 method.
2017 3572 2393 3670 eloquent.
2436 3567 2665 3644 1120.
2705 3595 2765 3644 c.
2808 3569 2901 3646 ΙΙ.

1454 3797 1606 3880 Aa
1647 3801 1877 3880 777.

494 3963 607 4040 Cf.
650 3961 892 4039 Schol.
934 3964 1010 4039 in
1049 3963 1433 4040 Demosth.
1475 3965 1774 4041 Midian.
1818 3965 1995 4060 513,
2044 3965 2161 4041 13.
2223 3965 2465 4040 Photii
2508 3963 2718 4041 lexic.
2760 3991 2831 4063 p.
2874 3962 3052 4037 267.

275 4089 556 4166 Lexica
593 4081 902 4187 Se'guer.
939 4117 1010 4191 p.
1053 4089 1226 4166 278.

1464 4192 1615 4277 Ad
1666 4194 1896 4277 783.

491 4357 836 4436 Aeschin.
876 4388 936 4438 c.
976 4358 1350 4437 Timarch.
1391 4357 1456 4460 ξ.
1500 4359 1640 4436 91:
1703 4358 1879 4434 Τῶν
1916 4357 2385 4434 λωποδυτῶν
2427 4353 2471 4450 ἢ
2508 4357 2663 4433 τῶν
2698 4357 3053 4434 κλεπτῶν

275 4475 324 4571 ἢ
361 4479 517 4556 τῶν
545 4481 857 4580 μοιχῶν
895 4477 939 4574 ἢ
975 4483 1131 4559 τῶν
1168 4477 1684 4581 ἀνδροφόνων
1747 4477 1790 4574 ἢ
1843 4483 2001 4560 τῶν
2056 4479 2149 4558 τὰ
2194 4489 2513 4589 μέγιστα
2554 4481 3051 4560 ἀδικούντων

273 4608 352 4680 οὶ
396 4609 543 4705 μὲν
598 4613 728 4683 ἐπ’
805 4604 1364 4708 αὐτοφώρῳ
1423 4599 1775 4698 ἆλὸντες,
1848 4606 1990 4685 ἐὰν
2037 4613 2188 4708 μὲν
2244 4603 2725 4718 ὁμολογῶσι,
2800 4640 3049 4710 παρα-

263 4731 532 4830 χρῆμα
575 4731 896 4833 θανάτῳ
938 4733 1389 4833 ζημιοῦνται
1411 4791 1434 4823 ,
1476 4737 1548 4808 οἱ
1589 4732 1665 4810 δὲ
1703 4731 2079 4823 λαθόντες
2117 4743 2255 4812 καὶ
2298 4739 2602 4840 ἔξαρνοι
2641 4737 3049 4842 γενόμενοι

270 4861 680 4956 κρίνονται
719 4866 806 4935 ἐν
841 4869 1000 4947 τοῖς
1039 4856 1574 4958 δικαστηρίοις.
1655 4861 2141 4962 (Grassator,
2200 4879 2328 4942 aut
2366 4869 2527 4964 fur,
2568 4880 2697 4943 aut
2733 4865 3045 4956 adulter,

269 4996 406 5063 aut
439 4985 851 5083 homicida,
913 4999 1041 5064 aut
1093 4987 1696 5086 gravissimorum
1755 4987 2118 5064 scelerum
2174 5003 2509 5092 patrator
2545 4993 2621 5066 in
2661 4993 2821 5094 ipso
2863 4993 3047 5070 faci-

271 5137 456 5187 nore
497 5111 982 5242 deprehensi,
1033 5113 1092 5189 si
1132 5112 1538 5209 fateantur,
1581 5113 1828 5190 statim
1867 5115 2345 5214 occiduntur3
2402 5119 2527 5217 qui
2567 5127 2811 5194 autem
2852 5119 3043 5194 clam

271 5200 608 5316 fecerunt
647 5251 720 5314 et
753 5239 1155 5318 inficiando
1195 5249 1408 5338 sunt,
1449 5243 1522 5316 in
1551 5239 1921 5345 judicium
1958 5241 2490 5335 adducuntur.)
