3725 5850
1003 515 1202 566 m‘rxs
1247 516 1378 566 vm
1419 517 1498 566 m
1542 513 1802 564 cAvs1s
1839 511 2367 569 cAPrrAmBUS.
2908 493 3061 566 213

1583 707 1761 782 842.

503 851 590 926 In
627 851 1072 953 capitalibus
1108 852 1204 928 ad
1245 853 1667 930 Palladium
1706 855 1987 949 causis,
2050 853 2369 930 victimis
2405 853 2787 944 secundia,
2844 853 2893 928 ii
2932 854 3058 954 qui

293 973 643 1072 suffragio
701 975 1119 1077 superiores
1174 992 1390 1074 sunt,
1445 980 1692 1078 jurare
1751 989 2145 1074 tenentur,
2208 1003 2337 1053 eos
2381 978 2673 1078 judices
2736 1001 2906 1053 vere
2935 979 3057 1078 ju-

293 1111 538 1201 steque
574 1099 1094 1200 pronuntiasse
1118 1161 1136 1198 ,
1177 1103 1300 1204 qui
1341 1104 1782 1204 suffragium
1819 1130 1959 1208 pro
1998 1129 2079 1179 se
2120 1103 2465 1196 tulerint,
2506 1113 2581 1180 et
2618 1103 2905 1180 nullum
2946 1101 3054 1177 di·

290 1225 480 1301 xisse
513 1225 1018 1302 mendacium:
1075 1228 1272 1328 quod
1331 1228 1406 1306 ni
1462 1229 1570 1304 ita
1625 1231 1748 1323 fit,
1807 1228 1951 1307 sibi
2014 1240 2088 1304 et
2144 1229 2472 1306 familiae
2532 1253 2708 1306 suae
2748 1228 3057 1306 exitium

288 1351 804 1452 imprecantur.

1579 1463 1760 1538 843.

497 1603 650 1674 Καὶ
691 1606 779 1676 ἐν
812 1599 922 1700 τῷ
964 1599 1431 1701 δικαστηρίῳ
1488 1601 1645 1678 τῶν
1699 1599 2101 1680 ἀκουσίων
2140 1598 2449 1698 φόνων,
2507 1603 2621 1704 τιῇ
2656 1607 2781 1683 ἐπὶ
2828 1605 3053 1680 Παλ-

289 1721 562 1823 λαδίῳ,
621 1715 1028 1804 ὑπόκειται
1071 1724 1377 1826 πρῶτον
1405 1729 1555 1826 μὲν
1593 1723 1967 1826 διωμοσία
1992 1751 2008 1770 ·
2058 1725 2418 1831 δὲύτερον
2457 1726 2532 1806 δὲ
2576 1726 2843 1835 λόγος·
2885 1730 3055 1829 τρί-

287 1878 426 1926 τον
457 1849 532 1928 δὲ
571 1850 846 1955 γνῶσις
883 1853 1025 1928 τοῦ
1068 1850 1588 1956 δικαστηρίου.

1567 1983 1991 2076 (Demosth.
2034 2009 2094 2060 c.
2139 1981 2569 2062 Aristocrat.
2612 1984 2835 2076 643.)

1569 2146 1746 2222 843.

489 2287 734 2362 Etiam
770 2287 850 2362 in
877 2287 1165 2387 judicio
1203 2286 1290 2362 de
1343 2287 1696 2364 caedibus
1744 2287 2066 2364 fortuitis
2094 2346 2111 2381 ,
2169 2289 2264 2363 ad
2304 2287 2766 2381 Palladium,
2823 2253 3054 2363 usitass

284 2419 430 2485 tum
467 2421 579 2488 est
617 2413 858 2512 primo
885 2412 1453 2514 jusjurandum,
1497 2413 1764 2488 deinde
1805 2413 2085 2508 oratio,
2126 2425 2283 2488 tum
2323 2414 2653 2512 cognitio
2680 2411 3044 2515 judicum.

1567 2575 1747 2651 844.

479 2708 619 2788 Ἐν
672 2713 781 2812 τῷ
829 2709 1113 2813 Ἀρείῳ
1171 2711 1392 2820 πάγῳ
1449 2713 1632 2802 τούς
1688 2713 1979 2820 ἀργούς
2036 2719 2358 2803 λίθους,
2417 2721 2539 2808 ἐφ’
2580 2703 2693 2790 ὦν
2742 2714 3050 2789 ἑστᾶσιν

283 2831 446 2911 ὅσοι
487 2835 708 2926 δίκας
746 2830 1119 2937 ὑπέχουσι
1162 2847 1300 2916 καὶ
1342 2843 1412 2915 οἱ
1457 2838 1913 2933 διώκοντες,
1971 2837 2114 2917 τὸν
2162 2840 2314 2940 μὲν
2352 2835 2730 2942 ”Υβρεως,
2788 2836 2931 2918 τὸν
2966 2837 3044 2914 δὲ

273 2957 700 3052 Ἀναιδείας
743 2962 1293 3065 ὀνομάζεσθαι.
1952 2970 2405 3063 (Pausanias
2445 2970 2502 3064 I,
2545 2970 2673 3069 28,
2715 2972 2828 3061 5.)

1558 3079 1738 3154 844.

483 3221 572 3296 In
631 3217 1236 3320 Areopago-duo
1290 3222 1518 3298 rudes
1575 3222 1862 3325 lapides
1890 3279 1907 3314 ,
1966 3221 2233 3321 quibus
2292 3219 2396 3295 rei
2454 3230 2531 3294 et
2575 3231 3042 3297 accusatores

275 3344 628 3441 insident,
695 3346 886 3423 alter
921 3346 1476 3442 Contumeliae,
1535 3347 2051 3449 Impudentiae
2093 3346 2283 3422 alter
2320 3354 2647 3423 vocetur.

485 3668 579 3741 Oi
627 3663 1174 3771 Ἀρεοπαγῖται
1217 3664 1375 3743 οὐκ
1411 3676 1504 3743 ἐκ
1544 3669 1684 3745 τοῦ
1726 3665 1971 3774 λόγου
2010 3668 2269 3768 μόνον
2306 3664 2479 3743 οὐδ’
2518 3675 2611 3745 ἐκ
2651 3668 2805 3745 τῶν
2834 3697 3040 3768 μαρ-

277 3790 547 3890 τυριῶν
585 3788 752 3866 ἀλλ’
793 3800 872 3883 ἐξ
911 3782 1024 3870 ὦν
1063 3790 1288 3869 αὐτοὶ
1332 3794 1534 3870 ἴσασι
1576 3800 1713 3869 καὶ
1754 3794 2161 3887 ἐξητάκασι
2203 3793 2346 3885 τήν
2384 3794 2662 3895 ψῆφον
2698 3801 3035 3894 φέρουσι.

1600 3923 1989 4017 (Aeschin.
2031 3952 2092 4002 c.
2132 3923 2507 4001 Timarch.
2550 3918 2616 4025 ξ.
2659 3924 2827 4018 92.)

1555 4086 1732 4161 845.

479 4223 977 4328 Areopagitae
1037 4252 1280 4328 neque
1344 4254 1436 4307 ex
1494 4232 1832 4306 oratione
1883 4230 2282 4323 duntaxat,
2344 4255 2585 4331 neque
2626 4256 2666 4305 e
2703 4232 3034 4307 testimo-

273 4350 444 4445 niis,
486 4351 617 4426 sed
655 4376 695 4427 e
735 4378 871 4427 sua
907 4354 1365 4451 conscientia
1402 4367 1477 4431 et
1511 4356 1996 4455 indagatione
2038 4354 2479 4451 suffragium
2516 4355 2781 4433 ferunt.

1552 4533 1730 4609 846.

465 4665 710 4771 Ἀνὴρ
748 4672 1110 4778 ἐκφεύγει
1155 4678 1478 4773 αἳζιιατος
1515 4672 1789 4766 δίκην,
1849 4668 1952 4749 ἄν
2004 4674 2181 4750 ἴσον
2218 4666 2267 4772 ᾗ
2302 4672 2393 4751 τὸ
2432 4672 2839 4775 ἀρίθμημα
2877 4680 3035 4756 τῶν

272 4796 540 4873 πάλων.
1564 4802 1954 4903 (Aeschyl.
1996 4803 2447 4882 Eumenides
2485 4803 2663 4881 752.
2704 4808 2816 4897 v.)

1557 4980 1736 5057 846.

475 5124 606 5200 Vir
649 5126 900 5203 caedis
939 5128 1246 5204 crimine
1287 5129 1744 5224 absolvitur,
1800 5125 1862 5204 si
1918 5154 2059 5233 par
2114 5154 2468 5207 numerus
2503 5128 2726 5208 fuerit
2761 5132 3029 5216 suffra-

269 5272 570 5345 giorum.
