3725 5850
1325 453 1822 506 vammum.
2796 429 2959 512 223

410 785 576 866 Τῶν
615 791 1134 893 εἰσαγομένων
1171 791 1276 875 εἰς
1311 784 1456 864 τὸν
1498 786 1828 886 Πειραιᾶ
1886 792 2233 887 φορτίων
2267 794 2404 864 καὶ
2442 785 2953 889 ἀνδραπόδων

213 924 290 992 ἐκ
321 914 442 1006 τῆς
493 911 936 1006 ἀλλοδαπῆς
991 909 1514 1005 πεντηκοστὴν
1568 911 1928 988 τελοῦσιν
1966 915 2039 989 οἱ
2098 915 2459 1013 ἐζιιποροι·
2516 922 2654 990 καὶ
2713 917 2949 992 τοῦτο

211 1047 531 1116 καλεῖται
577 1037 1344 1131 πεντηκοστεύεσθαι.
1457 1039 1800 1134 (Bekker
1837 1039 2118 1120 Anecd.
2158 1070 2265 1142 gr.
2308 1045 2362 1120 I.
2406 1072 2477 1145 p.
2519 1045 2738 1136 297.)

1479 1221 1654 1295 880.

403 1364 512 1442 Ab
560 1366 975 1468 importatis
1029 1367 1106 1440 in
1164 1364 1510 1440 Piraeum
1568 1361 1940 1440 extraneis
1998 1363 2368 1438 mercibus
2426 1375 2501 1440 et
2560 1368 2949 1468 mancipiis

217 1493 878 1594 quinquagesimam
939 1493 1280 1597 pendunt
1325 1502 1794 1568 mercatores,
1872 1492 1967 1566 Et
2006 1491 2146 1567 hoc
2187 1505 2530 1569 vocatur:
2590 1495 2948 1594 quinqua-

215 1619 542 1716 gesimam
578 1620 888 1696 solvere.
2770 1637 2777 1644 ·

405 1864 602 1956 Τούς
641 1864 1396 1972 πεντηκοστολόγους
1433 1863 1526 1940 τὰ
1556 1870 1704 1964 μὲν
1745 1863 2127 1966 πολεμικοὶ
2166 1865 2404 1957 σκεύη
2432 1866 2540 1965 μὴ
2562 1873 2945 1958 τελωνεῖν,

215 1986 339 2066 ὅσα
373 1991 451 2068 δέ
479 2001 632 2068 ἐστι
673 1992 1018 2092 εἰρηνικὰ
1057 1998 1194 2068 καὶ
1237 1989 1420 2092 πρὸς
1457 1987 1763 2091 τρυφὴν
1800 1990 2323 2068 συντελοῦντα
2361 1999 2737 2091 κατέχειν.

1259 2120 1544 2214 (Schol.
1583 2119 1662 2196 in
1700 2121 2088 2198 Demosth.
2130 2121 2307 2198 Mid.
2350 2125 2527 2216 558,
2572 2125 2733 2213 18.)

1465 2283 1646 2360 881.

397 2423 1195 2526 Quinquagesimarum
1253 2438 1638 2502 exactores
1688 2453 1733 2501 a
1769 2428 2077 2503 sarcinis
2136 2427 2421 2503 bellicis
2478 2428 2795 2527 vectigal
2853 2457 2947 2505 ne

216 2549 526 2646 exigant,
586 2561 951 2650 quotquot
989 2561 1240 2627 autem
1279 2551 1371 2626 ad
1412 2575 1674 2652 pacem
1714 2553 2097 2652 pertinent
2133 2563 2209 2627 et
2246 2554 2340 2627 ad
2378 2553 2635 2630 luxum
2674 2557 2946 2631 contri·

215 2673 458 2769 buunt,
511 2675 684 2751 illas
723 2677 1100 2752 detineant
1137 2677 1274 2770 (ad
1314 2677 1760 2775 exigendam
1800 2678 2557 2779 quinquagesimam).

408 2992 568 3071 Τὸν
603 3000 1035 3094 ἐωνημένον
1070 2992 1215 3087 τήν
1251 2992 1772 3089 πεντηκοστὴν
1795 3054 1815 3086 ,
1856 2994 2380 3095 καταβάλλειν
2416 2995 2549 3083 τὰς
2592 3000 2944 3093 καταβο-

213 3115 326 3205 λάς
361 3122 459 3205 εἰς
495 3118 583 3195 τὸ
621 3120 1170 3221 βουλευτήριον
1213 3119 1410 3196 κατὰ
1453 3125 1941 3223 πρυτανείαν.

1575 3250 1998 3345 (Demosth.
2036 3250 2113 3325 in
2153 3252 2418 3327 Neaer.
2465 3250 2733 3343 1353.)

1476 3412 1652 3487 882.

394 3554 799 3632 Redemtor
871 3554 1534 3655 quinquagesimae
1609 3580 1901 3655 quaque
1980 3556 2337 3657 Prytania
2407 3555 2946 3659 praestandum

209 3680 500 3779 pretium
534 3682 612 3755 in
647 3680 854 3757 curia
889 3706 1276 3757 numerare
1317 3678 1560 3757 debet.

1469 3858 1648 3935 883.

398 3997 739 4089 Δεκάτην
790 4004 881 4073 ἐκ
934 3998 1094 4073 τῶν
1157 3978 1501 4097 φορτίων
1557 3997 1715 4072 τῶν
1769 3992 2127 4098 ἐμπόρων
2181 3998 2329 4074 τοῦ
2370 3992 2944 4089 “Ελλησπὸντου

207 4122 628 4221 λαμβάνειν.
1189 4124 1475 4220 (Schol.
1513 4124 1592 4203 in
1631 4124 2014 4204 Demosth.
2055 4128 2352 4228 Leptin.
2396 4129 2572 4224 475,
2616 4130 2729 4221 5.)

1467 4287 1648 4363 883.

399 4428 458 4510 A
497 4430 868 4508 mercibus
905 4440 1394 4506 mercatorum
1433 4399 1903 4531 Hellesponti
1944 4431 2339 4530 exigantur
2376 4430 2724 4508 decimae.

1471 4610 1650 4689 884.

383 4750 945 4852 Ἐλλιμενισταὶ
964 4810 985 4842 ,
1044 4756 1114 4829 οἱ
1155 4758 1242 4829 ἐν
1277 4761 1434 4841 τοῖς
1470 4758 1714 4853 λιμέσι
1750 4754 2093 4831 τελῶναι.

1398 4880 1743 4975 (Bekker
1779 4879 2061 4961 Anecd.
2102 4906 2211 4979 gr.
2255 4880 2307 4959 I.
2348 4907 2457 4981 pr.
2500 4880 2724 4974 251.)

1471 5044 1648 5121 884.

393 5184 806 5267 Portitores
843 5198 1016 5267 sunt
1051 5188 1432 5293 publicani
1469 5190 1546 5267 in
1583 5188 1945 5292 portibus.
