3725 5850
680 450 835 528 346
1755 476 1880 529 ms
1917 472 2352 528 PluvA‘rtm.

1949 665 2178 743 1340.

865 782 1038 867 “Ην
1072 782 1177 865 ὃῖν
1213 787 1535 895 ἐγγυήσῃ
1575 786 1811 889 πατὴρ
1851 783 1899 881 ἢ
1937 785 2270 885 ἀδελφὸς
2307 783 2356 880 ἢ
2391 784 2735 879 πάππος,
2792 795 2886 865 ἐκ
2921 786 3188 876 ταύτυς
3221 785 3292 863 εἴ
3293 818 3430 863 ναι

675 916 947 1005 παῖδας
983 920 1365 1022 γνησίους.
1878 917 2302 1013 (Demosth.
2337 918 2505 996 adv,
2547 918 2902 999 Leochar.
2944 919 3208 1009 1095.)

1953 1080 2179 1156 1340.

888 1208 1133 1303 Quam
1187 1207 1771 1313 despoponderit
1825 1220 2039 1308 pater
2101 1217 2228 1281 aut
2282 1206 2510 1283 frater
2563 1217 2690 1281 aut
2741 1208 2963 1298 a'vu5,
3026 1231 3116 1281 ex
3169 1231 3252 1283 ea
3285 1228 3426 1305 ge-

676 1336 885 1412 nuini
920 1337 1136 1412 liberi
1176 1346 1417 1411 sunto·

2055 1442 2102 1514 4
2161 1498 2177 1517 .

894 1560 1209 1656 Γνήσιος
1244 1568 1383 1639 καὶ
1420 1553 1467 1640 ὁ
1504 1570 1599 1639 ἐκ
1632 1440 2268 1667 γυναικὸὶῧάζτῆς
2303 1561 2441 1635 καὶ
2477 1559 2821 1664 γαμετῆς.

1923 1726 2149 1875 ·1341
2529 1689 2838 1783 (Pollux
2876 1686 3011 1784 111,
3053 1687 3213 1781 21.)

895 1927 1284 2007 Genuinus
1323 1927 1515 2005 filius
1552 1939 1665 2005 est
1701 1954 1740 2005 e
1778 1928 2085 2005 muliere
2125 1927 2286 2004 cive
2324 1936 2398 2043 et
2435 1938 2688 2028 nupta.

1956 2090 2175 2167 1342.

873 2204 1020 2297 ⁰09
1057 2207 1162 2288 ἂν
1187 2208 1293 2309 μὴ
1332 2220 1411 2304 ἐξ
1450 2208 1673 2303 ἀστῆς
1710 2216 2054 2317 γένηται,
2111 2208 2368 2288 νόθον
2405 2208 2622 2287 εἶναι.

2085 2339 2549 2435 (Athenaeus
2587 2338 2798 2437 XIII,
2841 2339 3014 2415 577.
3059 2338 3219 2431 38.)

1959 2502 2182 2579 1342.

894 2626 1039 2721 Qui
1074 2651 1227 2702 non
1265 2634 1378 2701 est
1413 2637 1629 2702 natus
1668 2651 1708 2702 e
1747 2627 2054 2703 muliere
2093 2629 2291 2723 cive,
2352 2626 2625 2705 nothus
2665 2636 2845 2703 esto.

901 2905 1199 3001 Νόθος,
1241 2900 1283 2988 ὅ
1326 2917 1418 2987 ἐκ
1455 2915 1660 3003 ξένης
1697 2904 1745 3004 ἢ
1783 2790 2280 3002 παλὲῗῗτῗὲος.
2535 2914 2842 3010 (Pollux
2879 2914 3013 3007 III,
3055 2910 3218 3005 21.)

1956 3077 2184 3154 1343.

897 3199 1189 3279 Nothus
1228 3211 1379 3300 est,
1438 3203 1565 3304 qui
1604 3229 1643 3280 e
1682 3205 2085 3306 peregrina
2121 3215 2248 3281 aut
2285 3204 2552 3306 pellice
2589 3213 2806 3284 natus
2847 3213 2976 3280 est.

1961 3367 2185 3441 1344.

890 3481 1039 3560 Ἐκ
1073 3479 1215 3560 τοῦ
1254 3480 1397 3576 τὴν
1437 3490 1819 3588 θυγατέρα
1858 3493 1930 3574 ἐς
1965 3483 2149 3574 τούς
2185 3484 2566 3588 φράτορας
2597 3485 2707 3586 μὴ
2764 3491 3238 3591 εἰσαγαγεῖν,
3296 3479 3410 3560 νό-

691 3613 843 3702 *9⁷2⁷
882 3607 1079 3687 εἶναι
1118 3604 1381 3702 αὖτῆν·
2148 3618 2442 3710 (Isaeus
2483 3617 2746 3718 Pyrrh.
2789 3618 2911 3692 75.
2949 3644 3020 3718 p.
3065 3617 3223 3707 62.)

1944 3777 2171 3856 1344.

902 3901 981 3979 Si
1018 3927 1205 4002 quae
1247 3900 1399 3979 filia
1435 3927 1586 3979 non
1624 3903 1849 3982 fuerit
1885 3905 1962 3982 in
2000 3906 2388 4008 phratores
2443 3905 2750 3983 inducta
2770 3963 2788 4000 ,
2844 3931 2980 4007 pro
3018 3904 3269 4006 spuria
3301 3900 3408 3976 ha·

688 4027 973 4104 beatur.

1954 4141 2178 4216 1345.

904 4253 1153 4356 Νόθῳ
1195 4255 1383 4356 μηδὲ
1440 4256 1647 4358 νόθῃ
1700 4259 1899 4340 εἶναι
1955 4259 2404 4369 ἀγχιστείαν
2449 4259 2645 4363 μήθ’
2702 4261 2922 4363 ἱερῶν
2967 4259 3159 4362 μήθ’
3210 4253 3420 4338 ὁσίων

694 4377 821 4454 ἀπ’
861 4378 1296 4458 Εὐκλείδου
1343 4377 1743 4481 ἄρχοντος.

1824 4501 2120 4593 (Imus
2161 4499 2252 4577 de
2292 4500 2728 4578 Philoctem.
2767 4501 2922 4578 her.
2959 4497 3028 4602 ξ.
3071 4501 3230 4596 47.)

1959 4660 2186 4738 1345.

708 4864 720 4878 ,
904 4777 1161 4883 Neque
1220 4783 1475 4883 spurio
1533 4810 1771 4884 neque
1828 4787 2131 4886 spuriae
2187 4794 2350 4863 esto
2403 4787 3016 4888 consanguinitas
3053 4811 3290 4888 neque
3327 4812 3421 4862 sa·

692 4907 836 4983 cris
873 4907 951 4982 in
990 4908 1214 4986 rebus
1254 4935 1495 5009 neque
1531 4911 1609 4986 in
1644 4910 1984 4989 civilibus
2025 4913 2198 4992 inde
2236 4914 2333 4990 ab
2373 4914 2676 4992 Euclide
2716 4913 3090 4992 archonte.
