3725 5850
717 534 871 629 326
1808 576 1932 629 ms
1966 573 2386 629 flmmeum.

712 768 909 845 Tum
965 766 1226 845 hausta
1281 765 1374 845 de
1432 768 1640 845 fonte
1696 783 1928 869 aqua,
1986 767 2150 871 ipse
2208 768 2590 847 columnas
2644 768 2883 845 abluit
2937 774 3498 867 unguenboque

710 893 896 971 linit.
970 894 1155 971 Inde
1210 904 1421 970 tauro
1476 894 1556 970 in
1602 918 1871 991 rogum
1895 891 2280 993 jugulam,
2340 894 2678 992 votisque
2717 890 2814 969 ad
2852 890 2906 969 J
2911 918 3126 970 ovem
3165 904 3240 969 et
3274 892 3495 969 Mer·

714 1017 995 1094 curium
1032 1018 1351 1095 inferum
1408 1018 1663 1111 factis,
1718 1018 1957 1093 bonos
2013 1018 2212 1093 viros
2267 1046 2402 1119 pro
2442 1018 2759 1096 Graecia
2795 1030 3129 1095 mortuos
3167 1017 3262 1095 ad
3301 1042 3496 1094 coe-

710 1170 885 1219 nam
920 1154 997 1218 et
1033 1145 1479 1243 sanguineas
1516 1144 1819 1221 inferias
1855 1155 2094 1221 vocat.
2170 1145 2553 1222 Postremo
2593 1152 2956 1221 crateram
2991 1146 3168 1220 vino
3206 1144 3492 1244 imple-

711 1278 864 1344 tam
902 1268 1334 1365 effundenS,
1390 1269 1789 1369 propinare
1827 1294 1908 1344 se
1947 1268 2052 1344 ait
2087 1267 2266 1345 viris
2300 1296 2438 1371 pro
2493 1272 2832 1348 libertate
2869 1268 3233 1348 Graeciae
3269 1294 3492 1345 mor-

709 1402 864 1469 tem
901 1393 1167 1493 passis·

1881 1586 2158 1688 Τμῆμα
2215 1585 2316 1665 δ’.

1604 1726 2564 1827 Ἀμφικτυονία.

1903 1984 2153 2062 Sectio
2213 1986 2282 2063 4.

1598 2128 2584 2232 Amphictyonia.

1972 2308 2198 2384 1276.

909 2425 1498 2527 Ἀμφικτυονία
1570 2428 1805 2518 τόπος
1878 2436 2082 2507 ἐστιν
2137 2437 2224 2507 ἐν
2277 2462 2366 2529 τῃ
2414 2424 2730 2509 Ἔλλάδι
2789 2436 2926 2507 καὶ
2979 2425 3477 2507 κοινὸν’τω’ν

695 2548 1092 2647 ςΕλλήνων
1128 2553 1647 2656 δικαστήριον.
1688 2549 1878 2631 “Orc
1934 2551 2082 2658 γάρ
2140 2550 2544 2632 ἀδικοῖντο
2599 2586 2799 2643 τινες
2846 2552 3005 2633 τῶν
3045 2549 3469 2647 Ἐλλήνων,

708 2676 1028 2757 ἀπίασιν
1082 2686 1399 2761 ἐκεῖσεν.
1448 2678 1672 2756 Ἐκεῖ
1721 2677 1870 2786 γὰρ
1925 2709 2106 2766 τους
2160 2676 2630 2769 ἀδικοῦντας
2704 2686 2840 2756 καὶ
2911 2675 3470 2780 ἀδικουμένους

695 2802 850 2907 χρὴ
892 2802 1371 2899 δικάζεσθαι.
1448 2811 1601 2881 Καὶ
1662 2804 1942 2897 πάλιν,
2001 2802 2126 2883 ὅτε
2166 2814 2330 2907 περὶ
2384 2806 2666 2884 κοινοῦ
2723 2836 2930 2895 τινος
2985 2812 3467 2896 σκέπτοιντο,

706 2939 945 3008 ἐκεῖσε
980 2927 1520 3033 βουλεύονται.

1403 3043 1820 3145 (Anonymi
1858 3067 2141 3144 argum.
2177 3042 2256 3120 in
2293 3041 2669 3122 Demosth.
2712 3044 2800 3122 de
2839 3069 3061 3148 pace..
3083 3045 3254 3138 56.)

1985 3203 2214 3282 1276.

918 3328 1495 3434 Amphictyonia
1518 3343 1523 3349 ’
1546 3331 1756 3409 locus
1810 3342 1926 3408 est
1977 3332 2055 3408 in
2094 3327 2414 3408 Graecia
2470 3342 2544 3407 et
2577 3355 2963 3408 commune
3004 3330 3461 3410 Graecorum

694 3454 1075 3556 judicium.
1152 3457 1473 3550 Quando
1533 3457 1735 3534 enim
1792 3456 2163 3558 aliquibus
2217 3456 2485 3558 injuria
2539 3458 2661 3552 fit,
2719 3456 2896 3533 illuc
2930 3484 3011 3535 se
3049 3458 3455 3534 conferunt.

704 3579 864 3660 Illic
904 3583 1102 3658 enim
1141 3591 1214 3657 et
1251 3581 1394 3657 reis
1433 3592 1507 3658 et
1541 3581 2099 3658 accusatoribus
2148 3607 2370 3659 causa
2405 3579 2699 3682 agenda
2755 3593 2884 3658 est.
2960 3581 3122 3660 Illic
3158 3583 3337 3660 item
3372 3581 3455 3657 de

702 3705 924 3782 rebus
960 3705 1470 3782 communibus
1510 3705 1984 3782 deliberatur.

1987 3867 2208 3944 1277.

924 3988 1033 4066 Τὸ
1079 3985 1692 4091 Ἀμφικτυόνων
1730 3987 2075 4088 σύστημα
2121 3993 2290 4090 περί
2342 4020 2422 4066 τε
2457 3989 2616 4067 τῶν
2669 3979 2964 4068 κοινῶν
3013 3988 3446 4092 βουλεύεται

704 4119 841 4192 καὶ
878 4115 1020 4192 τοῦ
1059 4117 1271 4215 ἱεροῦ
1310 4114 1449 4210 τὴν
1486 4121 1919 4216 ἐπιμέλειαν
1956 4118 2112 4212 ἔχει
2151 4121 2648 4218 κοινοτέραν,
2707 4112 2837 4193 ἅτε
2877 4121 3012 4191 καὶ
3051 4117 3445 4218 χρημάτων

704 4236 1241 4339 ἀποκειμένων
1295 4241 1604 4318 πολλῶν
1660 4246 1797 4318 καὶ
1856 4237 2428 4340 ἀναθημάτων,
2484 4239 2840 4338 φυλακῆς
2896 4246 3036 4316 καὶ
3085 4235 3442 4347 ἁγιστείας

708 4363 1068 4467 δεομένου
1096 4364 1452 4470 μεγάλης.
2166 4370 2480 4464 (Strabo
2517 4364 2652 4468 IX,
2692 4371 2763 4470 3,
2805 4370 2874 4449 ¹7.
2914 4399 2988 4476 p.
3031 4371 3252 4464 643.)

1973 4515 2198 4594 1277.

826 4693 835 4706 .
920 4621 1619 4724 Amphictyonicum
1676 4617 2078 4724 collegium
2130 4635 2206 4700 et
2241 4623 2334 4700 de
2373 4621 2686 4725 publicis
2724 4623 3094 4702 consultat
3129 4622 3344 4700 rebus
3375 4627 3435 4694 et

704 4748 963 4849 templi
1002 4747 1581 4824 communiorem
1618 4749 1936 4825 sustinet
1989 4749 2625 4848 procurationem,
2684 4748 2930 4827 multis
2965 4747 3070 4826 ibi
3101 4745 3431 4852 pecuniis,

705 4873 955 4950 multis
1011 4873 1367 4973 depositis
1422 4873 1788 4970 donariiS,
1850 4899 2038 4973 quae
2097 4883 2442 4952 accurata
2495 4871 2832 4972 indigent
2867 4875 3204 4954 custodia
3238 4885 3426 4974 atque

705 4998 1214 5078 sanctimonia.

1969 5103 2194 5183 1278.

928 5204 1199 5297 Τοῦς
1167 5203 1471 5316 όρκους
1487 5241 1641 5287 των
1688 5197 2298 5324 Ἀμφικτυόνων
2336 5207 2572 5288 εἶναι·
2619 5205 3003 5312 μηδι-μιαν
3039 5211 3266 5294 πόλιν
3296 5228 3417 5285 των

694 5333 1384 5440 Ἀμφικτυονίδων
1438 5333 1875 5414 ἀνάστατον
1933 5335 2314 5430 ποιήσειν,
2379 5339 2560 5436 μηδ’
2613 5329 2924 5418 υδάτων
2978 5339 3416 5443 ναματιαίων
