<?xml version="1.0" encoding="UTF-8"?>
<!DOCTYPE html PUBLIC "-//W3C//DTD XHTML 1.0 Transitional//EN"
    "http://www.w3.org/TR/xhtml1/DTD/xhtml1-transitional.dtd">
<html xmlns="http://www.w3.org/1999/xhtml" xml:lang="en" lang="en">
 <head>
  <title>
</title>
<meta http-equiv="Content-Type" content="text/html;charset=utf-8" />
  <meta name='ocr-system' content='tesseract 3.04.00' />
  <meta name='ocr-capabilities' content='ocr_page ocr_carea ocr_par ocr_line ocrx_word'/>
</head>
<body>
  <div class='ocr_page' id='page_1' title='image "./synaggtnattiknn01tlgoog_0462.png"; bbox 0 0 3725 5850; ppageno 0'>
   <div class='ocr_carea' id='block_1_1' title="bbox 533 389 2861 470">
    <p class='ocr_par' dir='ltr' id='par_1_1' title="bbox 533 389 2861 470">
     <span class='ocr_line' id='line_1_1' title="bbox 533 389 2861 470; baseline -0.002 0"><span class='ocrx_word' id='word_1_1' title='bbox 533 395 688 470; x_wconf 82' lang='grc'>436</span> <span class='ocrx_word' id='word_1_2' title='bbox 1121 412 1738 468; x_wconf 72' lang='grc' dir='ltr'>οοΜΜΕΝΤΑΒῙυε</span> <span class='ocrx_word' id='word_1_3' title='bbox 1777 417 1882 466; x_wconf 81' lang='lat' dir='ltr'>AD</span> <span class='ocrx_word' id='word_1_4' title='bbox 1926 413 2047 467; x_wconf 83' lang='lat'><strong>150.</strong></span> <span class='ocrx_word' id='word_1_5' title='bbox 2091 413 2215 466; x_wconf 82' lang='grc'><strong>153.</strong></span> <span class='ocrx_word' id='word_1_6' title='bbox 2259 411 2383 467; x_wconf 78' lang='grc'><strong>154.</strong></span> <span class='ocrx_word' id='word_1_7' title='bbox 2426 412 2546 467; x_wconf 82' lang='grc'><strong>156.</strong></span> <span class='ocrx_word' id='word_1_8' title='bbox 2590 414 2714 466; x_wconf 77' lang='grc'><strong>157.</strong></span> <span class='ocrx_word' id='word_1_9' title='bbox 2858 389 2861 392; x_wconf 67' lang='grc'>’</span> 
     </span>
    </p>
   </div>
   <div class='ocr_carea' id='block_1_2' title="bbox 533 607 3309 923">
    <p class='ocr_par' dir='ltr' id='par_1_2' title="bbox 533 607 3309 923">
     <span class='ocr_line' id='line_1_2' title="bbox 533 607 3309 711; baseline -0.002 -24"><span class='ocrx_word' id='word_1_10' title='bbox 533 635 710 710; x_wconf 90' lang='lat' dir='ltr'>gem</span> <span class='ocrx_word' id='word_1_11' title='bbox 751 608 948 706; x_wconf 76' lang='lat'><strong>1573</strong></span> <span class='ocrx_word' id='word_1_12' title='bbox 999 611 1180 685; x_wconf 87' lang='lat' dir='ltr'>item</span> <span class='ocrx_word' id='word_1_13' title='bbox 1241 607 1488 686; x_wconf 89' lang='lat' dir='ltr'>Schol.</span> <span class='ocrx_word' id='word_1_14' title='bbox 1546 607 1628 686; x_wconf 89' lang='lat' dir='ltr'>in</span> <span class='ocrx_word' id='word_1_15' title='bbox 1682 609 2069 684; x_wconf 86' lang='lat' dir='ltr'>Demosth.</span> <span class='ocrx_word' id='word_1_16' title='bbox 2126 607 2428 711; x_wconf 88' lang='lat' dir='ltr'>Olynth.</span> <span class='ocrx_word' id='word_1_17' title='bbox 2486 610 2623 706; x_wconf 92' lang='grc' dir='ltr'>ΙΙΙ,</span> <span class='ocrx_word' id='word_1_18' title='bbox 2693 608 2814 705; x_wconf 88' lang='grc'>13,</span> <span class='ocrx_word' id='word_1_19' title='bbox 2870 607 3177 705; x_wconf 82' lang='grc' dir='ltr'><strong>8---1Ο;</strong></span> <span class='ocrx_word' id='word_1_20' title='bbox 3232 607 3309 682; x_wconf 91' lang='grc'>111</span> 
     </span>
     <span class='ocr_line' id='line_1_3' title="bbox 535 733 1224 837; baseline -0.006 -24"><span class='ocrx_word' id='word_1_21' title='bbox 535 736 832 837; x_wconf 83' lang='lat' dir='ltr'><strong>Leptin.</strong></span> <span class='ocrx_word' id='word_1_22' title='bbox 879 733 1057 830; x_wconf 82' lang='lat'>498,</span> <span class='ocrx_word' id='word_1_23' title='bbox 1100 735 1224 809; x_wconf 83' lang='lat'>25.</span> 
     </span>
     <span class='ocr_line' id='line_1_4' title="bbox 1715 835 2139 923; baseline 0.007 -3"><span class='ocrx_word' id='word_1_24' title='bbox 1715 835 1869 920; x_wconf 76' lang='lat' dir='ltr'>Ad</span> <span class='ocrx_word' id='word_1_25' title='bbox 1920 839 2139 923; x_wconf 80' lang='lat'>150.</span> 
     </span>
    </p>
   </div>
   <div class='ocr_carea' id='block_1_3' title="bbox 535 985 3317 1467">
    <p class='ocr_par' dir='ltr' id='par_1_3' title="bbox 535 985 3317 1467">
     <span class='ocr_line' id='line_1_5' title="bbox 748 985 3316 1088; baseline -0.002 -22"><span class='ocrx_word' id='word_1_26' title='bbox 748 985 971 1088; x_wconf 87' lang='lat' dir='ltr'><strong>Apud</strong></span> <span class='ocrx_word' id='word_1_27' title='bbox 1010 987 1291 1062; x_wconf 87' lang='lat' dir='ltr'>Locros</span> <span class='ocrx_word' id='word_1_28' title='bbox 1347 986 1538 1061; x_wconf 89' lang='lat' dir='ltr'>adeo</span> <span class='ocrx_word' id='word_1_29' title='bbox 1596 987 2007 1062; x_wconf 79' lang='lat' dir='ltr'>censebant</span> <span class='ocrx_word' id='word_1_30' title='bbox 2059 987 2441 1064; x_wconf 84' lang='lat' dir='ltr'>veteribus</span> <span class='ocrx_word' id='word_1_31' title='bbox 2494 987 2792 1088; x_wconf 90' lang='lat' dir='ltr'>legibus</span> <span class='ocrx_word' id='word_1_32' title='bbox 2840 985 3203 1064; x_wconf 88' lang='lat' dir='ltr'>utendum</span> <span class='ocrx_word' id='word_1_33' title='bbox 3242 998 3316 1062; x_wconf 87' lang='lat' dir='ltr'>et</span> 
     </span>
     <span class='ocr_line' id='line_1_6' title="bbox 536 1109 3315 1214; baseline 0 -26"><span class='ocrx_word' id='word_1_34' title='bbox 536 1113 876 1190; x_wconf 79' lang='lat' dir='ltr'>instituta</span> <span class='ocrx_word' id='word_1_35' title='bbox 912 1110 1159 1212; x_wconf 87' lang='lat' dir='ltr'>patria</span> <span class='ocrx_word' id='word_1_36' title='bbox 1195 1109 1666 1188; x_wconf 89' lang='lat' dir='ltr'>defendenda</span> <span class='ocrx_word' id='word_1_37' title='bbox 1702 1135 1905 1207; x_wconf 88' lang='lat' dir='ltr'>esse,</span> <span class='ocrx_word' id='word_1_38' title='bbox 1963 1124 2083 1207; x_wconf 79' lang='lat' dir='ltr'>ut,</span> <span class='ocrx_word' id='word_1_39' title='bbox 2142 1113 2204 1187; x_wconf 89' lang='lat' dir='ltr'>si</span> <span class='ocrx_word' id='word_1_40' title='bbox 2242 1114 2405 1214; x_wconf 89' lang='lat' dir='ltr'>quis</span> <span class='ocrx_word' id='word_1_41' title='bbox 2447 1115 2697 1212; x_wconf 88' lang='lat' dir='ltr'>legem</span> <span class='ocrx_word' id='word_1_42' title='bbox 2733 1140 3013 1192; x_wconf 89' lang='lat' dir='ltr'>novam</span> <span class='ocrx_word' id='word_1_43' title='bbox 3048 1137 3315 1211; x_wconf 87' lang='lat' dir='ltr'>rogare</span> 
     </span>
     <span class='ocr_line' id='line_1_7' title="bbox 535 1235 3317 1335; baseline -0.001 -20"><span class='ocrx_word' id='word_1_44' title='bbox 535 1240 802 1332; x_wconf 91' lang='lat' dir='ltr'>vellet,</span> <span class='ocrx_word' id='word_1_45' title='bbox 841 1236 1033 1314; x_wconf 92' lang='lat' dir='ltr'>collo</span> <span class='ocrx_word' id='word_1_46' title='bbox 1072 1237 1152 1310; x_wconf 91' lang='lat' dir='ltr'>in</span> <span class='ocrx_word' id='word_1_47' title='bbox 1194 1235 1543 1335; x_wconf 89' lang='lat' dir='ltr'>laqueum</span> <span class='ocrx_word' id='word_1_48' title='bbox 1578 1237 1857 1314; x_wconf 89' lang='lat' dir='ltr'>inserto</span> <span class='ocrx_word' id='word_1_49' title='bbox 1897 1237 1974 1311; x_wconf 92' lang='lat' dir='ltr'>id</span> <span class='ocrx_word' id='word_1_50' title='bbox 2009 1239 2306 1315; x_wconf 86' lang='lat' dir='ltr'>faceret.</span> <span class='ocrx_word' id='word_1_51' title='bbox 2377 1240 2588 1333; x_wconf 82' lang='lat' dir='ltr'>Quae</span> <span class='ocrx_word' id='word_1_52' title='bbox 2628 1240 2754 1317; x_wconf 86' lang='lat' dir='ltr'>lex</span> <span class='ocrx_word' id='word_1_53' title='bbox 2792 1241 2853 1316; x_wconf 92' lang='lat' dir='ltr'>si</span> <span class='ocrx_word' id='word_1_54' title='bbox 2891 1239 3207 1317; x_wconf 88' lang='lat' dir='ltr'>honesta</span> <span class='ocrx_word' id='word_1_55' title='bbox 3243 1249 3317 1313; x_wconf 90' lang='lat' dir='ltr'>et</span> 
     </span>
     <span class='ocr_line' id='line_1_8' title="bbox 535 1361 3312 1467; baseline -0.001 -27"><span class='ocrx_word' id='word_1_56' title='bbox 535 1363 735 1440; x_wconf 89' lang='lat' dir='ltr'>utilis</span> <span class='ocrx_word' id='word_1_57' title='bbox 773 1361 1203 1456; x_wconf 88' lang='lat' dir='ltr'>videbatur,</span> <span class='ocrx_word' id='word_1_58' title='bbox 1262 1372 1517 1437; x_wconf 82' lang='lat' dir='ltr'>auctor</span> <span class='ocrx_word' id='word_1_59' title='bbox 1553 1363 1716 1464; x_wconf 90' lang='lat' dir='ltr'>ejus</span> <span class='ocrx_word' id='word_1_60' title='bbox 1749 1363 1937 1440; x_wconf 82' lang='lat' dir='ltr'>vixit</span> <span class='ocrx_word' id='word_1_61' title='bbox 1975 1373 2054 1440; x_wconf 91' lang='lat' dir='ltr'>et</span> <span class='ocrx_word' id='word_1_62' title='bbox 2090 1363 2364 1460; x_wconf 88' lang='lat' dir='ltr'>abivit,</span> <span class='ocrx_word' id='word_1_63' title='bbox 2405 1364 2519 1441; x_wconf 83' lang='lat' dir='ltr'>sin</span> <span class='ocrx_word' id='word_1_64' title='bbox 2556 1366 2839 1461; x_wconf 88' lang='lat' dir='ltr'>minus,</span> <span class='ocrx_word' id='word_1_65' title='bbox 2882 1367 3106 1467; x_wconf 88' lang='lat' dir='ltr'>periit</span> <span class='ocrx_word' id='word_1_66' title='bbox 3141 1391 3312 1441; x_wconf 91' lang='lat' dir='ltr'>con-</span> 
     </span>
    </p>
   </div>
   <div class='ocr_carea' id='block_1_4' title="bbox 535 1489 3314 1710">
    <p class='ocr_par' dir='ltr' id='par_1_4' title="bbox 535 1489 3314 1710">
     <span class='ocr_line' id='line_1_9' title="bbox 535 1489 3314 1589; baseline 0 -25"><span class='ocrx_word' id='word_1_67' title='bbox 535 1491 794 1567; x_wconf 85' lang='lat' dir='ltr'>stricto</span> <span class='ocrx_word' id='word_1_68' title='bbox 852 1489 1147 1589; x_wconf 90' lang='lat' dir='ltr'>laqueo.</span> <span class='ocrx_word' id='word_1_69' title='bbox 1222 1489 1762 1580; x_wconf 85' lang='lat' dir='ltr'>(Demosth.</span> <span class='ocrx_word' id='word_1_70' title='bbox 1821 1489 1900 1564; x_wconf 90' lang='lat' dir='ltr'>in</span> <span class='ocrx_word' id='word_1_71' title='bbox 1962 1489 2486 1566; x_wconf 86' lang='lat' dir='ltr'>Timocrat.</span> <span class='ocrx_word' id='word_1_72' title='bbox 2548 1492 2723 1570; x_wconf 86' lang='grc'><strong>744.</strong></span> <span class='ocrx_word' id='word_1_73' title='bbox 2804 1491 3314 1568; x_wconf 86' lang='lat' dir='ltr'>Stobaeus.</span> 
     </span>
     <span class='ocr_line' id='line_1_10' title="bbox 547 1613 1818 1710; baseline -0.002 -19"><span class='ocrx_word' id='word_1_74' title='bbox 547 1613 780 1693; x_wconf 87' lang='lat' dir='ltr'>Serm.</span> <span class='ocrx_word' id='word_1_75' title='bbox 820 1615 944 1691; x_wconf 85' lang='lat'>42.</span> <span class='ocrx_word' id='word_1_76' title='bbox 1001 1614 1397 1690; x_wconf 89' lang='lat' dir='ltr'>Diodor.</span> <span class='ocrx_word' id='word_1_77' title='bbox 1437 1614 1612 1710; x_wconf 87' lang='lat' dir='ltr'><strong>XII,</strong></span> <span class='ocrx_word' id='word_1_78' title='bbox 1656 1613 1818 1706; x_wconf 90' lang='grc'><strong>17.)</strong></span> 
     </span>
    </p>
   </div>
   <div class='ocr_carea' id='block_1_5' title="bbox 1717 1788 2140 1875">
    <p class='ocr_par' dir='ltr' id='par_1_5' title="bbox 1717 1788 2140 1875">
     <span class='ocr_line' id='line_1_11' title="bbox 1717 1788 2140 1875; baseline 0.005 -2"><span class='ocrx_word' id='word_1_79' title='bbox 1717 1788 1872 1873; x_wconf 73' lang='lat' dir='ltr'>Ad</span> <span class='ocrx_word' id='word_1_80' title='bbox 1922 1791 2140 1875; x_wconf 74' lang='lat'>15³.</span> 
     </span>
    </p>
   </div>
   <div class='ocr_carea' id='block_1_6' title="bbox 751 1939 3317 2040">
    <p class='ocr_par' dir='ltr' id='par_1_6' title="bbox 751 1939 3317 2040">
     <span class='ocr_line' id='line_1_12' title="bbox 751 1939 3317 2040; baseline -0.002 -20"><span class='ocrx_word' id='word_1_81' title='bbox 751 1941 1322 2020; x_wconf 80' lang='lat' dir='ltr'>Lacedaemone</span> <span class='ocrx_word' id='word_1_82' title='bbox 1362 1939 1452 2018; x_wconf 88' lang='lat' dir='ltr'>de</span> <span class='ocrx_word' id='word_1_83' title='bbox 1488 1939 1811 2040; x_wconf 79' lang='lat' dir='ltr'>antiquis</span> <span class='ocrx_word' id='word_1_84' title='bbox 1869 1940 2165 2037; x_wconf 86' lang='lat' dir='ltr'>legibus</span> <span class='ocrx_word' id='word_1_85' title='bbox 2221 1940 2501 2018; x_wconf 86' lang='lat' dir='ltr'>nullam</span> <span class='ocrx_word' id='word_1_86' title='bbox 2553 1942 2830 2019; x_wconf 80' lang='lat' dir='ltr'>licebat</span> <span class='ocrx_word' id='word_1_87' title='bbox 2874 1940 3317 2017; x_wconf 84' lang='lat' dir='ltr'>convellere.</span> 
     </span>
    </p>
   </div>
   <div class='ocr_carea' id='block_1_7' title="bbox 536 2065 3317 2298">
    <p class='ocr_par' dir='ltr' id='par_1_7' title="bbox 536 2065 3317 2298">
     <span class='ocr_line' id='line_1_13' title="bbox 539 2065 3317 2170; baseline -0.001 -26"><span class='ocrx_word' id='word_1_88' title='bbox 539 2069 1093 2165; x_wconf 81' lang='lat' dir='ltr'>(Plutarch.</span> <span class='ocrx_word' id='word_1_89' title='bbox 1189 2065 1908 2170; x_wconf 86' lang='lat' dir='ltr'>Apophthegm.</span> <span class='ocrx_word' id='word_1_90' title='bbox 2003 2068 2353 2145; x_wconf 85' lang='lat' dir='ltr'>Lacon.</span> <span class='ocrx_word' id='word_1_91' title='bbox 2455 2067 2772 2146; x_wconf 89' lang='lat' dir='ltr'>Pausan.</span> <span class='ocrx_word' id='word_1_92' title='bbox 2855 2068 3162 2146; x_wconf 86' lang='lat' dir='ltr'>Pliston.</span> <span class='ocrx_word' id='word_1_93' title='bbox 3248 2069 3317 2142; x_wconf 94' lang='lat'>1.</span> 
     </span>
     <span class='ocr_line' id='line_1_14' title="bbox 536 2193 890 2298; baseline -0.006 -26"><span class='ocrx_word' id='word_1_94' title='bbox 536 2223 611 2298; x_wconf 89' lang='lat' dir='ltr'>p.</span> <span class='ocrx_word' id='word_1_95' title='bbox 672 2193 890 2288; x_wconf 85' lang='lat'>230.)</span> 
     </span>
    </p>
   </div>
   <div class='ocr_carea' id='block_1_8' title="bbox 483 2435 3330 4817">
    <p class='ocr_par' dir='ltr' id='par_1_8' title="bbox 536 2435 3321 2796">
     <span class='ocr_line' id='line_1_15' title="bbox 752 2435 3320 2549; baseline 0.002 -29"><span class='ocrx_word' id='word_1_96' title='bbox 752 2445 982 2526; x_wconf 85' lang='lat' dir='ltr'>Teste</span> <span class='ocrx_word' id='word_1_97' title='bbox 1020 2445 1324 2525; x_wconf 87' lang='lat' dir='ltr'>Polluce</span> <span class='ocrx_word' id='word_1_98' title='bbox 1365 2446 1620 2545; x_wconf 91' lang='lat' dir='ltr'><strong>(VIII,</strong></span> <span class='ocrx_word' id='word_1_99' title='bbox 1663 2448 1806 2541; x_wconf 84' lang='lat'>56)</span> <span class='ocrx_word' id='word_1_100' title='bbox 1847 2435 2257 2543; x_wconf 79' lang='grc' dir='ltr'><em>ὖπωμοσία</em></span> <span class='ocrx_word' id='word_1_101' title='bbox 2299 2473 2431 2525; x_wconf 88' lang='lat' dir='ltr'>seu</span> <span class='ocrx_word' id='word_1_102' title='bbox 2470 2446 2898 2549; x_wconf 84' lang='lat' dir='ltr'>suggillatio</span> <span class='ocrx_word' id='word_1_103' title='bbox 2940 2456 3089 2543; x_wconf 90' lang='lat' dir='ltr'>est,</span> <span class='ocrx_word' id='word_1_104' title='bbox 3148 2473 3320 2524; x_wconf 90' lang='lat' dir='ltr'>cum</span> 
     </span>
     <span class='ocr_line' id='line_1_16' title="bbox 538 2569 3321 2676; baseline 0.001 -27"><span class='ocrx_word' id='word_1_105' title='bbox 538 2573 701 2675; x_wconf 89' lang='lat' dir='ltr'>quis</span> <span class='ocrx_word' id='word_1_106' title='bbox 740 2573 1121 2652; x_wconf 90' lang='lat' dir='ltr'>decretum</span> <span class='ocrx_word' id='word_1_107' title='bbox 1153 2585 1283 2650; x_wconf 89' lang='lat' dir='ltr'>aut</span> <span class='ocrx_word' id='word_1_108' title='bbox 1317 2575 1564 2673; x_wconf 90' lang='lat' dir='ltr'>legem</span> <span class='ocrx_word' id='word_1_109' title='bbox 1593 2573 2058 2652; x_wconf 81' lang='lat' dir='ltr'>sancientem</span> <span class='ocrx_word' id='word_1_110' title='bbox 2084 2584 2385 2651; x_wconf 87' lang='lat' dir='ltr'>accusat</span> <span class='ocrx_word' id='word_1_111' title='bbox 2404 2569 2897 2676; x_wconf 75' lang='grc' dir='ltr'>(γράψηται),</span> <span class='ocrx_word' id='word_1_112' title='bbox 2939 2583 3321 2672; x_wconf 79' lang='lat' dir='ltr'>tamquam</span> 
     </span>
     <span class='ocr_line' id='line_1_17' title="bbox 536 2690 1540 2796; baseline -0.001 -18"><span class='ocrx_word' id='word_1_113' title='bbox 536 2700 877 2781; x_wconf 87' lang='lat' dir='ltr'>inutilem</span> <span class='ocrx_word' id='word_1_114' title='bbox 915 2690 1540 2796; x_wconf 78' lang='grc' dir='ltr'><strong>(ἀνεπιτῆδειον).</strong></span> 
     </span>
    </p>

    <p class='ocr_par' dir='ltr' id='par_1_9' title="bbox 1720 2800 2143 2886">
     <span class='ocr_line' id='line_1_18' title="bbox 1720 2800 2143 2886; baseline 0.002 -1"><span class='ocrx_word' id='word_1_115' title='bbox 1720 2800 1872 2885; x_wconf 73' lang='lat' dir='ltr'>Ad</span> <span class='ocrx_word' id='word_1_116' title='bbox 1925 2803 2143 2886; x_wconf 76' lang='lat'>150.</span> 
     </span>
    </p>

    <p class='ocr_par' dir='ltr' id='par_1_10' title="bbox 483 2949 3319 3181">
     <span class='ocr_line' id='line_1_19' title="bbox 753 2949 3319 3053; baseline -0 -24"><span class='ocrx_word' id='word_1_117' title='bbox 753 2951 1039 3029; x_wconf 87' lang='lat' dir='ltr'>Eadem</span> <span class='ocrx_word' id='word_1_118' title='bbox 1074 2952 1200 3029; x_wconf 87' lang='lat' dir='ltr'>lex</span> <span class='ocrx_word' id='word_1_119' title='bbox 1237 2952 1514 3052; x_wconf 87' lang='lat' dir='ltr'>legitur</span> <span class='ocrx_word' id='word_1_120' title='bbox 1546 2949 1747 3052; x_wconf 89' lang='lat' dir='ltr'>apud</span> <span class='ocrx_word' id='word_1_121' title='bbox 1767 2952 2357 3030; x_wconf 86' lang='lat' dir='ltr'>Demosthenem</span> <span class='ocrx_word' id='word_1_122' title='bbox 2392 2951 2561 3029; x_wconf 90' lang='lat' dir='ltr'>adv.</span> <span class='ocrx_word' id='word_1_123' title='bbox 2592 2950 3021 3031; x_wconf 88' lang='lat' dir='ltr'>Aristocrat.</span> <span class='ocrx_word' id='word_1_124' title='bbox 3041 2979 3114 3053; x_wconf 89' lang='lat' dir='ltr'>p.</span> <span class='ocrx_word' id='word_1_125' title='bbox 3139 2953 3319 3051; x_wconf 80' lang='lat'>6493</span> 
     </span>
     <span class='ocr_line' id='line_1_20' title="bbox 483 3073 3319 3181; baseline -0 -26"><span class='ocrx_word' id='word_1_126' title='bbox 483 3114 486 3119; x_wconf 96' lang='lat'>·</span> <span class='ocrx_word' id='word_1_127' title='bbox 537 3078 616 3155; x_wconf 91' lang='lat' dir='ltr'>in</span> <span class='ocrx_word' id='word_1_128' title='bbox 655 3076 1122 3181; x_wconf 87' lang='lat' dir='ltr'>Stephanum</span> <span class='ocrx_word' id='word_1_129' title='bbox 1158 3078 1255 3156; x_wconf 95' lang='lat' dir='ltr'>II.</span> <span class='ocrx_word' id='word_1_130' title='bbox 1294 3104 1367 3178; x_wconf 91' lang='lat' dir='ltr'>p.</span> <span class='ocrx_word' id='word_1_131' title='bbox 1412 3075 1660 3171; x_wconf 81' lang='lat'><strong>11333</strong></span> <span class='ocrx_word' id='word_1_132' title='bbox 1701 3087 1778 3153; x_wconf 91' lang='lat' dir='ltr'>et</span> <span class='ocrx_word' id='word_1_133' title='bbox 1815 3077 2015 3179; x_wconf 88' lang='lat' dir='ltr'>apud</span> <span class='ocrx_word' id='word_1_134' title='bbox 2060 3075 2526 3157; x_wconf 86' lang='lat' dir='ltr'>Andocidem</span> <span class='ocrx_word' id='word_1_135' title='bbox 2562 3077 2655 3155; x_wconf 91' lang='lat' dir='ltr'>de</span> <span class='ocrx_word' id='word_1_136' title='bbox 2692 3078 3063 3181; x_wconf 81' lang='lat' dir='ltr'>mysteriis</span> <span class='ocrx_word' id='word_1_137' title='bbox 3102 3073 3169 3179; x_wconf 65' lang='grc' dir='ltr'><strong>ξ.</strong></span> <span class='ocrx_word' id='word_1_138' title='bbox 3192 3079 3319 3154; x_wconf 86' lang='grc'><strong>87.</strong></span> 
     </span>
    </p>

    <p class='ocr_par' dir='ltr' id='par_1_11' title="bbox 536 3200 3322 3810">
     <span class='ocr_line' id='line_1_21' title="bbox 753 3200 3320 3305; baseline -0.001 -24"><span class='ocrx_word' id='word_1_139' title='bbox 753 3200 1050 3281; x_wconf 86' lang='lat' dir='ltr'>Aeneas</span> <span class='ocrx_word' id='word_1_140' title='bbox 1091 3201 1433 3281; x_wconf 78' lang='lat' dir='ltr'>Gazaeus</span> <span class='ocrx_word' id='word_1_141' title='bbox 1489 3203 1567 3277; x_wconf 89' lang='lat' dir='ltr'>in</span> <span class='ocrx_word' id='word_1_142' title='bbox 1606 3202 2133 3305; x_wconf 82' lang='lat' dir='ltr'>Theophrasto</span> <span class='ocrx_word' id='word_1_143' title='bbox 2191 3230 2363 3305; x_wconf 86' lang='lat' dir='ltr'>pag.</span> <span class='ocrx_word' id='word_1_144' title='bbox 2408 3203 2563 3278; x_wconf 85' lang='lat'>639</span> <span class='ocrx_word' id='word_1_145' title='bbox 2588 3262 2606 3299; x_wconf 90' lang='lat'>‚</span> <span class='ocrx_word' id='word_1_146' title='bbox 2664 3204 2743 3279; x_wconf 92' lang='lat' dir='ltr'>in</span> <span class='ocrx_word' id='word_1_147' title='bbox 2782 3202 3162 3281; x_wconf 83' lang='lat' dir='ltr'>Grallandii</span> <span class='ocrx_word' id='word_1_148' title='bbox 3200 3204 3320 3279; x_wconf 91' lang='lat' dir='ltr'>Bi-</span> 
     </span>
     <span class='ocr_line' id='line_1_22' title="bbox 542 3319 3321 3430; baseline -0.001 -24"><span class='ocrx_word' id='word_1_149' title='bbox 542 3329 920 3407; x_wconf 88' lang='lat' dir='ltr'>bliotheca</span> <span class='ocrx_word' id='word_1_150' title='bbox 956 3341 1296 3407; x_wconf 88' lang='lat' dir='ltr'>veterum</span> <span class='ocrx_word' id='word_1_151' title='bbox 1331 3339 1650 3430; x_wconf 90' lang='lat' dir='ltr'>patrum.</span> <span class='ocrx_word' id='word_1_152' title='bbox 1710 3330 1929 3406; x_wconf 90' lang='lat' dir='ltr'>Tom.</span> <span class='ocrx_word' id='word_1_153' title='bbox 1968 3330 2081 3406; x_wconf 89' lang='lat' dir='ltr'>X:</span> <span class='ocrx_word' id='word_1_154' title='bbox 2142 3319 2185 3403; x_wconf 79' lang='grc' dir='ltr'>ὅ</span> <span class='ocrx_word' id='word_1_155' title='bbox 2226 3326 2371 3403; x_wconf 81' lang='grc' dir='ltr'>τοῦ</span> <span class='ocrx_word' id='word_1_156' title='bbox 2409 3324 2773 3414; x_wconf 81' lang='grc' dir='ltr'><strong><em>Σόλωνος</em></strong></span> <span class='ocrx_word' id='word_1_157' title='bbox 2831 3322 2987 3403; x_wconf 77' lang='grc' dir='ltr'>οὐκ</span> <span class='ocrx_word' id='word_1_158' title='bbox 3042 3328 3131 3427; x_wconf 83' lang='grc' dir='ltr'>ἐᾷ</span> <span class='ocrx_word' id='word_1_159' title='bbox 3181 3323 3321 3405; x_wconf 79' lang='grc' dir='ltr'>νό-</span> 
     </span>
     <span class='ocr_line' id='line_1_23' title="bbox 536 3446 3321 3553; baseline -0 -25"><span class='ocrx_word' id='word_1_160' title='bbox 536 3480 700 3552; x_wconf 80' lang='grc' dir='ltr'>μον</span> <span class='ocrx_word' id='word_1_161' title='bbox 735 3458 850 3530; x_wconf 78' lang='grc' dir='ltr'>ἐπ’</span> <span class='ocrx_word' id='word_1_162' title='bbox 889 3446 1115 3553; x_wconf 80' lang='grc' dir='ltr'><em>ἀνδρὶ</em></span> <span class='ocrx_word' id='word_1_163' title='bbox 1163 3456 1513 3543; x_wconf 75' lang='grc' dir='ltr'><strong><em>τιθέναι,</em></strong></span> <span class='ocrx_word' id='word_1_164' title='bbox 1574 3447 1741 3527; x_wconf 82' lang='grc' dir='ltr'><strong><em>ἀλλ’</em></strong></span> <span class='ocrx_word' id='word_1_165' title='bbox 1800 3447 1847 3543; x_wconf 76' lang='grc' dir='ltr'>ἢ</span> <span class='ocrx_word' id='word_1_166' title='bbox 1902 3448 2047 3528; x_wconf 82' lang='grc' dir='ltr'>τὸν</span> <span class='ocrx_word' id='word_1_167' title='bbox 2103 3448 2356 3529; x_wconf 79' lang='grc' dir='ltr'><em>αὐτὸν</em></span> <span class='ocrx_word' id='word_1_168' title='bbox 2408 3456 2528 3529; x_wconf 74' lang='grc' dir='ltr'>ἐπὶ</span> <span class='ocrx_word' id='word_1_169' title='bbox 2586 3452 2821 3530; x_wconf 79' lang='grc' dir='ltr'><strong><em>πᾶσιν</em></strong></span> <span class='ocrx_word' id='word_1_170' title='bbox 2878 3450 3321 3551; x_wconf 73' lang='grc' dir='ltr'><strong><em>ἀνθρώποις</em></strong></span> 
     </span>
     <span class='ocr_line' id='line_1_24' title="bbox 542 3579 3322 3683; baseline 0.001 -29"><span class='ocrx_word' id='word_1_171' title='bbox 542 3584 934 3659; x_wconf 75' lang='grc' dir='ltr'><strong>τίθεσθαι.</strong></span> <span class='ocrx_word' id='word_1_172' title='bbox 1010 3579 1351 3675; x_wconf 86' lang='lat' dir='ltr'>(Solonis</span> <span class='ocrx_word' id='word_1_173' title='bbox 1403 3580 1526 3658; x_wconf 87' lang='lat' dir='ltr'>lex</span> <span class='ocrx_word' id='word_1_174' title='bbox 1581 3607 1734 3657; x_wconf 88' lang='lat' dir='ltr'>non</span> <span class='ocrx_word' id='word_1_175' title='bbox 1789 3579 2155 3683; x_wconf 85' lang='lat' dir='ltr'>permittit</span> <span class='ocrx_word' id='word_1_176' title='bbox 2208 3582 2457 3680; x_wconf 91' lang='lat' dir='ltr'>legem</span> <span class='ocrx_word' id='word_1_177' title='bbox 2500 3582 2631 3657; x_wconf 91' lang='lat' dir='ltr'>uni</span> <span class='ocrx_word' id='word_1_178' title='bbox 2668 3582 2832 3658; x_wconf 86' lang='lat' dir='ltr'>viro</span> <span class='ocrx_word' id='word_1_179' title='bbox 2871 3582 3322 3683; x_wconf 87' lang='lat' dir='ltr'>peculiarem</span> 
     </span>
     <span class='ocr_line' id='line_1_25' title="bbox 546 3706 2987 3810; baseline -0.001 -24"><span class='ocrx_word' id='word_1_180' title='bbox 546 3710 784 3803; x_wconf 90' lang='lat' dir='ltr'>ferre,</span> <span class='ocrx_word' id='word_1_181' title='bbox 844 3707 977 3785; x_wconf 87' lang='lat' dir='ltr'>sed</span> <span class='ocrx_word' id='word_1_182' title='bbox 1021 3734 1251 3785; x_wconf 89' lang='lat' dir='ltr'>unam</span> <span class='ocrx_word' id='word_1_183' title='bbox 1287 3707 1748 3810; x_wconf 88' lang='lat' dir='ltr'>eandemque</span> <span class='ocrx_word' id='word_1_184' title='bbox 1789 3706 2136 3785; x_wconf 90' lang='lat' dir='ltr'>omnibus</span> <span class='ocrx_word' id='word_1_185' title='bbox 2174 3706 2597 3785; x_wconf 89' lang='lat' dir='ltr'>hominibus</span> <span class='ocrx_word' id='word_1_186' title='bbox 2636 3708 2987 3808; x_wconf 84' lang='lat' dir='ltr'>imponi.)</span> 
     </span>
    </p>

    <p class='ocr_par' dir='ltr' id='par_1_12' title="bbox 549 3831 3329 4442">
     <span class='ocr_line' id='line_1_26' title="bbox 762 3831 3324 3936; baseline -0 -23"><span class='ocrx_word' id='word_1_187' title='bbox 762 3833 976 3913; x_wconf 90' lang='lat' dir='ltr'>Idem</span> <span class='ocrx_word' id='word_1_188' title='bbox 1015 3834 1406 3912; x_wconf 86' lang='lat' dir='ltr'>obtinebat</span> <span class='ocrx_word' id='word_1_189' title='bbox 1441 3834 1640 3935; x_wconf 89' lang='lat' dir='ltr'>apud</span> <span class='ocrx_word' id='word_1_190' title='bbox 1675 3834 2096 3930; x_wconf 87' lang='lat' dir='ltr'>Romanos,</span> <span class='ocrx_word' id='word_1_191' title='bbox 2160 3844 2241 3909; x_wconf 89' lang='lat' dir='ltr'>ut</span> <span class='ocrx_word' id='word_1_192' title='bbox 2281 3832 2458 3910; x_wconf 88' lang='lat' dir='ltr'>dicit</span> <span class='ocrx_word' id='word_1_193' title='bbox 2495 3831 2760 3910; x_wconf 84' lang='lat' dir='ltr'>Cicero</span> <span class='ocrx_word' id='word_1_194' title='bbox 2800 3838 3010 3936; x_wconf 87' lang='lat' dir='ltr'>(pro</span> <span class='ocrx_word' id='word_1_195' title='bbox 3050 3833 3324 3912; x_wconf 90' lang='lat' dir='ltr'>domo</span> 
     </span>
     <span class='ocr_line' id='line_1_27' title="bbox 555 3959 3325 4061; baseline 0.001 -24"><span class='ocrx_word' id='word_1_196' title='bbox 555 3962 735 4057; x_wconf 82' lang='lat'><strong>17):</strong></span> <span class='ocrx_word' id='word_1_197' title='bbox 807 3970 1070 4041; x_wconf 88' lang='lat' dir='ltr'>vetant</span> <span class='ocrx_word' id='word_1_198' title='bbox 1123 3959 1273 4039; x_wconf 84' lang='lat' dir='ltr'>XII</span> <span class='ocrx_word' id='word_1_199' title='bbox 1329 3960 1631 4039; x_wconf 88' lang='lat' dir='ltr'>tabulae</span> <span class='ocrx_word' id='word_1_200' title='bbox 1688 3959 1897 4058; x_wconf 87' lang='lat' dir='ltr'>leges</span> <span class='ocrx_word' id='word_1_201' title='bbox 1954 3960 2187 4061; x_wconf 87' lang='lat' dir='ltr'>privis</span> <span class='ocrx_word' id='word_1_202' title='bbox 2242 3960 2665 4037; x_wconf 88' lang='lat' dir='ltr'>hominibus</span> <span class='ocrx_word' id='word_1_203' title='bbox 2722 3960 3055 4059; x_wconf 89' lang='lat' dir='ltr'>irrogari.</span> <span class='ocrx_word' id='word_1_204' title='bbox 3129 3964 3325 4041; x_wconf 90' lang='lat' dir='ltr'>Item</span> 
     </span>
     <span class='ocr_line' id='line_1_28' title="bbox 553 4082 3324 4187; baseline -0 -23"><span class='ocrx_word' id='word_1_205' title='bbox 553 4088 646 4183; x_wconf 87' lang='lat' dir='ltr'>(d</span> <span class='ocrx_word' id='word_1_206' title='bbox 672 4113 711 4164; x_wconf 92' lang='lat' dir='ltr'>e</span> <span class='ocrx_word' id='word_1_207' title='bbox 750 4089 931 4187; x_wconf 90' lang='lat' dir='ltr'>leg.</span> <span class='ocrx_word' id='word_1_208' title='bbox 970 4088 1068 4183; x_wconf 88' lang='lat' dir='ltr'>H,</span> <span class='ocrx_word' id='word_1_209' title='bbox 1112 4088 1184 4181; x_wconf 88' lang='grc'>4,</span> <span class='ocrx_word' id='word_1_210' title='bbox 1231 4086 1410 4179; x_wconf 79' lang='grc'><strong>11);</strong></span> <span class='ocrx_word' id='word_1_211' title='bbox 1467 4082 1861 4187; x_wconf 88' lang='lat' dir='ltr'>privilegia</span> <span class='ocrx_word' id='word_1_212' title='bbox 1898 4112 1992 4161; x_wconf 93' lang='lat' dir='ltr'>ne</span> <span class='ocrx_word' id='word_1_213' title='bbox 2030 4086 2456 4184; x_wconf 91' lang='lat' dir='ltr'>inroganto.</span> <span class='ocrx_word' id='word_1_214' title='bbox 2493 4128 2594 4138; x_wconf 91' lang='lat'>—-</span> <span class='ocrx_word' id='word_1_215' title='bbox 2635 4084 2988 4164; x_wconf 83' lang='lat' dir='ltr'>Similiter</span> <span class='ocrx_word' id='word_1_216' title='bbox 3038 4086 3324 4181; x_wconf 89' lang='lat' dir='ltr'>(ibid.</span> 
     </span>
     <span class='ocr_line' id='line_1_29' title="bbox 549 4210 3329 4314; baseline -0 -24"><span class='ocrx_word' id='word_1_217' title='bbox 549 4213 686 4308; x_wconf 88' lang='lat'><strong>111,</strong></span> <span class='ocrx_word' id='word_1_218' title='bbox 734 4212 852 4310; x_wconf 88' lang='lat'>19,</span> <span class='ocrx_word' id='word_1_219' title='bbox 895 4215 1079 4306; x_wconf 84' lang='lat'>44):</span> <span class='ocrx_word' id='word_1_220' title='bbox 1135 4213 1212 4289; x_wconf 92' lang='lat' dir='ltr'>in</span> <span class='ocrx_word' id='word_1_221' title='bbox 1250 4210 1502 4314; x_wconf 86' lang='lat' dir='ltr'>privos</span> <span class='ocrx_word' id='word_1_222' title='bbox 1540 4210 1877 4289; x_wconf 88' lang='lat' dir='ltr'>homines</span> <span class='ocrx_word' id='word_1_223' title='bbox 1916 4211 2123 4311; x_wconf 89' lang='lat' dir='ltr'>leges</span> <span class='ocrx_word' id='word_1_224' title='bbox 2164 4212 2341 4289; x_wconf 84' lang='lat' dir='ltr'>ferri</span> <span class='ocrx_word' id='word_1_225' title='bbox 2380 4213 2821 4291; x_wconf 87' lang='lat' dir='ltr'>noluerunt:</span> <span class='ocrx_word' id='word_1_226' title='bbox 2858 4212 2937 4289; x_wconf 91' lang='lat' dir='ltr'>id</span> <span class='ocrx_word' id='word_1_227' title='bbox 2978 4212 3175 4289; x_wconf 90' lang='lat' dir='ltr'>enim</span> <span class='ocrx_word' id='word_1_228' title='bbox 3210 4226 3329 4290; x_wconf 91' lang='lat' dir='ltr'>est</span> 
     </span>
     <span class='ocr_line' id='line_1_30' title="bbox 550 4339 1051 4442; baseline -0.002 -26"><span class='ocrx_word' id='word_1_229' title='bbox 550 4339 1051 4442; x_wconf 87' lang='lat' dir='ltr'>privilegium.</span> 
     </span>
    </p>

    <p class='ocr_par' dir='ltr' id='par_1_13' title="bbox 554 4462 3330 4817">
     <span class='ocr_line' id='line_1_31' title="bbox 767 4462 3325 4565; baseline 0.001 -25"><span class='ocrx_word' id='word_1_230' title='bbox 767 4465 1012 4565; x_wconf 87' lang='lat' dir='ltr'>Leges</span> <span class='ocrx_word' id='word_1_231' title='bbox 1072 4465 1302 4562; x_wconf 89' lang='lat' dir='ltr'>duae,</span> <span class='ocrx_word' id='word_1_232' title='bbox 1360 4464 1652 4542; x_wconf 90' lang='lat' dir='ltr'>Licinia</span> <span class='ocrx_word' id='word_1_233' title='bbox 1708 4476 1781 4540; x_wconf 90' lang='lat' dir='ltr'>et</span> <span class='ocrx_word' id='word_1_234' title='bbox 1838 4462 2201 4557; x_wconf 89' lang='lat' dir='ltr'>Aebutia,</span> <span class='ocrx_word' id='word_1_235' title='bbox 2259 4464 2416 4541; x_wconf 90' lang='lat' dir='ltr'>fieri</span> <span class='ocrx_word' id='word_1_236' title='bbox 2474 4475 2911 4562; x_wconf 87' lang='lat' dir='ltr'>vetuerunt,</span> <span class='ocrx_word' id='word_1_237' title='bbox 2972 4476 3053 4541; x_wconf 91' lang='lat' dir='ltr'>ut</span> <span class='ocrx_word' id='word_1_238' title='bbox 3090 4468 3325 4565; x_wconf 86' lang='lat' dir='ltr'>magi-</span> 
     </span>
     <span class='ocr_line' id='line_1_32' title="bbox 559 4588 3330 4694; baseline 0.001 -27"><span class='ocrx_word' id='word_1_239' title='bbox 559 4601 834 4668; x_wconf 89' lang='lat' dir='ltr'>stratus</span> <span class='ocrx_word' id='word_1_240' title='bbox 871 4591 1113 4689; x_wconf 90' lang='lat' dir='ltr'>legem</span> <span class='ocrx_word' id='word_1_241' title='bbox 1149 4588 1478 4687; x_wconf 84' lang='lat' dir='ltr'>laturus,</span> <span class='ocrx_word' id='word_1_242' title='bbox 1519 4600 2004 4693; x_wconf 88' lang='lat' dir='ltr'>potestatem,</span> <span class='ocrx_word' id='word_1_243' title='bbox 2046 4588 2616 4667; x_wconf 89' lang='lat' dir='ltr'>commodumve</span> <span class='ocrx_word' id='word_1_244' title='bbox 2656 4590 2957 4693; x_wconf 91' lang='lat' dir='ltr'>aliquod</span> <span class='ocrx_word' id='word_1_245' title='bbox 2994 4594 3149 4694; x_wconf 89' lang='lat' dir='ltr'>ipse</span> <span class='ocrx_word' id='word_1_246' title='bbox 3186 4593 3330 4669; x_wconf 91' lang='lat' dir='ltr'>sibi</span> 
     </span>
     <span class='ocr_line' id='line_1_33' title="bbox 554 4714 2806 4817; baseline -0.001 -23"><span class='ocrx_word' id='word_1_247' title='bbox 554 4744 686 4794; x_wconf 85' lang='lat' dir='ltr'>sua</span> <span class='ocrx_word' id='word_1_248' title='bbox 723 4719 934 4815; x_wconf 86' lang='lat' dir='ltr'>lege,</span> <span class='ocrx_word' id='word_1_249' title='bbox 993 4726 1124 4793; x_wconf 82' lang='lat' dir='ltr'>aut</span> <span class='ocrx_word' id='word_1_250' title='bbox 1162 4714 1511 4815; x_wconf 86' lang='lat' dir='ltr'>collegis,</span> <span class='ocrx_word' id='word_1_251' title='bbox 1571 4716 1952 4817; x_wconf 86' lang='lat' dir='ltr'>cognatis,</span> <span class='ocrx_word' id='word_1_252' title='bbox 2010 4715 2359 4793; x_wconf 87' lang='lat' dir='ltr'>affinibus</span> <span class='ocrx_word' id='word_1_253' title='bbox 2398 4716 2806 4793; x_wconf 88' lang='lat' dir='ltr'>mandaret.</span> 
     </span>
    </p>
   </div>
   <div class='ocr_carea' id='block_1_9' title="bbox 1734 4888 2156 4974">
    <p class='ocr_par' dir='ltr' id='par_1_14' title="bbox 1734 4888 2156 4974">
     <span class='ocr_line' id='line_1_34' title="bbox 1734 4888 2156 4974; baseline 0 0"><span class='ocrx_word' id='word_1_254' title='bbox 1734 4888 1888 4973; x_wconf 75' lang='lat' dir='ltr'>Ad</span> <span class='ocrx_word' id='word_1_255' title='bbox 1938 4892 2156 4974; x_wconf 80' lang='lat'>15⁷.</span> 
     </span>
    </p>
   </div>
   <div class='ocr_carea' id='block_1_10' title="bbox 771 5038 3175 5273">
    <p class='ocr_par' dir='ltr' id='par_1_15' title="bbox 771 5038 3175 5273">
     <span class='ocr_line' id='line_1_35' title="bbox 771 5038 2771 5141; baseline -0.003 -21"><span class='ocrx_word' id='word_1_256' title='bbox 771 5045 952 5120; x_wconf 84' lang='lat' dir='ltr'>Post</span> <span class='ocrx_word' id='word_1_257' title='bbox 985 5039 1239 5141; x_wconf 87' lang='lat' dir='ltr'>pulsos</span> <span class='ocrx_word' id='word_1_258' title='bbox 1277 5041 1580 5139; x_wconf 87' lang='lat' dir='ltr'>triginta</span> <span class='ocrx_word' id='word_1_259' title='bbox 1619 5052 2019 5141; x_wconf 80' lang='lat' dir='ltr'>tyrannos,</span> <span class='ocrx_word' id='word_1_260' title='bbox 2077 5065 2273 5115; x_wconf 84' lang='lat' dir='ltr'>anno</span> <span class='ocrx_word' id='word_1_261' title='bbox 2316 5039 2492 5116; x_wconf 89' lang='grc'><strong>401.</strong></span> <span class='ocrx_word' id='word_1_262' title='bbox 2531 5066 2597 5117; x_wconf 90' lang='lat' dir='ltr'>a.</span> <span class='ocrx_word' id='word_1_263' title='bbox 2636 5038 2771 5116; x_wconf 82' lang='lat' dir='ltr'>Oh.</span> 
     </span>
     <span class='ocr_line' id='line_1_36' title="bbox 772 5164 3175 5273; baseline -0 -27"><span class='ocrx_word' id='word_1_264' title='bbox 772 5166 886 5246; x_wconf 80' lang='lat' dir='ltr'>Of.</span> <span class='ocrx_word' id='word_1_265' title='bbox 923 5167 1449 5273; x_wconf 86' lang='lat' dir='ltr'>Xenophontis</span> <span class='ocrx_word' id='word_1_266' title='bbox 1485 5167 1871 5245; x_wconf 88' lang='lat' dir='ltr'>historiam</span> <span class='ocrx_word' id='word_1_267' title='bbox 1914 5164 2297 5245; x_wconf 79' lang='lat' dir='ltr'>Graecam.</span> <span class='ocrx_word' id='word_1_268' title='bbox 2357 5166 2522 5245; x_wconf 90' lang='lat' dir='ltr'>Lib.</span> <span class='ocrx_word' id='word_1_269' title='bbox 2563 5167 2657 5245; x_wconf 93' lang='grc' dir='ltr'>ΙΙ.</span> <span class='ocrx_word' id='word_1_270' title='bbox 2698 5192 2856 5268; x_wconf 89' lang='lat' dir='ltr'>cap.</span> <span class='ocrx_word' id='word_1_271' title='bbox 2904 5168 2952 5243; x_wconf 89' lang='lat'><strong>3</strong></span> <span class='ocrx_word' id='word_1_272' title='bbox 2992 5181 3068 5245; x_wconf 91' lang='lat' dir='ltr'>et</span> <span class='ocrx_word' id='word_1_273' title='bbox 3108 5170 3175 5247; x_wconf 87' lang='grc'><strong>4.</strong></span> 
     </span>
    </p>
   </div>
  </div>
 </body>
</html>
