3725 5850
699 450 859 525 480
1462 472 2076 525 conunwmnms
2121 472 2222 523 An
2260 466 2386 527 488.
2427 468 2532 525 485
2593 470 2720 529 487.

699 690 878 743 vero
938 662 1204 740 dicitur
1260 663 1585 741 fanatico
1644 663 1894 741 furore
1953 674 2336 767 correptus
2394 676 2470 740 et
2535 665 3026 743 turbulentus.
3105 667 3468 761 Quoniam

699 790 899 866 enim
936 788 1171 865 hiems
1209 788 1337 865 illo
1377 814 1633 865 mense
1670 788 1968 889 incipit,
2028 801 2152 864 aer
2188 788 2536 867 turbatur
2574 801 3034 878 etmutatur.

908 916 1075 993 Hoc
1112 942 1365 993 mense
1403 915 1695 993 videtur
1734 917 1960 993 etiam
1995 916 2452 994 celebratum
2487 916 2715 995 fuisse
2756 917 3027 996 festum
3063 917 3318 994 arvale
3339 918 3466 993 Jo-

696 1042 807 1116 vis
845 1066 979 1144 per
1016 1041 1381 1143 Buzyges.
1458 1039 1573 1118 Cf.
1614 1042 1675 1116 B
1699 1069 1742 1118 o
1768 1068 1807 1119 e
1828 1054 1858 1117 t
1879 1053 1911 1118 t
1937 1042 1960 1117 i
1984 1069 2024 1118 c
2044 1042 2090 1117 h
2115 1068 2153 1116 e
2174 1070 2248 1117 r:
2293 1039 2782 1120 Athenischcr
2817 1041 3360 1121 Festkalender
3395 1044 3468 1115 in

698 1166 1024 1262 Bildern,
1066 1163 1469 1265 Gottingae
1498 1166 1725 1265 1865;
1766 1178 1841 1243 et
1879 1165 2122 1244 Schol.
2161 1168 2240 1243 in
2279 1166 2663 1247 Demosth.
2699 1167 3316 1271 Olynth.111,29,
3347 1167 3468 1241 23.

1870 1358 2021 1442 Ad
2068 1358 2299 1444 488.

908 1522 1401 1627 Harpocratio
1460 1550 1515 1601 s.
1558 1551 1627 1600 v.
1672 1514 1985 1597 ‘Aac-302:
2042 1522 2534 1600 Philochorus
2593 1525 2980 1602 solennem
3029 1524 3230 1601 hunc
3269 1524 3468 1599 diem

692 1647 863 1725 inde
903 1659 1251 1726 vocatum
1288 1659 1550 1725 auctor
1594 1658 1745 1743 est,
1811 1645 2011 1748 quod
2069 1662 2240 1726 tunc
2296 1647 2631 1725 homines
2687 1650 2766 1725 in
2823 1652 3014 1727 areis
3067 1652 3276 1747 (περὶ
3334 1642 3468 1733 τοὶς

695 1764 932 1866 ἅλως)
971 1774 1252 1851 versari
1290 1772 1597 1849 soleant.

906 1897 1019 1975 Cf.
1060 1896 1334 1977 Lexica
1370 1896 1677 1999 Seguer.
1719 1923 1791 1998 p.
1836 1860 2012 1975 384.

1870 2055 2025 2140 Ad
2057 2058 2296 2141 485.

908 2220 1438 2324 Harpocratio:
1502 2221 1859 2296 Θεοίνιον
1879 2250 1904 2293 .·
1961 2222 2460 2299 Bacchanalia
2515 2246 2706 2323 quae
2761 2222 2837 2297 in
2893 2220 3204 2321 singulis
3241 2218 3466 2322 pagis

692 2347 1263 2425 celebrabantur
1282 2405 1301 2442 ,
1365 2346 1671 2421 θεοίνια
1710 2340 2196 2441 dicebantur,
2233 2348 2312 2425 in
2360 2348 2628 2447 quibus
2663 2346 2979 2447 gentiles
3017 2347 3134 2440 (id
3171 2362 3286 2423 est
3309 2402 3327 2439 ,
3368 2346 3468 2422 ci-

694 2497 825 2547 ves
862 2471 957 2547 ad
995 2497 1223 2549 unam
1258 2472 1723 2573 eandemque
1762 2484 2064 2572 gentem
2100 2474 2608 2576 pertinentes)
2657 2474 3200 2551 sacrificabant.
3279 2472 3466 2549 Bac·

693 2596 915 2673 chum
952 2598 1231 2699 quippe
1276 2596 1633 2670 θεοίνιον
1670 2599 2062 2675 vocabant.

905 2721 1282 2798 Plutarch.
1324 2722 1415 2801 de
1456 2723 1859 2825 cupiditate
1898 2724 2212 2802 divitiar.
2251 2722 2336 2799 8:
2375 2720 2711 2825 Accepta
2747 2748 2792 2797 a
2827 2722 3229 2817 majoribus
3267 2724 3458 2798 Bac-

690 2844 1115 2924 chanalium
1173 2847 1538 2925 festivitas
1595 2847 2003 2948 antiquitus
2059 2847 2355 2950 plebeio
2411 2873 2614 2924 more
2665 2859 2740 2922 et
2787 2846 3006 2924 hilari
3061 2845 3465 2949 agebatur:

692 2974 1053 3076 amphora
1087 2972 1240 3048 vini
1282 2985 1357 3048 et
1392 2974 1713 3074 palmitis
1770 2985 2270 3072 sarmentum3
2325 2984 2478 3050 tum
2535 2974 2802 3074 aliquis
2857 2999 3164 3075 caprum
3219 2973 3466 3048 trahe-

690 3099 861 3195 bat,
924 3099 1373 3200 sequebatur
1413 3098 1601 3174 alius
1640 3098 2010 3176 calathum
2055 3100 2209 3177 ficis
2247 3098 2554 3202 plenum
2591 3111 2937 3198 gestans,
2998 3099 3257 3177 ultimo
3297 3099 3467 3173 loco

692 3227 1027 3328 phallus:
1084 3253 1282 3307 nunc
1320 3253 1409 3304 ea
1442 3227 1930 3326 negliguntur
1967 3239 2040 3304 et
2081 3237 2560 3306 evanescunt.

1862 3400 2018 3485 Ad
2055 3403 2290 3486 487.

906 3568 1129 3666 Legis
1170 3566 1389 3668 hujus
1428 3568 1797 3667 originem
1834 3569 1942 3644 sic
1982 3568 2288 3668 exponit
2327 3563 2684 3645 Aelianus
2724 3564 2886 3643 loco
2926 3566 3193 3640 citato:
3236 3589 3467 3662 quum

690 3692 1235 3769 Themistocles
1272 3691 1588 3768 civicum
1630 3691 2039 3770 exercitum
2077 3689 2436 3768 adversus
2474 3692 2740 3766 Persas
2779 3690 3164 3782 educeret,
3221 3685 3470 3786 gallos

689 3817 1147 3918 gallinaceos
1202 3817 1591 3918 conspexit
1646 3825 2115 3918 pugnantes,
2173 3814 2570 3916 statimque
2619 3826 2855 3891 totum
2895 3812 3300 3890 exercitum
3337 3813 3466 3888 ad·

690 3952 887 4018 stare
916 3944 1143 4044 jussit
1180 3953 1255 4017 et
1293 3941 1517 4018 dixit:
1574 3939 1651 4016 hi
1709 3966 1952 4040 neque
2009 3965 2148 4042 pro
2186 3939 2462 4040 patria,
2529 3966 2769 4040 neque
2809 3966 2946 4041 pro
2987 3938 3128 4014 diis
3165 3936 3468 4040 patriis,

688 4093 930 4168 neque
968 4093 1105 4169 pro
1138 4066 1357 4144 avitis
1392 4067 1890 4143 monumentis
1925 4066 2124 4142 mala
2159 4065 2516 4160 subeunt,
2555 4089 2798 4165 neque
2838 4091 2976 4166 pro
3013 4063 3294 4164 gloria,
3333 4091 3468 4140 ne-

690 4217 837 4292 que
873 4219 1011 4295 pro
1050 4191 1438 4287 libertate,
1494 4217 1737 4292 neque
1787 4216 1929 4292 pro
1969 4190 2270 4287 liboris,
2323 4191 2453 4266 sed
2491 4189 2659 4268 ideo
2698 4203 3050 4289 uterque,
3109 4215 3206 4264 ne
3243 4215 3468 4290 supe-

690 4329 933 4414 retur,
972 4341 1164 4394 neve
1203 4316 1391 4396 alter
1426 4314 1641 4392 alteri
1676 4315 1916 4394 cedat.
1975 4315 2266 4411 Quibus
2305 4313 2519 4392 dictis
2559 4313 3132 4394 Atheniensium
3171 4317 3469 4394 animos

691 4442 1181 4522 confirmavit.
1231 4441 1454 4536 Quod
1493 4465 1675 4540 ergo
1713 4451 1894 4517 tunc
1931 4443 2040 4518 eis
2075 4441 2640 4519 incitamentum
2676 4441 2771 4518 ad
2811 4441 3160 4520 virtutem
3197 4442 3468 4536 extitit,

692 4568 929 4648 voluit
962 4568 1057 4646 ad
1095 4569 1385 4647 edenda
1420 4570 1686 4646 similia
1720 4580 2286 4648 monumentum
2319 4596 2641 4648 servare.

906 4694 1245 4774 Meminit
1284 4693 1501 4794 hujus
1541 4695 1729 4792 legis
1766 4694 2142 4772 Lucianus
2180 4722 2476 4795 quoque
2513 4697 2592 4772 in
2613 4694 3027 4772 Anacharsi
3069 4698 3270 4796 (cap.
3294 4693 3465 4785 87),

690 4819 991 4898 minime
1025 4819 1417 4916 ridiculae3
1472 4820 1673 4896 subit
1710 4821 1944 4908 enim,
1985 4821 2260 4920 inquit,
2309 4822 2588 4898 sensim
2623 4821 2884 4920 aliquis
2922 4823 2998 4895 in
3038 4820 3328 4895 animos
3369 4817 3465 4892 ad

689 4943 1020 5047 pericula
1053 4947 1413 5048 impetus,
1454 4972 1549 5023 ne
1588 4947 2018 5044 ignaviores
2056 4946 2457 5023 videantur
2499 4947 2703 5021 cives
2744 4957 2818 5021 et
2853 4945 3099 5021 minus
3138 4943 3464 5021 audaces

686 5071 907 5171 gallis
944 5065 1409 5170 gallinaceis,
1468 5097 1609 5149 nec
1662 5071 1872 5174 prius
1929 5098 2149 5174 quam
2206 5071 2312 5148 illi
2369 5071 2719 5148 deficiant
2767 5071 2906 5173 ipsi
2946 5097 2992 5149 a
3027 5069 3466 5148 vulneribus

688 5206 821 5271 aut
856 5193 1241 5276 laboribus
1276 5205 1408 5273 aut
1445 5195 1888 5275 difficultate
1928 5222 2371 5297 quacunque
2411 5196 2573 5273 alia.
