3725 5850
1220 603 1838 658 coMMssnrAnms
1878 607 1985 658 An
2022 603 2146 658 159.
2911 583 3073 661 43¹7

1473 845 1627 930 Ad
1676 845 1894 933 1⁵0.

509 1011 665 1091 Sub
703 1013 1000 1116 legibus
1035 1039 1190 1090 non
1225 1011 1523 1116 scriptis
1571 1012 1740 1089 illae
1800 1023 1974 1090 sunt
2026 1012 2562 1114 intelligendae
2586 1071 2605 1110 ,
2666 1039 2855 1118 quae
2893 1024 3067 1118 post

297 1139 718 1216 anarchiam
773 1141 853 1217 in
906 1139 1345 1218 collectione
1396 1135 1652 1238 legum
1688 1137 2057 1218 Draconis
2096 1149 2173 1216 et
2209 1138 2507 1217 Solonis
2544 1167 2701 1217 non
2738 1141 3065 1242 reperie-

294 1263 586 1342 bantur.
661 1265 883 1342 Unde
938 1278 1190 1343 tamen
1246 1291 1400 1344 non
1455 1266 1784 1376 sequitur
1819 1263 2029 1366 leges
2069 1267 2238 1369 jure
2278 1278 2590 1345 naturae
2628 1268 2957 1345 firmatas
2995 1279 3070 1341 et

296 1393 523 1492 longa
580 1391 1114 1469 consvetudine
1171 1393 1531 1485 sancitaS,
1609 1390 2127 1468 deficientibus
2203 1392 2540 1497 positivis
2613 1392 3066 1496 reipublicae

295 1516 627 1616 legibus,
685 1517 957 1593 nullius
995 1517 1224 1594 fuisse
1263 1514 1552 1594 valoris.
1631 1515 1724 1594 V.
1783 1515 2245 1593 Platneri
2300 1513 2611 1596 Process
2657 1545 2728 1597 u.
2767 1517 2837 1597 d.
2878 1519 3063 1597 Kla-

295 1667 461 1742 gen.
502 1671 577 1746 p.
617 1642 741 1720 86.

508 1785 730 1891 Apud
767 1785 1144 1864 Romanos
1199 1784 1562 1884 vigesimo
1621 1785 1881 1886 quinto
1937 1786 2230 1866 circiter
2282 1800 2456 1892 post
2510 1813 2724 1889 reges
2762 1802 3063 1868 exactos

298 1938 494 1989 anno
534 1912 624 1989 Τ.
661 1911 1024 1990 Romilius
1061 1922 1317 1990 censet
1351 1911 1636 2012 legatos
1677 1923 1748 1989 et
1787 1910 2121 1991 Athenas
2161 1925 2236 1990 et
2271 1915 2350 1990 in
2386 1916 2571 1992 alias
2602 1913 3063 1994 Graecorum

299 2038 522 2115 urbes
557 2038 960 2116 mittendos
1000 2064 1201 2135 esse,
1261 2039 1387 2138 qui
1443 2040 1891 2141 optimarum
1949 2038 2199 2139 legum
2236 2042 2665 2145 exemplum
2700 2052 3065 2142 peterent,

300 2188 444 2264 quo
482 2163 722 2262 magis
762 2175 968 2240 certa
1002 2161 1366 2264 quaedam
1402 2163 1591 2264 juris
1628 2164 1871 2240 forma
1908 2163 2227 2241 describi
2265 2167 2757 2268 componique
2794 2179 3066 2269 posset.

302 2285 593 2364 Placuit
625 2287 809 2364 haec
861 2290 1268 2384 sententia,
1329 2291 1556 2390 fitque
1615 2288 2026 2366 secundum
2082 2313 2247 2366 eam
2302 2293 3029 2371 senatusconsultum
3050 2349 3069 2384 ,

301 2415 500 2514 quod
538 2411 754 2516 plebs
793 2439 1087 2516 quoque
1126 2416 1294 2516 ipsa
1326 2413 1698 2517 probavit.
1740 2414 2003 2514 Legati
2025 2415 2343 2492 Romani
2378 2426 2531 2493 tres
2568 2416 2897 2496 fuerunt:
2938 2417 3069 2520 Sp.

300 2538 778 2616 Posthumius
833 2538 1114 2634 Albus,
1193 2539 1280 2620 A.
1340 2539 1660 2616 Manlius
1720 2553 1794 2616 et
1850 2540 2150 2618 Servius
2207 2540 2570 2644 Sulpitius
2626 2542 3067 2622 Camerinus

299 2665 602 2757 (Livius
637 2665 773 2760 111,
817 2665 984 2758 31).
1056 2666 1465 2766 Dionysius
1503 2667 1760 2742 scribit
1797 2667 1931 2763 (X,
1977 2665 2158 2761 51),
2216 2667 2480 2747 missos
2528 2693 2826 2770 quoque
2864 2670 3066 2768 lega-

299 2803 412 2868 tos
449 2791 531 2867 in
571 2815 696 2867 eas
734 2789 1194 2867 Graecorum
1235 2789 1614 2882 civitates,
1676 2817 1866 2892 quae
1904 2791 1982 2866 in
2018 2791 2238 2869 Italia
2274 2805 2526 2891 erant,
2585 2819 2776 2896 quae
2835 2820 3069 2895 quon-

301 2917 476 2995 dam
511 2915 788 3018 Magna
827 2913 1144 2994 Graecia
1179 2914 1377 2993 dicta
1414 2927 1565 3014 est3
1621 2942 1794 2993 nam
1853 2928 1928 2993 et
1986 2944 2073 2995 ea
2127 2918 2460 3019 insignes
2516 2917 2847 2997 habebat
2894 2921 3071 2997 civi-

299 3059 488 3125 tates
547 3058 621 3123 et
674 3047 1158 3146 legislatores.
1234 3046 1452 3123 Locri
1509 3047 1915 3123 servabant
1968 3046 2083 3121 sui
2140 3046 2445 3123 Zaleuci
2500 3046 2747 3145 leges,
2808 3046 3070 3124 Thurii

289 3177 464 3275 jura
519 3175 632 3251 sui
689 3170 1154 3250 Charondae.
1247 3170 1396 3249 Sed
1453 3170 1788 3251 Athenas
1863 3173 2378 3274 properabant
2431 3170 2659 3271 legati
2713 3170 3069 3260 Romani,

303 3326 492 3403 quae
531 3299 710 3376 urbs
753 3309 931 3375 tunc
953 3356 972 3393 ,
1029 3297 1498 3399 gubernante
1538 3296 1826 3373 Pericle
1850 3355 1869 3394 ,
1928 3296 2289 3399 quaedam
2346 3296 2577 3372 veluti
2615 3295 2873 3373 schola
2908 3296 3069 3389 fuit,

303 3452 490 3528 quae
531 3425 924 3504 Graeciam
963 3424 1390 3503 universam
1427 3424 1793 3520 erudiret3
1851 3450 2045 3526 quae
2100 3434 2277 3501 nata
2312 3422 2688 3501 videretur
2726 3422 2823 3499 ad
2860 3421 3069 3523 leges

303 3553 463 3631 aliis
501 3552 798 3657 populis
835 3550 1142 3627 dandas.
1217 3552 1478 3651 Neque
1518 3575 1700 3626 vero
1740 3574 1911 3625 cum
1950 3549 2236 3625 Pericle
2292 3548 2555 3647 mod0,
2614 3547 2749 3626 sed
2789 3558 2864 3626 et
2902 3572 3073 3625 cum

305 3678 776 3782 Areopagitis
815 3675 906 3753 de
945 3675 1370 3777 republica,
1428 3674 1520 3753 de
1546 3678 1760 3777 jure,
1817 3674 1909 3751 de
1966 3672 2261 3773 legibus
2314 3674 2635 3775 colloqui
2672 3674 2901 3773 legati
2936 3702 3069 3776 po-

303 3814 623 3882 tuerunt.

517 3946 972 4025 Prostabant
1007 3945 1250 4023 adhuc
1283 3944 1838 4046 religiosissime
1881 3944 2123 4021 cultae
2168 3942 2467 4023 Solonis
2503 3945 2735 4043 leges,
2775 3956 3073 4023 centum

306 4075 460 4152 fere
501 4085 576 4150 et
613 4072 1108 4174 quadraginta
1158 4074 1319 4175 jam
1375 4097 1742 4149 annorum
1797 4096 1939 4149 usu
1994 4071 2568 4172 comprobatae,
2628 4072 2896 4171 quibus
2952 4074 3077 4151 vel

307 4198 772 4277 honestiores
810 4198 932 4275 vel
970 4199 1378 4305 aequiores,
1417 4197 1536 4275 vel
1576 4197 1671 4274 ad
1709 4197 2253 4301 rempublicam
2290 4198 2883 4275 constituendam
2920 4224 3075 4275 me-

307 4326 528 4403 liores
583 4324 952 4403 conscribi
1008 4350 1159 4401 non
1216 4348 1436 4426 posse
1457 4382 1476 4421 ,
1554 4323 2005 4425 prudentum
2078 4323 2413 4403 omnium
2468 4325 2843 4401 sententia
2894 4336 3074 4403 erat.

307 4453 477 4553 Ipse
537 4448 801 4528 Cicero
857 4450 962 4529 ait
1029 4454 1244 4552 (pro
1301 4449 1384 4527 L.
1441 4449 1680 4526 Flac
1707 4476 1833 4527 co.
1893 4449 2077 4543 263:
2159 4449 2481 4547 „adsunt
2534 4446 3071 4546 Athenienses,

308 4577 502 4653 unde
541 4576 910 4671 doctrina,
949 4575 1408 4669 humanitas,
1447 4576 1748 4675 relig-ic,
1787 4575 2041 4673 fruges
2068 4630 2087 4669 ,
2130 4574 2403 4677 jura,
2450 4574 2733 4673 leges
2770 4586 3075 4667 ortae,

311 4712 526 4803 atque
561 4704 641 4778 in
679 4727 934 4780 omnes
973 4712 1206 4779 terras
1244 4701 1682 4779 distributae
1719 4698 2148 4802 putantm·.“

519 4841 713 4922 Cum
747 4846 980 4944 legati
1017 4856 1190 4948 post
1235 4846 1640 4923 triennium
1691 4845 1973 4923 reversi
2032 4854 2317 4942 essent,
2376 4854 2679 4922 senatus
2718 4845 3073 4947 populus-

316 4995 454 5071 que
491 4970 856 5065 decrevit,
895 4970 1154 5048 decem
1192 4996 1232 5047 e
1272 4971 1740 5049 senatoribus
1780 4972 1979 5049 viros
2019 4969 2461 5071 deligendos
2498 4994 2703 5066 esse,
2756 4971 2882 5070 qui
2921 4982 2996 5047 et
3034 4996 3075 5047 e

319 5097 568 5197 patriis
625 5096 1290 5173 consvetudinibus
1357 5107 1432 5172 et
1488 5093 1953 5175 Graecorum
2006 5094 2303 5195 legibus
2360 5104 2639 5171 certam
2698 5096 3075 5195 quandam

319 5222 753 5322 colligerent
803 5230 1484 5323 componerentque
1549 5222 1740 5323 juris
1818 5217 2162 5324 perpetui
2226 5218 2559 5297 formam.
2651 5220 3075 5299 Decemviri

321 5348 560 5449 itaque
615 5359 776 5427 toto
835 5372 1030 5428 anno
1083 5348 1374 5448 legibus
1431 5349 1967 5451 componendis
2020 5368 2333 5450 operam
2388 5344 2710 5447 dabant3
2764 5370 2907 5427 nec
2938 5376 3075 5453 pu-
