3725 5850
694 431 846 505 138
1777 457 1902 508 ’ωε
1940 455 2362 508 waucort.

685 649 1054 725 revocabo
1091 673 1231 724 nee
1269 648 1534 748 capitis
1571 647 1991 738 damnatore,
2022 648 2273 746 'neque
2310 669 2477 742 663,
2517 648 2644 746 qui
2682 657 3031 743 manent,
3071 648 3455 750 expellam

683 784 946 850 eontra
997 771 1202 872 leges
1259 784 1600 874 receptas
1655 784 1730 848 et
1785 771 2090 846 decreta
2144 771 2405 871 populi
2462 769 2937 858 Atheniensis
2991 784 3071 850 et
3104 782 3407 848 senatus
3432 830 3451 866 ‚

684 923 923 998 neque
977 898 1138 998 ipse
1195 921 1377 994 eg0‚
1436 922 1680 1000 neque
1735 896 1963 972 alium
2018 896 2278 972 sinam.
2356 898 2517 975 Nee
2568 897 3087 998 magistratum
3133 896 3407 976 creabo
3430 952 3451 992 ‚

684 1032 769 1098 ut
801 1021 1316 1122 magistratum
1369 1022 1596 1099 obeat
1631 1023 1756 1125 qui
1796 1021 1890 1098 de
1929 1019 2077 1098 alio
2134 1032 2355 1121 gestu
2412 1022 2853 1123 magistratu
2911 1023 3237 1099 rationes
3290 1049 3451 1100 non

679 1148 1054 1241 retulerit,
1112 1147 1268 1224 sive
1327 1147 1552 1226 fuerit
1607 1147 2003 1230 novemvir
2036 1146 2197 1224 sive
2236 1147 2793 1224 hieromnemon
2832 1149 2989 1226 sive
3025 1148 3455 1249 quicunque

680 1273 1150 1372 instratus
1187 1298 1356 1350 cum
1391 1273 1848 1354 novemviris
1891 1271 2157 1350 eodem
2194 1271 2316 1348 die
2354 1285 2742 1370 creantur,
2783 1275 2941 1352 sive
2978 1299 3251 1378 praeeo
3288 1273 3453 1349 sive

679 1396 971 1496 legatus
1008 1397 1168 1498 sive
1203 1423 1575 1497 assessor3
1609 1424 1852 1501 neque
1890 1408 1972 1475 ut
2008 1399 2124 1475 bis
2162 1399 2481 1478 eundem
2514 1399 3033 1498 magistratum
3068 1398 3269 1478 idem
3304 1398 3449 1496 vir,

679 1545 923 1623 neque
961 1531 1043 1598 ut
1077 1520 1268 1599 duos
1306 1525 1784 1625 magistratus
1838 1523 2041 1600 idem
2093 1535 2309 1623 gerat
2362 1523 2621 1603 eodem
2659 1552 2881 1602 anno,
2954 1527 3215 1624 Neque
3254 1522 3451 1600 aoei-

679 1647 884 1747 piam
920 1646 1120 1724 dona
1173 1659 1484 1751 propter
1525 1647 1893 1750 judicium
1946 1649 2067 1725 vel
2122 1649 2279 1752 ipse
2320 1674 2464 1747 ego
2503 1652 2625 1727 vel
2663 1651 3059 1752 quisquam
3095 1649 3285 1726 alius
3322 1648 3453 1740 vel

674 1771 826 1850 alia
861 1799 998 1874 pro
1035 1797 1194 1872 me,
1232 1799 1356 1850 me
1389 1775 1732 1868 conscio,
1773 1800 1930 1852 non
1969 1772 2231 1850 fraude
2255 1831 2273 1868 ,
2312 1801 2472 1851 non
2504 1772 3061 1852 ‘machinatione
3100 1773 3271 1852 ulla.
3346 1771 3454 1848 Et

678 1906 899 1974 natus
933 1924 1100 1976 sum
1133 1923 1369 1976 annos
1405 1926 1558 1976 non
1596 1899 1841 1976 minus
1881 1925 2106 2000 quam
2160 1899 2489 2001 triginta.
2568 1902 2667 1976 Et
2701 1899 3003 1978 audiam
3036 1909 3195 1976 tum
3228 1923 3452 1975 aecu-

676 2030 1004 2100 satorem
1058 2034 1217 2102 tum
1271 2050 1482 2102 reum
1537 2052 1778 2125 aequo
1835 2025 2081 2103 animo
2120 2027 2381 2103 ambos
2402 2085 2423 2124 ,
2482 2037 2559 2104 et
2594 2027 3043 2107 sententiam
3076 2023 3171 2102 de
3209 2048 3299 2100 eo
3336 2023 3453 2102 fe·

677 2171 841 2224 ram
859 2202 878 2241 ,
936 2149 1140 2250 quod
1177 2159 1290 2226 est
1324 2150 1406 2224 in
1442 2139 1957 2228 controversie
1990 2151 2342 2252 positum.

889 2271 1174 2374 Adjuro
1227 2273 1282 2350 J
1287 2301 1544 2369 ovem,
1603 2275 2080 2378 Neptunum,
2140 2275 2536 2371 Cererem,
2594 2289 2669 2354 et
2720 2277 3090 2380 imprecor
3134 2277 3453 2356 exitium

679 2396 858 2506 milii
913 2398 1058 2499 ipsi
1115 2409 1190 2474 et
1247 2400 1570 2476 familiae
1627 2426 1836 2477 meae
1859 2458 1879 2494 ,
1935 2402 1998 2478 si
2056 2403 2232 2502 quid
2285 2404 2555 2481 horum
2591 2415 3102 2502 transgressus
3139 2403 3405 2480 fuerim
3426 2461 3453 2498 ,

560 2568 568 2576 -
676 2521 794 2598 sin
831 2522 1035 2600 bona
1071 2523 1217 2600 fide
1253 2526 1793 2628 praestiterim,
1850 2527 2085 2604 multa
2122 2527 2301 2605 mihi
2339 2531 2553 2630 bona⁴
2578 2530 3034 2628 contingant.

1972 2691 2147 2773 563.

868 2815 1092 2899 ’Ἐστι
1133 2823 1209 2902 δὲ
1247 2833 1388 2904 καὶ
1427 2835 1513 2903 ἐν
1546 2827 1662 2929 τῷ
1697 2825 1953 2931 ὅρκῳ·
2015 2837 2180 2935 περὶ
2229 2822 2345 2910 ὦν
2379 2827 2486 2907 ἂν
2522 2783 2747 2931 νόμρι
2777 2828 2884 2930 μή
2923 2835 3110 2920 εἰσι,
3174 2825 3453 2935 γνώμῃ

674 2948 772 3048 τῇ
804 2947 1260 3050 δικαιοτάτῃ
1299 2960 1780 3055 ψηφιεῖσθαι.
1978 3070 2131 3145 563
2398 2960 2710 3056 (Pollux
2748 2960 2958 3056 VIII,
3003 2959 3227 3053 122.)

889 3186 1026 3263 Est
1077 3216 1260 3267 vero
1313 3191 1394 3267 in
1435 3191 1929 3293 jurejurando
1965 3194 2107 3271 hoc
2144 3218 2479 3295 quoque:
2536 3194 2631 3271 de
2667 3193 2937 3297 quibus
2972 3193 3197 3271 rebus
3231 3192 3455 3293 leges

671 3310 928 3390 nullae
962 3325 1175 3410 sunt,
1202 3315 1685 3415 justissimam
1721 3343 1802 3393 se
1841 3320 2123 3397 laturos
2159 3319 2628 3397 sententiam.

1848 3572 2283 3701 Tpnffiafi‘.

1271 3746 1576 3841 Περὶ
1671 3732 2042 3820 ἰδίων
2132 3744 2839 3836 διαιτητῶν.

1899 3907 2120 3920 mm&
2125 3907 2215 3919 ‘va

1876 3997 2122 4076 Sentio
2179 3998 2249 4075 2.

1493 4132 1652 4217 De³
1683 4137 2119 4242 privatis
2174 4144 2616 4220 arbitris·

889 4460 1282 4549 Διαιτηταί
1319 4455 1468 4536 εἰσί
1505 4488 1702 4547 τινες
1739 4457 1899 4537 τῶν
1937 4458 2355 4539 ἰδιωτικῶν
2390 4466 2671 4560 κριταί.

1936 4590 2277 4686 (Bekker
2314 4580 2595 4671 Anecd.
2635 4619 2747 4693 gr.
2790 4592 2848 4671 Ι.
2886 4619 2960 4695 p.
3000 4590 3221 4684 235.)

1974 4753 2153 4829 564.

889 4870 1172 4953 Arbitri
1208 4887 1381 4955 sunt
1413 4848 1717 4978 quidam
1753 4902 1997 4957 rerum
2034 4877 2493 4982 privatarum
2516 4876 2835 4981 judiees.

1964 5038 2145 5115 565.

891 5172 1272 5269 Autumnis
1325 5180 1464 5253 καὶ
1517 5176 1901 5273 διαιτητὴς
1952 5177 2289 5281 διαφέρει
2311 5204 2330 5224 ·
2368 5177 2727 5272 δικαστὴς
2771 5182 2925 5281 μὲν
2956 5176 3103 5286 γάρ
3136 5186 3351 5257 ἐστιν
3380 5172 3443 5256 ,ὅ
