3725 5850
593 429 748 508 148
1684 453 1808 506 sus
1847 451 2270 506 rusticum.

586 647 748 748 quis
786 644 1126 748 quintam
1159 643 1683 744 suffragiorum
1736 655 2026 749 partem
2072 641 2223 721 sibi
2262 643 2843 750 adstipulantem
2878 677 3033 730 non
3074 647 3355 792 habue-

584 774 718 870 rit,
760 773 962 850 mille
1001 771 1546 851 drachmarum
1563 773 1927 850 mulctam
1960 771 2105 848 det.

1882 935 2057 1012 601.

802 1073 965 1153 Τὸν
1003 1071 1350 1171 ὀφλόντα
1379 1070 1490 1174 μὴ
1532 1071 1977 1181 γράφεσθαι
2016 1070 2319 1180 γραφὰς
2358 1077 2492 1164 ἓως
2529 1071 2636 1154 ἂν
2670 1083 2960 1176 ἐκτίσῃ.
3040 1189 3049 1196 ἱ

1965 1203 2387 1296 (Demosth.
2426 1203 2826 1285 Theocrin.
2872 1207 3143 1300 1326.)

1884 1363 2061 1440 601.

796 1485 1146 1589 Aorsi-ius
1183 1497 1282 1586 ab
1321 1499 1742 1586 accusando
1781 1497 2276 1604 removeatur,
2318 1507 2563 1588 donec
2602 1493 2994 1613 pecuniam
3030 1507 3359 1588 solverit.

1885 1667 2062 1744 602.

784 1778 1290 1908 ’Ώφληκὸτος
1324 1807 1467 1888 τοῦ
1510 1805 1790 1912 πατρὸς
1825 1807 1942 1910 τῷ
1978 1807 2319 1910 δημοσίῳ
2360 1807 2721 1911 χρήματα
2759 1817 2897 1889 καὶ
2938 1807 3096 1890 οὐκ
3133 1817 3357 1888 ἐκτε-

577 1934 927 2028 τικότος,
969 1934 1128 2014 οὐκ
1168 1939 1411 2030 ἔξεστι
1451 1940 1700 2041 λέγειν
1738 1933 1920 2012 οὐδὲ
1958 1934 2109 2040 γροί
2117 1965 2298 2032 φειν
2332 1968 2443 2037 τῳ
2449 1937 2650 2038 υιῷ.

1894 2063 2315 2158 (Demosth.
2359 2065 2528 2144 adv.
2572 2064 2880 2148 Androt.
2922 2033 3143 2161 603.)

1876 2227 2057 2306 602.

793 2366 874 2446 Si
929 2376 1145 2472 pater
1200 2369 1428 2446 fuerit
1481 2369 1746 2445 aerarii
1801 2367 2095 2450 debitor
2132 2381 2209 2448 ct
2256 2373 2653 2473 pecuniam
2708 2369 3163 2474 reipublicae
3202 2395 3361 2445 non

579 2496 924 2592 solverit,
983 2494 1137 2571 filio
1175 2519 1315 2569 nec
1354 2491 1631 2572 habere
1671 2495 2113 2592 conciones,
2144 2521 2295 2574 nec
2334 2495 2668 2600 publicas
2709 2498 3093 2574 instituere
3132 2495 3357 2572 actio-

515 2699 528 2710 ,
579 2648 716 2699 nes
753 2620 992 2698 liceat.

1886 2730 2063 2807 603.

792 2873 860 2945 Δ
879 2871 983 2943 lx
1007 2901 1047 2962 η
1085 2873 1292 3019 ἐστιν
1329 2859 1369 2965 ἦ
1410 2858 1605 2970 υπὲρ
1647 2865 2066 2945 ἰδιωτικῶν
2120 2865 2621 2970 ἀδικημάτων
2656 2876 3165 2971 συνισταμένη
3202 2899 3359 2946 κα-

576 3000 941 3101 τηγορία,
1001 3001 1137 3072 καὶ
1175 2984 1263 3094 ᾗς
1298 2994 1392 3073 τὸ
1432 2998 1720 3095 τίμημα
1760 3022 2071 3095 ωρισται
2112 3007 2271 3082 τοῖς
2309 2994 2597 3096 νόμοις.
2765 3000 3140 3097 (Suidas.)

1878 3159 2054 3240 603.

794 3302 1008 3383 Actio
1046 3306 1344 3407 privata
1401 3316 1513 3382 est
1567 3305 1943 3382 accusatio
2000 3330 2191 3405 quae
2228 3302 2321 3383 dc
2360 3306 2669 3407 privatis
2712 3303 2999 3382 delictis
3038 3305 3361 3381 institui-

577 3440 734 3527 tur,
775 3441 850 3506 et
885 3430 1096 3531 cujus
1131 3432 1548 3506 aestimatio
1591 3431 1888 3529 legibus
1928 3430 2237 3506 definita
2274 3443 2405 3507 est.

1876 3591 2053 3667 604.

793 3733 1026 3807 Λίκαι
1083 3727 1339 3807 κατά
1395 3761 1437 3805 τ
1461 3762 1484 3805 ι
1510 3727 1620 3805 νό
1643 3760 1676 3815 ς
1716 3730 1917 3806 εἰσιν
1955 3728 2052 3804 οὐ
2094 3735 2257 3828 περὶ
2300 3726 3050 3831 ἀμφισβητουμένων
3088 3727 3358 3806 δικαί-

579 3887 732 3948 ων,
791 3852 988 3932 ἀλλὰ
1028 3861 1196 3954 περὶ
1237 3852 1526 3943 ἀδίκως
1564 3859 2069 3954 πραχθέντος.

758 3980 864 4080 (Ε
902 3986 1338 4086 conjectura
1377 3983 1901 4061 Bunsenii:
1943 3982 2033 4059 de
2062 3985 2235 4084 jure
2276 3984 2528 4061 hered.
2570 3984 2837 4065 Athen.
2880 4012 2953 4085 p.
2976 3984 3143 4075 90.)

1878 4146 2056 4221 604.

794 4270 1144 4352 Actiones
1201 4272 1538 4375 privatae
1595 4270 1674 4347 in
1730 4271 2163 4371 aliquem
2218 4282 2432 4367 sunt,
2493 4272 2571 4349 in
2609 4271 2879 4374 quibus
2917 4296 3071 4348 non
3111 4272 3364 4370 agitur

579 4396 671 4475 de
696 4396 869 4498 jure
909 4409 1427 4491 controverSO,
1487 4396 1618 4473 sed
1658 4391 1750 4473 de
1791 4396 2044 4499 iniquo
2086 4396 2309 4477 facto·

1879 4560 2057 4635 605.

793 4700 1027 4779 Alma
1083 4690 1318 4797 πρός
1372 4726 1460 4772 τι
1485 4726 1606 4775 να
1663 4694 1742 4775 δὲ
1779 4700 1981 4775 εἰσιν
2016 4700 2095 4774 αἱ
2132 4692 2359 4775 ἄλλαι
2400 4695 2639 4777 δίκαι.
2730 4694 2739 4705 ’

2139 4828 2301 4924 (Ex
2340 4826 2605 4905 eadem
2642 4826 3139 4928 conjectura.)

1874 4952 2051 5029 605.

791 5076 1146 5189 Actiones
1202 5076 1542 5191 privatae
1599 5104 1644 5155 a
1663 5077 1711 5157 d
1734 5105 1783 5156 v
1803 5104 1842 5155 e
1866 5106 1903 5154 ι·
1924 5104 1957 5155 s
1976 5106 2025 5154 u
2047 5106 2083 5155 s
2150 5106 2195 5155 a
2212 5079 2281 5153 li
2304 5105 2353 5178 q
2373 5104 2420 5155 u
2442 5102 2483 5154 c
2505 5104 2581 5155 m
2637 5090 2888 5155 autem
2944 5088 3118 5155 sunt
3172 5076 3346 5154 reli·

577 5224 768 5307 quae
807 5205 1141 5309 privatae
1182 5194 1538 5286 actiones,
