3725 5850
1212 541 1532 604 Momm-A
1579 543 2087 605 Aasrrmmm.
2462 603 2471 624 ,
2882 529 3033 603 197

267 770 384 839 χρι
439 738 923 832 πεντήκοντα
982 737 1352 841 δραχμῶν
1407 745 1963 838 εἰσφερέτωσαν
1998 745 2103 827 εἰς
2142 737 2285 833 τήν
2321 737 2623 841 βουλὴν
2668 735 2713 832 ἢ
2751 745 2855 828 εἰς
2894 738 3035 833 τὴν

275 865 555 965 πρώτην
609 871 1055 960 ἐκκλησίαν.

1032 992 1419 1088 (Aeschin.
1461 1021 1523 1070 c.
1563 991 1937 1072 Timarch.
1980 989 2048 1095 ξ.
2093 995 2215 1070 35.
2258 993 2417 1073 Lex
2458 993 2815 1094 Solonis.)

1545 1157 1725 1232 795.

466 1299 546 1375 Si
584 1301 749 1400 quis
785 1311 1160 1377 oratorum
1197 1301 1274 1376 in
1312 1311 1578 1376 senatu
1618 1310 1746 1376 aut
1779 1327 1915 1402 pro
1948 1302 2307 1377 concione
2346 1301 2466 1377 vel
2507 1326 2655 1376 non
2694 1325 3027 1377 seorsum

270 1425 348 1502 de
384 1451 460 1501 re
501 1427 888 1527 proposita
923 1426 1044 1500 vel
1080 1426 1196 1502 bis
1233 1425 1325 1504 de
1365 1425 1626 1502 eadem
1662 1454 1741 1502 re
1765 1425 1965 1528 apud
2006 1427 2309 1502 eosdem
2347 1425 2613 1506 dixerit
2651 1427 2808 1502 sive
2848 1452 3023 1502 con-

267 1551 598 1628 viciando
638 1552 797 1628 sive
837 1550 1348 1628 malcdicendo
1387 1551 1606 1628 alicui
1645 1552 1801 1628 sive
1841 1553 2032 1655 pede
2072 1551 2629 1654 supplodendo,
2674 1553 2796 1628 vel
2833 1553 3027 1628 inter

267 1675 798 1756 decernendum
852 1706 1254 1782 assurgens
1309 1679 1734 1782 importune
1782 1681 2075 1756 locutus
2113 1680 2337 1756 fuerit
2377 1681 2469 1758 de
2508 1683 2731 1757 rebus
2769 1707 2817 1754 a
2851 1706 3023 1779 sug-

264 1814 466 1900 gestu
505 1802 799 1900 alienis,
859 1804 978 1883 vel
1017 1805 1336 1907 aliquem
1374 1806 1800 1900 concitarit,
1861 1805 1985 1880 vel
2021 1791 2489 1906 praefectum
2528 1805 2871 1899 traxerit,
2911 1804 3019 1880 di-

265 1928 475 2004 missa
532 1929 889 2006 concione
946 1941 1075 2007 aut
1129 1943 1431 2025 senata,
1504 1932 1662 2032 ejus
1717 1930 2128 2007 mulctandi
2182 1941 2517 2032 potestas
2572 1940 2730 2007 esto
2790 1955 3024 2031 penes

263 2052 630 2153 praesides
669 2081 900 2155 usque
939 2055 1034 2133 ad
1071 2055 1616 2158 quinquaginta
1653 2055 2046 2132 drachmas
2077 2055 2153 2129 in
2192 2056 2489 2154 singula
2526 2053 2799 2131 delicta
2836 2054 3019 2129 mul-

263 2187 443 2264 ctam
497 2179 935 2282 imponendi
973 2181 1162 2255 etin
1201 2180 1495 2255 tabulas
1557 2180 2027 2256 exactoribus
2084 2178 2485 2256 tradendas
2540 2177 3020 2280 inscribendi.

262 2303 532 2394 Quodsi
567 2305 996 2408 graviorem
1033 2305 1386 2381 meruisse
1429 2332 1752 2408 poenam
1793 2305 2207 2398 videbitur,
2275 2305 2557 2381 indicta
2595 2305 2869 2392 mulcta
2906 2329 3024 2378 us-

261 2454 392 2528 que
429 2429 526 2508 ad
564 2431 1105 2534 quinquaginta
1141 2430 1564 2524 drachmas,
1625 2429 2022 2507 deferunto
2060 2430 2154 2506 ad
2193 2443 2533 2508 senatum
2570 2441 2692 2508 aut
2736 2428 2831 2506 ad
2870 2427 3019 2535 pri-

259 2580 443 2630 mam
482 2555 922 2632 concionem
957 2556 1037 2632 in
1075 2561 1296 2632 curia.

1541 2660 1717 2740 796.

445 2791 570 2876 ‘H
593 2798 838 2902 βουλὴ
885 2801 1210 2900 ζημιοῦν
1246 2813 1407 2890 ταῖς
1449 2807 1992 2892 πεντακοσίαις
2029 2811 2183 2878 ἐστι
2220 2809 2478 2902 κυρία.

1087 2932 1507 3025 (Demosth.
1547 2931 1626 3008 in
1665 2933 1937 3032 Everg.
1980 2947 2055 3008 et
2093 2919 2485 3010 Mnesibul.
2534 2934 2803 3027 1152.)

1538 3092 1715 3169 796.
2704 3166 2711 3171 .

457 3234 781 3312 Senatus⁴
819 3238 1246 3336 quing-entis
1285 3238 1658 3315 drachmis
1695 3238 2101 3315 mulctandi
2141 3238 2374 3315 habet
2409 3247 2880 3340 potestatem.

1539 3398 1715 3472 797.

421 3528 670 3623 Τοῦς
707 3540 794 3612 ἐν
830 3534 939 3635 τῷ
980 3536 1352 3637 συνεδρίῳ
1393 3536 1944 3637 λοιδοροῦντας
1984 3538 2332 3635 ζηαιοῦν.

1783 3665 2089 3795 (Lysias
2128 3695 2267 3769 pro
2273 3666 2533 3770 milite
2576 3610 2643 3767 ξ.
2686 3666 2799 3761 9.)

1538 3807 1714 3883 797.

459 3952 598 4043 Qui
638 3953 716 4031 in
755 3955 918 4056 ipso
958 3955 1311 4031 tribunali
1351 3956 1690 4031 convicia
1726 3956 2081 4050 fecerint,
2142 3957 2613 4033 mulctentur.

1533 4120 1710 4197 798.

463 4258 550 4333 Οἱ
607 4253 995 4360 γνώμονες
1051 4244 1404 4354 ζημιοῦσι
1458 4257 1602 4337 τὸν
1655 4258 2173 4366 ἐργαζόμενον
2226 4257 2321 4335 τὰ
2360 4265 2529 4359 περὶ
2566 4257 2701 4347 τὰς
2730 4264 3007 4359 μορίας

239 4386 506 4479 χωρία.
1511 4390 1818 4491 [Lysias
1857 4420 1997 4493 pro
2038 4416 2253 4467 sacra
2286 4392 2471 4466 olea.
2514 4386 2581 4490 ξ.
2624 4391 2793 4482 25.)

1531 4550 1710 4627 798.

457 4692 923 4795 Inspectores
958 4716 1127 4771 eum
1165 4694 1562 4792 mulctant,
1612 4696 1736 4797 qui
1781 4694 1946 4776 loca
1992 4696 2171 4779 colit
2206 4694 2434 4775 sacris
2473 4692 2655 4777 oleis
2692 4698 2996 4795 consi-ta.
