3725 5850
632 393 788 472 212
1731 415 1856 467 ms
1894 411 2317 466 Punnrcum.

1928 608 2105 684 840.

829 725 1187 809 ςΟπόταν
1243 719 1288 822 ἦ
1348 733 1428 822 ἐξ
1475 726 1789 828 Ἀρείου
1848 727 2105 833 πάγου
2158 728 2403 831 βουλὴ
2444 725 2895 808 ἀνελθοῦσα
2934 731 3041 820 εἰς
3078 725 3225 807 τὸν
3261 726 3413 805 πά-

629 887 781 965 γον
816 863 1387 964 συγκαθέζηται
1444 855 1704 952 φόνου
1763 851 1813 946 ἢ
1859 854 2293 956 τραύματος
2348 865 2441 934 ἐκ
2468 911 2475 924 -
2498 859 2864 958 προνοίας
2924 852 2973 950 ἢ
3028 857 3413 956 πυρκαϊᾶς

631 982 1120 1074 δικάσοντες,
1181 980 1646 1060 ἀποδίδοται
1704 979 1933 1086 λόγος
1990 987 2325 1083 ἑκατέρῳ
2380 983 2539 1061 τῶν
2585 986 3067 1083 κρινομένων
3105 991 3247 1059 καί
3285 988 3410 1058 λέ-

633 1138 907 1216 γουσιν
943 1118 1030 1188 ἐν
1063 1110 1174 1210 τῷ
1204 1115 1412 1209 μέρει
1451 1102 1496 1186 ὁ
1549 1113 1700 1207 μὲν
1755 1104 2060 1183 διώκων
2116 1101 2159 1184 o‘
2204 1106 2283 1185 δὲ
2320 1107 2677 1214 φεύγων,
2740 1105 2789 1202 ἢ
2826 1105 3149 1202 absol?
3186 1106 3409 1208 ῥήτο-

633 1266 766 1336 ρας
825 1233 1446 1336 ἀναβιβάζονται
1505 1231 1690 1320 τούς
1745 1232 2118 1332 ἐροῦντας
2173 1225 2369 1333 ὖπὲρ
2427 1231 2712 1312 αὐτῶν.
2814 1237 2908 1311 Οἱ
2967 1232 3037 1308 δ’
3100 1236 3253 1310 ἔστ’
3311 1229 3411 1309 ἂν

621 1365 774 1460 μὲν
810 1365 976 1458 περὶ
1011 1359 1156 1436 τοῦ
1195 1357 1635 1466 πράγματος
1673 1365 2029 1464 λέγωσιν,
2072 1356 2421 1456 ἀνέχεται
2465 1353 2506 1454 ἦ
2546 1358 2795 1460 βουλὴ
2834 1364 3031 1435 καθ’
3071 1353 3413 1458 ἡσυχίαν

635 1483 1042 1562 ἀκούουσα
1069 1515 1084 1528 ·
1125 1481 1222 1578 ἢν
1270 1482 1353 1560 δέ
1385 1517 1496 1571 τις
1536 1480 1582 1577 ἢ
1617 1490 1998 1583 φροίμιον
2034 1483 2208 1580 εἴπῃ
2248 1481 2391 1583 πρὸ
2430 1486 2580 1560 τοῦ
2616 1483 2891 1590 λόγου,
2934 1479 3036 1574 ὦς
3074 1483 3411 1562 εὐνουσ-

629 1617 888 1711 τέρους
943 1608 1456 1716 ἀπεργάσαιτο
1511 1607 1803 1696 αὐτούς
1829 1668 1848 1700 ,
1910 1605 1959 1702 ἢ
2015 1607 2289 1685 οἶκτον
2348 1605 2396 1700 ἢ
2434 1607 2787 1688 δείνωσιν
2827 1613 3121 1703 ἔξωθεν
3160 1609 3409 1716 ἐπάγῃ

628 1738 740 1838 τῷ
797 1735 1178 1844 πράγματι
1202 1795 1223 1827 ,
1295 1733 1709 1836 παρελθών
1777 1729 1820 1813 ὁ
1881 1735 2123 1837 κῆρυξ
2178 1735 2737 1812 κατασιωπάτω
2794 1733 3065 1840 εὐθυς
3092 1736 3199 1838 μὴ
3260 1737 3417 1814 ἐῶν

630 1869 887 1962 ληρεῖν
923 1861 1108 1962 πρὸς
1143 1859 1287 1954 τὴν
1321 1861 1624 1962 βουλὴν
1659 1869 1796 1938 καὶ
1837 1869 2301 1961 περιπέττειν
2332 1859 2423 1938 τὸ
2464 1862 2773 1968 πρᾶγμα
2813 1871 2899 1938 ἓν
2926 1873 3087 1950 τοῖς
3120 1861 3409 1968 λόγοις,

633 1982 734 2076 ὥς
769 1987 1028 2094 γυμνοὶ
1065 1987 1160 2064 τοὶ
1201 1995 1664 2093 γεγενημένα
1707 1992 1777 2064 οἳ
1825 1985 2375 2092 Ἀρεοπαγίται
2414 1991 2791 2088 βλέποιεν.

2116 2099 2467 2192 (Lucian.
2508 2099 2983 2179 Anacharsis,
3026 2101 3193 2192 19.)

850 2335 1096 2428 Quum
1133 2333 1514 2435 Areopagi
1568 2225 2421 2411 consiliumgfficendens
2476 2333 2555 2409 in
2620 2333 2889 2412 collem
2934 2334 3275 2412 considet
3311 2333 3406 2411 ad

619 2457 1108 2562 judicandum
1143 2483 1404 2536 causas
1439 2459 1688 2534 caedis
1723 2470 1852 2534 aut
1884 2458 2285 2534 voluntarii
2325 2459 2655 2534 vulneris
2692 2470 2822 2536 aut
2866 2458 3229 2556 incendii,
3289 2460 3397 2535 fa-

634 2583 870 2662 cultas
927 2583 1223 2662 dicendi
1284 2583 1504 2659 datur
1557 2582 2009 2681 litigantium
2066 2583 2396 2681 utrique,
2456 2594 2533 2658 et
2586 2583 2889 2660 alternis
2948 2583 3203 2660 dicunt
3248 2595 3405 2660 tum

635 2721 846 2806 actor
881 2721 1040 2788 tum
1077 2736 1288 2804 reus,
1347 2719 1478 2786 aut
1529 2710 1674 2810 ipsi
1713 2733 1848 2810 per
1901 2734 2021 2802 se,
2082 2720 2211 2784 aut
2266 2709 2648 2804 adductis,
2705 2711 2831 2809 qui
2869 2737 3005 2812 pro
3046 2735 3127 2786 se
3170 2710 3403 2788 verba

637 2837 954 2934 faciant,
1014 2835 1458 2914 oratoribus.
1531 2834 1632 2912 Hi
1671 2860 1895 2935 quam
1935 2835 2061 2910 diu
2100 2834 2189 2910 de
2229 2861 2309 2912 re
2343 2834 2509 2938 ipsa
2558 2835 2855 2932 dicunt,
2913 2838 3195 2937 patitur
3230 2861 3403 2914 con·-

633 2964 882 3039 silium
918 2972 996 3037 et
1039 2962 1245 3039 audit
1301 2962 1634 3053 silentio,
1691 2963 1754 3037 si
1811 2988 1990 3037 vero
2046 2961 2211 3061 quis
2266 2974 2397 3037 aut
2450 2964 2916 3062 prooemium
2970 2964 3171 3041 dicat
3226 2977 3397 3041 ante

627 3088 1088 3187 orationem,
1144 3099 1228 3165 ut
1266 3088 1917 3165 benevolentiores
1954 3086 2117 3165 illos
2167 3085 2467 3183 reddat,
2526 3098 2655 3166 aut
2689 3088 3253 3167 miserationem
3288 3091 3404 3165 vel

631 3213 1228 3315 indignationem
1267 3214 1728 3290 extrinsecus
1765 3212 2201 3289 arcessitam
2255 3213 2557 3290 inducat
2594 3240 2906 3310 causae,
2965 3224 3405 3316 progressus

631 3340 712 3416 in
764 3339 1092 3417 medium
1145 3364 1420 3439 praeco
1475 3338 1856 3413 silentium
1908 3339 2153 3413 statim
2208 3338 2563 3438 imponit,
2620 3365 2863 3439 neque
2920 3341 3203 3441 patitur
3251 3342 3401 3417 ine-

513 3560 518 3565 ·
635 3464 828 3567 ptias
883 3490 1108 3563 agere
1165 3463 1365 3565 apud
1409 3463 1705 3563 judices
1763 3473 1894 3539 aut
1948 3463 2288 3540 obtinere
2346 3490 2643 3540 causam
2707 3465 2992 3559 verbis,
3068 3477 3151 3541 ut
3208 3467 3405 3543 nuda

635 3615 826 3691 quae
865 3591 1067 3666 facta
1104 3600 1278 3665 sunt
1315 3588 1622 3663 videant
1663 3587 2185 3689 Areopagitae.

849 3881 1300 3973 Μαρτυρεῖν
1339 3875 1574 3965 ἔξεστι
1615 3854 2112 3971 δούλῳκατά
2152 3871 2294 3947 τοῦ
2334 3877 2749 3972 ἐλευθέρου
2786 3871 2927 3949 τὸν
2964 3874 3243 3971 φόνον.

1631 3984 2069 4085 (Antiphon
2108 3983 2200 4059 de
2240 3984 2465 4059 caede
2508 3985 2850 4061 Herodis.
2893 3980 2960 4085 ξ.
3003 3989 3189 4082 48.).

1936 4148 2114 4226 841.

851 4258 1108 4337 Liceat
1146 4284 1362 4335 servo
1401 4259 1492 4334 de
1531 4257 1760 4336 caede
1797 4256 2155 4333 adversus
2194 4258 2603 4356 ingenuum
2638 4260 2915 4336 testari.

1936 4420 2115 4496 842.

843 4541 988 4619 Ἐν
1024 4554 1186 4631 ταῖς
1223 4554 1589 4640 φονικαῖς
1629 4540 1883 4630 δίκαις
1920 4548 2041 4619 ἐπὶ
2088 4540 2516 4642 Παλλαδίῳ
2571 4548 2990 4643 τέμνοντας
3035 4542 3129 4619 τὰ
3178 4541 3401 4644 τόμια

636 4664 820 4760 τούς
859 4668 1240 4755 νικῶντας
1277 4668 1368 4767 τῇ
1407 4668 1648 4771 ψήφῳ
1685 4668 2224 4768 ἐξορκίζεσθαι
2281 4662 2575 4760 τάληθῆ
2633 4674 2768 4744 καί
2809 4665 2900 4745 τὰ
2944 4668 3211 4745 δίκαια
3252 4694 3401 4775 ψη·-

639 4802 1011 4895 φίζεσθαι
1067 4792 1665 4870 τῶνδικαστῶν
1723 4788 1893 4868 ὅσοι
1950 4789 2092 4884 τὴν
2160 4790 2434 4896 ψῆφον
2507 4786 2848 4898 ἤνεγκαν
2924 4787 3195 4896 αὐτῷ,
3267 4800 3401 4872 καὶ

637 4921 929 5026 ’ψεῦδος
955 4918 1198 5021 μηδὲν
1235 4924 1656 5023 εἰρηκέναι,
1715 4922 1790 4994 εἰ
1824 4918 1903 4995 δὲ
1932 4918 2085 5018 μή,
2142 4918 2371 5012 ἐξώλη
2428 4952 2506 4995 τε
2560 4918 2811 4999 αὐτὸν
2862 4920 3059 4999 εἶναι
3114 4922 3401 5023 ἐπαρᾶ-

641 5056 828 5127 σθαι
866 5052 1006 5127 καὶ
1043 5043 1187 5139 τήν
1228 5046 1498 5120 οἰκίαν
1535 5042 1669 5137 τὴν
1709 5037 1985 5125 αὑτοῦ.

1609 5155 1997 5254 (Aeschin.
2038 5156 2131 5235 de
2168 5158 2362 5235 male
2399 5170 2615 5257 gesta
2650 5158 2871 5259 legat.
2910 5154 2979 5261 ξ.
3018 5160 3189 5255 87.)
