3725 5850
693 414 846 490 114
1421 451 1429 458 ·
1789 439 1913 488 1th
1950 439 2371 494 PUBLICUM.

1992 630 2169 706 469.

897 777 1068 853 Duo
1107 787 1358 852 autem
1397 787 1570 850 sunt
1607 771 2081 874 Oschophori
2142 802 2233 851 ex
2273 802 2584 852 numero
2644 802 2941 872 eorum,
2999 774 3127 876 qui
3184 798 3463 872 genere

687 913 758 979 et
795 903 1063 1003 opibus
1102 909 1506 1002 praestant.
1992 1007 2151 1082 470

907 1157 1084 1235 Τοῖς
1121 1152 1446 1249 Σκίροις
1498 1143 1766 1252 ἆγῶνα
1802 1151 2317 1223 ἐπιτελεῖσθαι
2356 1145 2511 1222 τῶν
2548 1145 2860 1248 ἐφήβων
2898 1145 3191 1247 δρόμου
3216 1177 3229 1189 ·
3290 1150 3461 1244 τρέ-

673 1305 856 1371 χειν
900 1275 968 1350 δ’
991 1273 1279 1360 αὐτούς
1318 1277 1640 1370 ἔχοντας
1657 1269 2035 1388 θοῖμπέλου
2071 1271 2373 1348 κλάδον
2410 1271 2943 1373 κατάκαρπον,
2980 1271 3125 1349 τὸν
3160 1269 3463 1347 καλού-

674 1430 923 1499 μενον
961 1394 1242 1497 ὦσχον.
1326 1405 1696 1498 Τρέχουσι
1758 1397 1826 1472 δ’
1863 1405 1958 1474 ἐκ
2012 1398 2160 1474 τοῦ
2196 1399 2410 1494 ἱεροῦ
2442 1397 2593 1474 τοῦ
2630 1395 3018 1474 Διονύσου
3045 1403 3270 1498 μέχρι
3308 1395 3461 1471 τοῦ

683 1526 811 1618 τῆς
867 1523 1264 1626 Σκιράδος
1327 1520 1677 1615 Ἀθηνᾶς
1732 1522 1949 1622 ἱεροῦ
1968 1582 1988 1612 ,
2059 1528 2199 1597 καὶ
2257 1515 2301 1599 ὃ
2359 1521 2673 1614 νικήσας
2728 1520 3105 1625 λαμβάνει
3160 1521 3457 1598 κύλικα

683 1650 826 1742 τήν
881 1657 1295 1763 λεγομένην
1369 1647 1901 1736 πενταπλόαν,
1964 1655 2103 1723 καὶ
2159 1647 2495 1748 κωμάζει
2542 1645 2739 1747 μετὰ
2783 1648 3063 1748 χοροῦ.
3147 1653 3463 1730 Πεντα-

683 1775 881 1852 πλόα
922 1775 990 1850 δ’
1031 1769 1072 1868 ἦ
1114 1773 1343 1864 κύλιξ
1382 1779 1728 1849 καλεῖται
1754 1831 1774 1863 ,
1834 1779 2031 1848 καθ’
2083 1765 2275 1848 ὅσον
2313 1771 2535 1849 οἶνον
2573 1776 2727 1869 ἔχει
2768 1779 2905 1848 καὶ
2935 1777 3109 1872 μέλι
3146 1779 3281 1848 καί
3320 1803 3461 1847 τυ-

683 1899 823 2002 ρὸν
861 1907 998 1975 καί
1039 1893 1377 1995 ἄλφιτον
1414 1905 1549 1973 καὶ
1591 1903 1856 1974 ἐλαίου
1892 1896 2177 1998 βραχύ.
2281 1901 2753 1995 (Athenaeus
2774 1903 2905 1980 ΧΙ.
2926 1930 3000 2003 p.
3022 1903 3241 1996 496.)

1984 2063 2163 2138 470.

893 2207 1274 2286 Scirorum
1312 2210 1504 2286 festo
1541 2208 1660 2286 die
1697 2208 2175 2286 celebrantur
2210 2207 2406 2304 ludi,
2460 2208 2728 2308 quibus
2768 2234 2985 2288 cursu
3022 2218 3309 2286 certant
3334 2208 3463 2308 ju-

681 2359 912 2410 venes
933 2393 951 2430 ,
1007 2361 1296 2410 ramum
1333 2334 1504 2410 vitis
1541 2344 1927 2434 gestantes
1977 2334 2141 2409 uvis
2206 2345 2596 2429 onustum,
2654 2336 2780 2434 qui
2818 2333 3083 2410 oschus
3122 2343 3463 2410 vocatur.

682 2459 1014 2536 Currunt
1051 2471 1298 2536 autem
1338 2485 1378 2537 e
1417 2459 1692 2534 Bacchi
1749 2460 2025 2559 templo
2064 2485 2299 2559 nsque
2342 2460 2435 2535 ad
2472 2461 2835 2563 templum
2871 2459 3259 2535 Minervae
3300 2455 3463 2532 Sci-

679 2583 920 2682 radis;
973 2595 1051 2672 et
1088 2586 1328 2662 victor
1383 2584 1658 2688 accipit
1713 2584 2065 2676 calicem,
2128 2586 2253 2683 qui
2294 2586 2694 2686 pentaplus
2734 2584 3039 2678 dicitur,
3082 2603 3462 2660 'commes-

679 2721 1029 2810 saturque
1085 2736 1253 2785 cum
1296 2711 1664 2809 juvenum
1721 2721 1961 2786 coetu,
2048 2709 2468 2809 Pentaploa
2525 2721 2775 2786 autem
2830 2718 3142 2784 vocatur
3216 2706 3414 2782 calix
3436 2763 3459 2800 ‚

679 2837 1028 2937 quoniam
1085 2847 1162 2912 et
1215 2835 1474 2912 vinum
1528 2833 1865 2913 continet
1922 2846 1998 2910 et
2050 2835 2201 2909 mel
2255 2846 2329 2910 et
2386 2859 2687 2910 caseum
2746 2844 2819 2910 et
2855 2833 3173 2909 farinam
3210 2842 3285 2906 et
3320 2856 3463 2933 pa-

677 2990 839 3039 rum
877 2962 1046 3039 olei.

1984 3065 2129 3139 471
2143 3124 2159 3141 .

893 3210 1200 3304 Δεκοίτῃ
1259 3204 1832 3306 ,Πυανεψιῶνος
1899 3212 1986 3281 ἐν
2046 3198 2511 3302 ςΑλιμοῦντι
2588 3208 3070 3307 Θεσμοφόρια
3148 3199 3463 3309 ἄγεται·

681 3332 1053 3431 ἑνδεκάτῃ
1109 3331 1686 3433 Πυανεψιῶνος
1747 3325 2034 3417 ἄνοδος
2067 3355 2083 3373 ·
2160 3330 2550 3429 δωδεκάτῃ
2627 3338 2969 3424 νηστεία,
3021 3329 3461 3431 τριςκαιδε-

682 3458 878 3557 κάτῃ
921 3463 1442 3562 Καλλιγένεια.
1711 3459 1999 3553 (Schol.
2036 3462 2115 3535 in
2152 3460 2531 3563 Aristoph.
2576 3462 3033 3565 Thesmoph.
3074 3462 3238 3553 80.)

1987 3622 2164 3697 471.

892 3749 1203 3827 Decimo
1259 3748 1808 3849 Pyanepsionis
1847 3747 2449 3851 Thesmophoria
2506 3748 2979 3825 celebrantur
3035 3749 3234 3851 apud
3293 3744 3463 3822 Ali-

679 3877 994 3969 musiOS,
1053 3872 1446 3949 undecima
1503 3873 2049 3975 Pyanepsionis
2104 3898 2493 3967 ascenstw,
2565 3872 2999 3953 duodecima
3042 3872 3465 3977 jejunium,

682 4004 970 4081 decima
1006 4000 1226 4077 tertia
1263 3996 1701 4098 Calligenia.
1974 4107 2128 4182 472

896 4256 1087 4324 Κατ’
1127 4251 1294 4337 ἔτος
1330 4252 1574 4324 τελεῖν
1608 4246 1703 4322 τὰ
1745 4247 2252 4348 θεσμοφόρια.
2341 4253 2742 4350 Παρθένοι
2783 4245 2859 4323 δὲ
2908 4254 3273 4353 γυναῖκες
3308 4250 3463 4321 καὶ

680 4371 825 4451 τὸν
859 4378 1048 4475 βίον
1085 4379 1402 4478 σεμναὶ,
1460 4368 1663 4447 κατοῖ
1720 4371 1859 4467 τὴν
1913 4366 2196 4473 ἡμέραν
2233 4372 2362 4465 τῆς
2400 4374 2687 4465 τελετῆς
2724 4370 2862 4459 τοὶς
2901 4378 3276 4471 νομίμους
3313 4374 3465 4471 βί-

679 4503 920 4601 βλους
956 4503 1092 4575 καὶ
1132 4496 1332 4598 ἱερὰς
1369 4492 1560 4600 ὑπὲρ
1598 4498 1755 4575 τῶν
1791 4499 2172 4598 κορυφῶν
2210 4495 2474 4574 αὐτῶν
2521 4496 2967 4575 ἀνατιθέασι
2993 4556 3013 4588 ,
3071 4504 3204 4572 καὶ
3242 4486 3465 4571 ὦσα-

684 4632 796 4701 νεί
837 4622 1369 4702 λιτανεύουσαι
1411 4621 1872 4725 ἀπέρχονται
1914 4630 2020 4711 εἰς
2060 4622 2445 4700 Κωλιάδα.

2036 4754 2325 4849 (schol.
2362 4755 2440 4829 in
2480 4753 2855 4829 Theocrit.
2894 4751 3025 4851 IV,
3065 4754 3232 4845 25.)

1981 4916 2159 4991 472.

893 5036 1313 5135 Quotannis
1351 5035 1820 5145 celebrentur
1857 5038 2469 5141 Thesmophoria.
2545 5038 3039 5141 virginesque
3095 5041 3451 5119 mulieres

681 5174 756 5239 et
789 5164 1126 5263 integrae
1163 5166 1360 5241 vitae
1417 5166 1786 5267 capitibus
1841 5166 2239 5267 imponunt
2295 5166 2412 5243 die
2449 5167 2781 5266 mysterii
2821 5194 2957 5243 usu
2997 5178 3335 5267 receptos
3374 5180 3464 5245 et
