3725 5850
650 400 809 475 488
1398 421 2013 472 sommam-Amos
2055 419 2156 469 An
2201 416 2324 471 5⁷1.
2365 417 2492 471 574.
2535 420 2660 471 579.

652 642 814 708 nus,
852 615 984 691 sed
1025 625 1219 690 sorte
1264 612 1706 715 legebantur
1744 638 1835 688 ex
1874 610 2014 685 illis
2055 612 2180 709 qui
2217 638 2294 687 se
2336 624 2606 714 sponte
2647 612 3080 689 offerebant.
3121 608 3200 685 Si
3238 636 3414 707 ergo

652 740 814 839 quis
856 765 932 813 se
974 737 1067 813 ad
1108 765 1375 816 munus
1414 738 1673 814 arbitri
1714 734 2142 812 obeundum
2184 736 2490 833 obtulit,
2549 764 2703 815 non
2761 747 3051 841 poterat
3084 760 3414 811 recusare

650 864 1039 939 arbitrium
1060 920 1081 956 ,
1119 864 1320 964 quod
1356 863 1496 965 ipsi
1537 873 1735 938 sorte
1776 860 2188 957 obtigerat3
2244 860 2575 962 alioquin
2625 862 2939 964 quilibet
2975 857 3416 937 arbitrorum

652 1016 787 1090 pro
840 989 1057 1065 libitu
1113 992 1252 1067 sibi
1308 989 1695 1084 selegisset
1750 1012 2056 1081 causas,
2113 987 2308 1063 unde
2367 1016 2686 1090 magnae
2745 1000 3048 1067 exortae
3105 988 3416 1063 fuissent

650 1114 1160 1210 difficultates,
1200 1142 1340 1191 nec-
1378 1140 1530 1189 non
1569 1114 1966 1187 innumera
2003 1114 2318 1213 partium
2355 1113 2804 1216 litigantium
2841 1114 3136 1191 damna.

864 1242 1057 1319 Nam
1110 1240 1369 1319 arbitri
1426 1237 1704 1341 publici
1763 1262 1851 1312 eo
1901 1236 2214 1313 consilio
2253 1237 2547 1316 fuerant
2581 1239 3001 1333 constituti,
3064 1264 3159 1315 ne
3211 1237 3414 1313 dica-

566 1424 597 1445 κ
651 1367 875 1443 steria
930 1367 1089 1443 sine
1164 1362 1709 1441 intermissione
1766 1361 2262 1437 considerent.
2365 1357 2518 1448 Τὰς
2591 1360 2816 1448 δίκας
2888 1354 3420 1464 γυμνάζεσθαι

652 1488 954 1584 πρῶτον
986 1485 1185 1587 παρὰ
1232 1486 1645 1576 διαιτηταῖς
1683 1479 1827 1581 πρὸ
1869 1481 2009 1559 τοῦ
2045 1487 2427 1562 εἰσελθεῖν
2463 1490 2570 1573 εἰς
2607 1484 2695 1563 τὸ
2735 1482 3250 1583 δικαστήριον,
3289 1488 3422 1558 ἵνα

624 1610 751 1711 .μῆ
792 1614 1130 1710 συνεχῶς
1184 1617 1577 1705 καθίζωσι
1638 1608 2112 1709 δικαστήρια.
2189 1613 2479 1706 (Schol.
2534 1614 2920 1695 Demosth.
2985 1641 3047 1691 c.
3107 1612 3420 1690 Androt.

653 1741 831 1837 593,
871 1742 1035 1834 24.)
1824 1842 1976 1926 Aa
2041 1846 2226 1927 5⁷1

862 2009 1353 2086 Doctissimus
1390 2008 1709 2085 Meierus
1750 2008 2016 2083 falsam
2055 2034 2218 2084 esse
2259 2010 2437 2084 dicit
2475 2008 2912 2085 scholiastae
2951 2009 3420 2103 sententiam,

650 2162 816 2213 cum
855 2161 894 2211 e
934 2135 1259 2235 quadam
1298 2135 1781 2235 inscriptione
1823 2134 2152 2227 (Rossz
2213 2134 2385 2211 Die
2429 2136 2790 2212 Demen
2830 2164 3018 2213 von
3063 2134 3421 2228 Attika,
3531 2224 3538 2235 ,

653 2290 720 2363 p.
766 2261 908 2352 20)
966 2272 1329 2362 appareat
1386 2286 1583 2337 anno
1642 2271 1812 2337 ante
1873 2260 2255 2337 Christum
2312 2262 2591 2352 325-0,
2655 2261 3075 2363 olympiade
3129 2261 3308 2355 113,
3349 2262 3424 2351 4,

650 2385 949 2463 nonnisi
992 2385 1143 2459 104
1182 2386 1499 2463 arbitros
1540 2387 1785 2463 fuisse.
1860 2385 2062 2463 Hinc
2099 2397 2349 2464 tamen
2397 2387 2503 2463 nil
2541 2370 2738 2463 aliud
2778 2386 3138 2481 efficitur,
3199 2412 3426 2487 quam

653 2510 853 2611 quod
894 2536 983 2587 eo
1020 2536 1219 2587 anno
1270 2524 1567 2587 eentum
1607 2526 1677 2589 et
1735 2524 2050 2612 quatuor
2109 2512 2348 2589 solum
2405 2512 2703 2589 arbitris
2759 2511 2926 2589 lites
2983 2512 3424 2589 commissae

650 2638 944 2713 fuerint.
1040 2637 1439 2713 Praeterea
1492 2649 1823 2731 constat,
1900 2638 2029 2714 illa
2083 2649 2324 2715 aetate
2383 2639 2570 2715 duas
2627 2637 2956 2715 extitisse
3017 2637 3422 2731 factiones,

650 2787 961 2862 quarum
1016 2788 1167 2838 una
1226 2758 1629 2838 Alexandri
1689 2762 2014 2863 partium
2081 2774 2282 2857 erat,
2359 2762 2592 2840 altera
2648 2788 2827 2839 vero
2885 2790 3022 2865 pro
3079 2762 3422 2839 libertate

652 2887 1109 2965 Graecorum
1166 2898 1465 2965 strenue
1524 2888 1926 2967 nitebatur.
2023 2888 2356 2992 Utraque
2413 2900 2786 2967 commota
2839 2888 3422 2991 perturbataque

652 3013 831 3108 suit,
899 3039 1127 3112 quum
1184 3025 1512 3091 oratores
1569 3027 2133 3106 accusarentur,
2212 3015 2423 3093 donis
2481 3017 2578 3094 ab
2635 3016 2972 3117 Harpalo
3031 3025 3424 3117 corruptos

646 3136 917 3236 fuisse3
955 3137 1335 3238 turbisque
1378 3151 1531 3214 tota
1568 3140 1745 3218 urbs
1782 3139 2254 3242 implebatur.
2314 3142 2494 3242 (Hy
2521 3141 2730 3244 peri
2753 3140 2822 3218 d.
2864 3141 3084 3240 frag
3107 3165 3202 3216 m.
3248 3140 3424 3234 105,

656 3263 830 3355 106,
875 3263 1091 3356 111.)

864 3387 1061 3482 Quid
1100 3388 1365 3464 mirum
1401 3390 1631 3488 igitur
1653 3449 1671 3486 ,
1730 3390 2004 3468 multos
2061 3393 2264 3470 cives
2317 3392 2394 3468 in
2433 3391 2678 3470 medio
2717 3389 2985 3468 harum
3023 3389 3424 3468 discordia·

646 3539 813 3590 rum
837 3513 1220 3616 judicandi
1258 3540 1565 3591 munere
1605 3515 2049 3593 abstinuisse
2071 3517 2108 3594 ⁰?

864 3635 983 3716 Ad
1057 3639 1529 3716 refutandum
1596 3641 2112 3738 scholiastam,
2182 3640 2326 3718 hoc
2382 3664 2676 3742 quoque
2732 3641 2912 3717 dicit
2965 3639 3426 3718 clarissimus

648 3764 1009 3859 Meierus,
1078 3763 1395 3840 arbttros
1452 3791 1601 3840 non
1659 3766 1889 3842 fuisse
1945 3765 2406 3843 tributim
2469 3775 2670 3842 sorte
2725 3775 3058 3859 creatos,
3117 3762 3248 3842 sed
3307 3791 3418 3842 ex

648 3890 1159 3970 universis
1202 3889 2025 3990 Atheniensibus3
2063 3891 2265 3994 quod
2306 3903 2554 3970 tamen
2597 3891 3202 3992 minimeprob03
3239 3915 3420 3966 nam

648 4043 683 4090 s
706 4045 750 4092 o
772 4016 994 4092 rtiti
1018 4042 1061 4092 o
1113 4015 1682 4114 magistratuum
1719 4018 1950 4095 fiebat
1986 4018 2356 4114 tributim,
2415 4018 2562 4095 ele
2584 4018 2716 4093 cti
2743 4045 2786 4093 o
2843 4027 3093 4093 autem
3131 4041 3224 4092 ex
3258 4015 3421 4091 uni-

650 4141 887 4219 versis
928 4137 1527 4217 Atheniensibus.
1608 4141 1815 4234 (Vid.
1859 4137 1927 4243 §.
1970 4142 2115 4217 381
2136 4143 2390 4218 -385
2445 4143 2626 4218 item
2683 4167 2924 4218 meam
2965 4140 3422 4219 dissertatio·

648 4290 817 4340 nem
853 4264 930 4339 in
968 4264 1365 4341 Philolo
1386 4293 1439 4366 g
1462 4292 1505 4340 o
1546 4265 2029 4367 Gottingensi
2067 4267 2238 4362 XV,
2279 4296 2350 4370 p.
2392 4266 2613 4359 728.)

1824 4475 1979 4559 Ad
2017 4478 2247 4561 5⁷4.

865 4640 1128 4719 Pollux
1166 4643 1377 4737 VIII,
1428 4643 1612 4718 126:
1675 4639 1939 4716 Πάλαι
2001 4637 2330 4740 οὐδεμία
2391 4637 2572 4732 δίκη
2629 4647 2810 4739 πρὶν
2865 4647 2988 4718 ἐπὶ
3040 4636 3422 4729 διαιτητὰς

648 4767 1032 4840 εἰσελθεῖν
1068 4760 1425 4868 εἰσήγετο.
1486 4767 1725 4861 (Olim
1762 4768 1970 4846 nulla
1999 4771 2211 4861 acti0,
2254 4771 2396 4846 nisi
2435 4770 2636 4871 prius
2670 4769 2762 4846 ad
2797 4771 3118 4846 arbitros
3156 4791 3420 4870 perve-

650 4893 887 4984 niret,
937 4891 1613 4987 introducebatur.)

1824 4997 1976 5081 Ad
2017 5000 2248 5081 5⁷9.

864 5140 1113 5223 Schol.
1151 5141 1231 5218 in
1268 5145 1649 5226 Demosth.
1692 5145 1871 5226 Mid.
1915 5148 2090 5242 542,
2138 5149 2275 5230 15:
2313 5137 2531 5226 ’Έδει
2587 5140 2766 5243 τούς
2803 5140 2898 5228 τοὶ
2939 5141 3173 5226 κοινὰ
3217 5143 3411 5228 διοι-
