3725 5850
670 416 825 498 6Ῠο
1384 451 1387 458 ·
1624 443 2244 499 commswmmus
2278 441 2388 496 AD
2427 441 2584 496 139².

1825 687 1976 770 Ad
2016 685 2302 770 1³02.

882 855 1137 932 Isaeus
1177 856 1267 934 de
1308 857 1649 955 Hagniae
1688 856 1939 934 hered.
1981 853 2048 957 ξ.
2099 856 2234 930 16:
2291 856 2429 927 καὶ
2481 854 2554 928 οἱ
2613 849 2868 951 κύριοι
2927 880 3058 944 της
3103 841 3440 951 Ἀγνίου

653 972 941 1074 μητρὸς
983 969 1174 1068 ἦσαν
1214 975 1371 1054 οἷοί
1429 1011 1505 1054 τε
1564 977 1746 1079 πρὸς
1783 982 1911 1078 ἐμὲ
1952 975 2402 1059 ἀντιδικεῖν.
2481 980 2718 1076 Sane,
2760 990 3142 1058 curatores
3175 977 3434 1055 matris

663 1130 817 1182 non
853 1109 1276 1207 potuissent
1312 1133 1477 1184 cum
1517 1108 1767 1208 aliquo
1806 1108 1900 1186 de
1938 1107 2350 1186 hereditate
2401 1104 2527 1184 filii
2567 1104 3018 1202 contendere
3042 1161 3061 1197 ,
3118 1104 3178 1178 si
3217 1101 3439 1176 matri

660 1231 949 1308 nullum
973 1235 1100 1334 jus
1139 1233 1403 1310 fuisset
1442 1232 1536 1309 ad
1575 1233 1705 1310 filii
1745 1231 2252 1311 hereditatem.
2293 1233 2456 1310 Hoc
2495 1244 2749 1308 tamen
2774 1231 2904 1334 jus
2943 1227 3235 1304 nonnisi
3256 1236 3436 1301 tunc

660 1355 1027 1452 habebat,
1102 1360 1165 1434 si
1236 1358 1428 1433 filius
1484 1357 1653 1454 lege
1710 1357 2213 1458 praescriptos
2271 1356 2583 1434 heredes
2640 1380 2792 1432 non
2858 1353 3182 1432 haberet.
3260 1349 3441 1430 Ideo

658 1480 841 1558 dicit
876 1495 1169 1577 orator,
1228 1485 1485 1560 matris
1542 1508 1711 1558 cum
1768 1483 1922 1560 filio
1981 1485 2510 1582 cognationem
2568 1480 2900 1560 omnium
2956 1477 3439 1554 arctissimam

660 1633 820 1684 esse
844 1665 863 1702 ,
922 1634 1181 1688 verum
1221 1610 1297 1685 in
1335 1609 1695 1709 gradibus
1745 1611 2418 1709 consanguinitatis
2461 1636 2505 1685 a
2541 1609 2711 1708 lege
2752 1605 3169 1683 constitutis
3207 1606 3434 1702 (ergo

654 1733 733 1808 in
772 1731 1029 1813 ordine
1066 1736 1537 1830 hereditatis)
1596 1737 1810 1813 aliter
1847 1763 2004 1814 rem
2041 1761 2120 1812 se
2160 1736 2457 1814 habere.
2539 1736 2851 1830 Μητέρα
2890 1724 3085 1806 εἶναι
3125 1726 3274 1802 τοῦ
3310 1756 3436 1800 τε-

656 1854 1161 1948 λευτήσαντος
1198 1863 1803 1964 συγγενέστατον
1830 1859 1983 1956 μὲν
2019 1857 2113 1955 τῇ
2147 1855 2373 1955 φύσει
2420 1855 2773 1945 πάντων,
2833 1861 2919 1930 ἐν
2974 1851 3052 1929 δὲ
3090 1862 3253 1941 ταῖς
3287 1846 3439 1958 ἆγ-

646 1986 1023 2076 χιστείαις
1064 1976 1699 2089 ὁμολογουμένως
1738 1978 1893 2058 οὐκ
1935 1983 2142 2059 ἔστιν
2182 1981 2294 2086 (ξ.
2341 1984 2525 2078 17.).

871 2127 1117 2208 Etiam
1154 2154 1249 2205 ex
1288 2137 1731 2227 argumento
1771 2128 2130 2204 orationis
2186 2129 2378 2206 Isaei
2428 2127 2520 2204 de
2579 2125 2988 2204 Aristarchi
3025 2122 3440 2200 hereditate

656 2263 970 2346 constat,
1009 2263 1324 2330 matrem
1354 2254 1478 2354 jus
1516 2251 2006 2330 successionis
2045 2252 2440 2346 habuisse;
2497 2249 2971 2330 Aristarchus
3007 2252 3209 2327 enim
3247 2249 3437 2326 libe-

654 2403 903 2452 rorum
945 2389 1262 2479 quatuor
1300 2389 1528 2479 pater,
1570 2377 1970 2479 Oyronidis
2009 2387 2086 2452 et
2105 2375 2594 2454 Democharis
2632 2389 2708 2452 et
2743 2376 2996 2452 matris
3035 2377 3228 2454 hanc
3265 2400 3434 2451 ora-

655 2501 939 2578 tionem
974 2503 1323 2580 habentis
1362 2514 1439 2579 et
1477 2504 1665 2580 alius
1704 2503 2044 2606 puellae,
2104 2502 2348 2578 adhuc
2388 2503 2650 2580 vivens
2690 2500 3154 2604 Cyronidem
3187 2503 3265 2578 in
3305 2501 3432 2576 he·

655 2625 1045 2704 reditatem
1100 2629 1221 2704 avi
1280 2629 1596 2706 materni
1652 2628 2072 2705 Xenaeneti
2127 2626 2554 2728 adoptavit,
2618 2627 2940 2727 reliquos
2999 2651 3178 2705 vero
3240 2625 3438 2702 filios

654 2752 815 2854 ipse
855 2752 995 2828 sibi
1034 2752 1342 2830 heredes
1390 2753 1705 2854 reliquit.
1784 2753 2060 2830 Postea
2097 2751 2596 2830 Demochares
2655 2753 2816 2830 sine
2875 2752 3046 2832 filiis
3097 2761 3438 2830 mortuus

656 2889 811 2973 est,
869 2889 945 2955 et
980 2878 1135 2958 filia
1171 2881 1329 2982 ejus
1367 2879 1590 2957 unica
1628 2889 1701 2956 et
1736 2882 1902 2982 ipsa
1937 2905 2232 2983 quoque
2272 2881 2430 2957 sine
2472 2878 2763 2957 liberis:
2823 2880 3169 2957 universa
3204 2879 3438 2978 igitur

656 3003 1026 3083 hereditas
1090 3007 1363 3107 juste
1437 3008 1531 3083 in
1588 3018 1996 3084 matrem
2068 3005 2438 3085 recidit
2493 3008 2685 3083 hanc
2759 3006 3170 3083 orationem
3247 3006 3433 3081 reci-

652 3131 903 3209 tantis.

869 3256 1276 3357 Perperam
1333 3259 1560 3358 igitur
1616 3268 1926 3337 conatus
1967 3270 2081 3335 est
2118 3257 2326 3335 Gan
2349 3258 2552 3335 sius
2599 3257 2962 3359 probare,
3021 3256 3437 3333 successio-

653 3406 825 3457 nem
865 3382 1120 3457 matris
1158 3379 1407 3458 locum
1444 3409 1597 3458 non
1635 3383 2006 3460 habuisse.

868 3524 981 3602 Cf.
1021 3526 1081 3603 B
1104 3526 1277 3603 ach
1299 3525 1402 3602 of
1418 3554 1457 3603 e
1478 3553 1565 3602 n:
1624 3530 1779 3607 Das
1820 3528 2328 3605 Mutterrecht.
2387 3527 2574 3605 Eine
2616 3525 3206 3627 Untersuchung
3241 3526 3437 3603 fiber

652 3648 770 3724 die
812 3648 1424 3751 Gynaekokratie
1463 3652 1594 3729 der
1633 3653 1832 3729 alten
1871 3652 2053 3729 Zeit.
2111 3651 2426 3753 (Stuttg.
2473 3652 2744 3746 1861.)

870 3793 1117 3890 „Tota
1150 3798 1524 3873 successio
1563 3798 1705 3875 hac
1740 3796 2002 3877 tabula
2038 3802 2498 3876 continetur:

860 3938 918 4013 Ι.
977 3938 1309 4017 Vocatur
1345 3939 1582 4042 primo
1618 3941 1781 4017 loco
1821 3940 1914 4019 ad
1953 3941 2497 4021 successionem
2533 3941 2762 4042 ipsius
2793 3939 3126 4018 defuncti
3165 3938 3438 4041 stirps:

1084 4065 1153 4138 1.
1210 4065 1415 4161 Filii,
1516 4066 1541 4172 ζ

1079 4172 1147 4247 2·
1208 4174 1469 4270 Filiae,
1513 4172 1538 4276 s
1604 4132 1920 4223 nepotes
1960 4146 2051 4199 ex
2089 4118 2178 4198 iis
2219 4132 2844 4223 pronepotesque.

826 4312 923 4392 11.
980 4312 1206 4392 Pater
1264 4317 1534 4395 deinde
1592 4330 1668 4393 et
1724 4320 1853 4418 qui
1898 4302 2004 4402 et
2055 4318 2288 4419 stiwe
2346 4331 2660 4420 paterna
2715 4319 2865 4394 sint
2919 4315 2998 4392 in
3036 4315 3260 4394 domo
3301 4314 3436 4392 de-

991 4442 1265 4518 functi:

1083 4566 1147 4643 1.
1206 4568 1429 4645 Pater
1466 4569 1828 4671 primum,
1869 4568 2133 4647 deinde
2173 4595 2266 4647 ex
2305 4596 2392 4645 eo
2429 4572 2845 4671 procreati3

1078 4694 1149 4769 2.
1205 4689 1507 4771 Fratres
1546 4694 1930 4793 germani,
1969 4719 2376 4796 eorumque
2416 4694 2672 4790 liberi,
2712 4706 2786 4769 et

1077 4819 1146 4892 3.
1205 4818 1513 4895 Sorores
1548 4844 1947 4917 germanae
1990 4844 2389 4919 earumque
2427 4816 2662 4895 liberi.

1306 4942 1465 5021 Hos
1525 4948 1906 5047 excipiunt
1962 4948 2084 5047 qui
2135 4946 2226 5022 ab
2268 4971 2410 5023 avo
2446 4946 2568 5023 vel
2605 4945 2775 5023 avia
2811 4944 3105 5021 oriundi
3145 4945 3315 5022 sint.

1076 5068 1144 5144 4.
1205 5066 1652 5145 consobrini
1694 5096 1783 5148 ex
1822 5072 2056 5171 iisque
2095 5072 2306 5148 liberi
2346 5084 2422 5148 et

1079 5196 1146 5270 5.
1206 5192 1713 5273 consobrinae
1752 5222 2147 5298 earumque
2186 5198 2419 5276 liberi.
