3725 5850
1472 438 1573 488 mi
1608 434 1890 488 sanvls.
2900 409 3056 485 377

1569 626 1794 703 1464.

500 765 863 865 Βόθρους
916 765 995 842 δὲ
1050 772 1191 842 καὶ
1249 764 1585 865 τάφρους
1641 764 1785 843 τὸν
1837 766 2328 866 βουλόμενον
2391 764 2784 865 ὀρύσσειν,
2865 760 3056 841 ὅσον

294 890 638 994 ἐμβάλλει
679 890 936 993 βάθος
976 890 1091 968 δεῖ
1126 890 1607 988 ἀφίστασθαι
1638 892 1896 991 μῆκος
1931 892 2406 992 τάλλοτρίου.
2481 896 2637 967 Καὶ
2668 888 3056 991 μελισσῶν

299 1018 531 1119 σμήνη
570 1016 1157 1117 καθιστάμενον
1195 1015 1511 1116 ἀπέχειν
1546 1018 1703 1095 τῶν
1750 1010 1894 1113 ὑφ’
1935 1024 2188 1117 ἑτέρου
2227 1018 2598 1117 πρότερον
2635 1016 3057 1117 ἱδρυμένων

296 1144 523 1237 πόδας
560 1149 1073 1245 τριακοσίους.
1448 1149 1866 1245 (Plutarch.
1907 1148 2055 1227 Sol.
2096 1149 2218 1227 23.
2278 1149 2438 1229 Lex
2479 1146 2841 1241 SoloniS.)

1562 1314 1599 1387 1
1614 1313 1791 1389 464.

499 1473 819 1552 Serobes
859 1484 933 1550 et
970 1474 1214 1550 fossae
1255 1484 1502 1549 autem
1537 1476 1645 1550 ita
1678 1474 2184 1571 demittantur,
2227 1486 2309 1551 ut
2345 1484 2625 1576 quanta
2661 1475 2756 1551 sit
2798 1496 3054 1547 earum

290 1599 641 1695 altitudo,
697 1610 988 1677 tantum
1048 1600 1144 1677 ab
1202 1599 1444 1676 alieno
1500 1600 1796 1678 distent.
1873 1603 1970 1679 Et
2020 1602 2143 1704 qui
2183 1602 2434 1679 alveos
2471 1601 2723 1702 apium
2759 1594 3049 1692 condit,

289 1726 354 1801 is
390 1752 433 1801 a
467 1726 673 1825 prius
711 1725 1088 1803 collocatis
1127 1726 1426 1802 alterius
1465 1725 1696 1827 pedes
1736 1738 2104 1805 trecentos
2143 1726 2496 1804 discedat.

1553 1887 1777 1965 1465.

490 2023 687 2101 Ἐάν
737 2056 847 2115 τις
904 2028 1276 2127 αἱμασίαν
1334 2035 1507 2127 παρ’
1564 2023 1948 2128 ἀλλοτρίῳ
1992 2033 2261 2128 χωρίῳ
2322 2024 2615 2132 ὀρύγῃ,
2674 2022 2816 2103 τὸν
2863 2022 3053 2125 ὅρον

280 2148 388 2249 μή
430 2154 973 2251 παραβαίνειν·
1035 2150 1174 2229 ε’·ἀν
1224 2159 1559 2250 τειχίον,
1616 2152 1814 2231 πόδα
1874 2150 2362 2241 ἀπολείπειν·
2419 2152 2560 2231 ε’·ἀν
2599 2152 2674 2229 δὲ
2719 2154 3050 2253 οἴκημα,

293 2274 431 2352 δύο
468 2276 705 2365 πόδας
729 2301 746 2318 ·
804 2274 943 2357 ἐὰν
980 2276 1059 2354 δὲ
1098 2284 1381 2379 φρέαρ,
1440 2276 1785 2383 ὀργυιὰν.

857 2407 1134 2509 (Gajus
1171 2410 1255 2486 L.
1296 2409 1427 2487 IV.
1467 2409 1560 2485 ad
1596 2411 1741 2507 leg.
1782 2410 1953 2488 XII.
1995 2409 2220 2487 tabul.
2282 2410 2442 2488 Lex
2482 2408 2840 2499 Solonis.)

1548 2572 1587 2647 1
1602 2572 1779 2650 465.

500 2710 579 2789 Si
616 2716 781 2810 quis
820 2740 1077 2817 sepem
1112 2716 1206 2792 ad
1265 2717 1591 2793 alienum
1649 2716 2038 2817 praedium
2091 2717 2380 2793 fodiens
2421 2718 2686 2812 ducat,
2743 2718 3056 2794 limitem

288 2846 381 2895 ne
420 2822 801 2919 excedit03
856 2825 915 2899 si
956 2850 1289 2919 murum,
1349 2825 1561 2926 pedis
1602 2825 1859 2920 uniu8,
1917 2826 1978 2901 si
2021 2825 2361 2920 domum,
2403 2824 2716 2902 duorum
2753 2825 3050 2930 pedum,

290 2949 349 3024 si
389 2959 733 3049 puteum,
790 2975 1065 3054 orgyae
1104 2951 1579 3030 intervallum
1614 2950 2029 3054 relinquito,

1452 3287 1892 3394 Tuifwty'·

1224 3438 1523 3534 ῙΙερὶ
1620 3431 2124 3513 δούλων.

1660 3597 1674 3609 Α
1693 3598 1794 3610 “ονὶν

1478 3709 1724 3788 Sectio
1791 3710 1860 3786 3.

1330 3856 1400 3931 D
1442 3881 1481 3930 e
1574 3883 1609 3930 s
1648 3882 1687 3930 e
1727 3883 1765 3932 r
1799 3883 1849 3931 v
1887 3856 1910 3929 i
1947 3881 2002 3930 S.

1554 4051 1781 4130 1466.

506 4176 683 4258 Τοῖς
723 4171 1029 4260 δούλοις
1066 4181 1341 4264 ἐξεῖναι
1402 4173 1725 4262 ἑαυτούς
1779 4174 2334 4273 ἐλευθερῶσαι,
2395 4171 2770 4279 ἀργύριον
2805 4207 3054 4272 κατα-

287 4295 671 4395 βαλόντας
710 4298 817 4397 τῷ
843 4291 1199 4396 ’δεσπότῃ
1528 4297 1535 4312 ’
1770 4305 1956 4397 (Dio
1995 4303 2377 4404 chrysost.
2418 4331 2634 4381 serm.
2679 4306 2843 4401 15.)

1564 4466 1791 4542 1466.

484 4588 713 4676 ‚Servi
758 4591 887 4692 jus
942 4591 1273 4670 habeant
1324 4592 1819 4672 vindicandae
1888 4594 2254 4672 libertatis
2310 4579 2700 4674 numerata
2757 4597 3058 4676 domino

289 4717 623 4817 pecunia.

1564 4828 1600 4901 1
1618 4827 1789 4902 467.

503 4947 597 5022 Οἱ
635 4945 971 5051 φυγάδες
1010 4950 1169 5024 τῶν
1204 4950 1511 5026 δούλων
1546 4955 1939 5042 στίζονται
1979 4948 2068 5025 τὸ
2099 4957 2500 5048 μέτωπον,
2561 4947 2609 5026 ὅ
2646 4959 2852 5028 ἐστιν
2889 4960 3055 5028 ἐπι-

292 5070 759 5176 γράφονται·
822 5070 1157 5176 »κάτεχέ
1178 5105 1317 5174 με·
1380 5075 1715 5181 φεύγιο“.

973 5202 1261 5295 (Schol.
1300 5203 1381 5279 in
1420 5201 1765 5282 Aeschin.
1806 5204 1898 5282 de
1941 5205 2132 5283 male
2171 5217 2365 5309 gest.
2401 5205 2625 5307 legat.
2669 5205 2844 5303 79.)
