3725 5850
1145 420 1762 479 counnu'rmus
1805 422 1909 475 Ao
1948 423 2075 479 901.
2114 426 2239 479 904.
2941 403 3091 479 531

521 611 746 691 Anno
800 615 899 688 17
905 643 984 691 -o
1041 616 1222 692 belli
1277 616 1891 717 peloponnesiaci
1930 615 2427 695 Athenienses
2484 617 2741 694 tributi
2779 618 2949 695 loco
2984 619 3093 693 vi-

297 735 666 832 gesimam
720 741 1070 817 mercium
1129 741 1316 817 mari
1373 743 1943 842 importatarum
1999 745 2299 844 populis
2354 743 2663 843 imperio
2722 769 2859 819 suo
2918 744 3094 821 sub-

287 860 522 958 jectis
577 863 1088 965 imperabant,
1146 876 1229 943 ut
1285 866 1463 943 dicit
1500 866 1983 968 Thucydides
2024 867 2235 961 (VII.
2278 869 2462 960 28):
2528 862 2689 955 Τὴν
2724 862 3095 957 εἰκοστήν

295 981 464 1059 τῶν
515 983 718 1061 κατὰ
789 984 1194 1065 θάλασσαν
1250 984 1424 1063 ἀντὶ
1481 986 1624 1063 τοῦ
1693 986 1948 1087 φόρου
2012 1000 2171 1077 τοῖς
2238 982 2617 1081 ὑπηκόοις
2690 993 3083 1085 ἐποίησαν.

298 1109 650 1212 Contigit
684 1114 826 1191 hoc
863 1115 1334 1219 Olympiadis
1373 1116 1601 1191 91-ae
1639 1140 1836 1191 anno
1878 1120 2031 1193 4-0.

518 1238 946 1316 Boeckhius
983 1240 1200 1317 docet
1240 1241 1562 1335 (Oecon.
1605 1241 1809 1342 publ.
1851 1241 2117 1321 Athen.
2178 1246 2237 1337 Ι,
2278 1274 2346 1347 p.
2386 1246 2589 1338 433)
2650 1246 3089 1343 vigesimam

293 1362 496 1439 hanc
529 1390 684 1439 non
719 1367 798 1441 in
839 1366 1192 1459 Piraeeo,
1247 1367 1380 1444 sed
1437 1370 1516 1444 in
1571 1368 1943 1445 sociorum
1982 1372 2196 1447 terris
2238 1399 2281 1446 a
2320 1372 2916 1472 redemptoribus
2958 1398 3087 1449 ex-

295 1498 546 1563 actam
586 1515 770 1565 esse.

520 1615 1014 1691 Nihilominus
1050 1616 1394 1693 nonnulli
1431 1606 1766 1705 ὖπηκόοι
1826 1644 2050 1721 porro
2111 1646 2405 1721 quoque
2444 1621 2811 1697 tributum
2844 1620 3087 1699 solve-

296 1740 528 1836 bant;
583 1763 757 1816 nam
795 1740 1221 1842 Xenophon
1279 1741 1460 1817 dicit
1517 1743 1757 1837 (Hell.
1800 1746 1856 1839 Ι,
1900 1744 1972 1837 3,
2013 1745 2143 1836 9):
2200 1734 2603 1819 ὑποτελεῖν
2650 1739 2794 1820 τὸν
2832 1738 3087 1841 φόρον

294 1860 904 1953 Χαλκηδονίους
949 1860 1412 1955 Ἀθηναίοις
1463 1861 1792 1967 ὅσονπερ
1832 1864 2258 1957 εἰώθεσαν,
2298 1876 2436 1946 καὶ
2474 1867 2567 1944 τοὶ
2612 1865 3082 1965 ὀφειλόμενα

287 1985 654 2087 χρήματα
691 1984 1155 2067 ἀποδοῦναι.

519 2117 687 2195 Hoc
723 2115 1102 2195 decretum
1143 2119 1343 2196 cadit
1377 2119 1456 2194 in
1497 2116 1795 2221 Olymp.
1838 2122 1963 2215 92,
2004 2122 2074 2195 4.

517 2242 974 2320 Indictiones
1029 2254 1278 2319 autem
1333 2244 1786 2320 tributorum
1838 2244 1961 2337 (αἱ
1998 2239 2245 2333 τάξεις
2283 2243 2426 2319 τοῦ
2466 2242 2767 2343 φόρου)
2826 2248 3084 2348 quinto

295 2368 636 2467 quolibet
673 2395 872 2444 anno
932 2363 1072 2460 (δι’
1112 2367 1329 2453 ἔτους
1368 2370 1752 2464 πέμπτου)
1813 2374 2138 2465 fiebant,
2197 2384 2279 2447 ut
2334 2373 2513 2448 dicit
2550 2374 2971 2471 Xenophon
3008 2373 3085 2447 in

297 2490 874 2568 Atheniensium
911 2493 1302 2593 republica
1338 2496 1470 2587 ΙΙΙ,
1515 2498 1582 2568 5.

1483 2702 1637 2787 Ad
1678 2707 1909 2789 004.

516 2870 736 2964 Quod
784 2870 1575 2972 pentacosiomedimni
1625 2870 2031 2967 talentum,
2091 2875 2377 2972 equites
2417 2870 2969 2949 semitalentum
3005 2885 3081 2950 et

293 2997 408 3071 sic
443 3021 668 3096 porro
707 2997 1244 3072 contribuerint
1267 3055 1284 3090 ,
1322 2996 1398 3070 id
1437 2997 1844 3072 absurdum
1900 3022 2061 3072 esse
2120 2997 2663 3074 demonstravit
2702 2997 3080 3073 Bockhius

295 3123 378 3195 in
417 3121 697 3198 Oecon.
737 3121 938 3222 publ.
983 3122 1248 3200 Athen.
1288 3121 1378 3197 T.
1419 3124 1476 3200 I.
1517 3148 1588 3222 p.
1634 3123 1788 3196 645
1811 3121 2080 3198 --689.

518 3267 608 3342 In
647 3264 942 3341 duobus
977 3277 1230 3342 tamen
1269 3291 1420 3344 non
1458 3265 1652 3341 idem
1691 3267 1935 3342 sentio
1976 3292 2143 3342 cum
2185 3265 2613 3342 doctissimo
2652 3267 2834 3344 viro.

517 3389 768 3465 Primo
816 3389 992 3466 dicit
1037 3393 1474 3491 jugatorum
1529 3401 1983 3492 proventum
2039 3393 2425 3468 minimum
2484 3417 2635 3467 non
2673 3393 2903 3468 fuisse
2942 3391 3075 3466 du-

297 3525 684 3590 centarum
719 3517 852 3591 sed
892 3516 1356 3591 solummodo
1398 3528 1698 3591 centum
1735 3517 2275 3617 quinquaginta
2312 3541 2863 3606 mensurarum,
2906 3518 3080 3617 quia

297 3667 340 3716 e
397 3642 584 3741 legis
641 3641 1103 3742 praescripto
1161 3643 2011 3742 pentacosiomedimnus
2080 3643 2567 3742 quingentaS,
2646 3667 2873 3741 eques
2929 3655 3075 3717 tre-

295 3776 596 3860 centas,
641 3767 950 3866 jugator
1008 3775 1308 3840 centum
1358 3765 1902 3866 quinquaginta
1939 3767 2329 3842 drachmas
2370 3767 2697 3843 debebat
2740 3766 2930 3843 dotis
2967 3769 3075 3841 in-

295 3904 454 3968 star
489 3889 666 3966 dare
713 3889 1004 3965 feminis
1041 3889 1442 3966 heredibus
1470 3892 1706 3966 infimi
1728 3891 2031 3967 ordinis,
2073 3893 2183 3984 (D
2209 3919 2343 3967 em
2365 3921 2408 3967 o
2430 3919 2465 3968 s
2487 3893 2607 3967 th.
2648 3892 2761 3967 ad
2782 3919 2851 3968 v.
2892 3893 2970 3969 M
2990 3918 3066 3967 a·

295 4027 530 4091 cart.
576 4013 846 4106 1068.)
887 4013 1080 4091 Cum
1117 4016 1366 4115 itaque
1407 4017 2194 4117 pentacosiomedimni
2237 4029 2313 4092 et
2348 4017 2631 4118 equites
2669 4028 2781 4092 tot
2812 4015 3073 4093 drach-

292 4167 456 4215 mas
495 4139 874 4235 dederint,
935 4151 1120 4239 quot
1166 4167 1590 4232 mensuraS,
1651 4168 1799 4240 qua
1836 4154 2284 4243 proventum
2322 4144 2735 4238 minimum,
2772 4142 3073 4240 collige-

292 4278 501 4355 rent,
559 4291 714 4341 non
771 4264 1062 4341 dubitat
1116 4267 1562 4342 clarissimus
1615 4267 1730 4342 vir
1751 4324 1770 4360 ,
1836 4269 2015 4366 quin
2062 4270 2501 4368 jugatorum
2555 4293 2847 4368 quoque
2903 4295 3073 4368 pro-

290 4401 561 4466 ventus
597 4391 946 4467 minimus
984 4392 1830 4492 centumquinquaginta
1871 4419 2255 4472 mensuras
2294 4395 2645 4470 effecerit.

510 4514 627 4593 Ad
665 4515 850 4591 haec
883 4517 1351 4618 respondeo,
1410 4517 1608 4594 aliud
1646 4519 1873 4620 plane
1913 4518 2221 4594 subesse
2278 4519 2451 4594 huic
2507 4519 2677 4618 legi.
2755 4515 3072 4620 Sapiens

291 4643 578 4720 scilicet
614 4640 1000 4741 legislator
1037 4669 1330 4720 omnem
1369 4645 1586 4719 unius
1625 4644 1802 4719 anni
1859 4643 2245 4720 minimum
2296 4656 2745 4745 proventum
2779 4672 2825 4722 a
2848 4646 3068 4744 juga-

292 4767 580 4843 toribus
617 4766 695 4840 in
734 4764 982 4842 dotem
1040 4767 1372 4868 impendi
1430 4766 1638 4845 nullo
1695 4769 1919 4846 modo
1976 4770 2319 4864 volebat,
2376 4771 2551 4871 quia
2604 4796 2774 4846 cum
2824 4769 3073 4844 multis

293 4894 596 4969 filiabus
631 4891 1098 4968 hereditariis
1134 4892 1371 4968 infimi
1410 4895 1690 4971 ordinis
1731 4907 1945 4970 erant
1966 4895 2262 4970 vinculo
2302 4897 2771 4994 cognationis
2797 4895 3073 4994 juncti3

293 5045 390 5094 ne
428 5018 657 5116 igitur
693 5045 830 5118 per
866 5017 1160 5094 crebras
1201 5017 1464 5094 harum
1515 5019 1970 5096 elocationes
2012 5047 2364 5118 magnam
2404 5023 2509 5097 rei
2546 5018 2925 5096 familiaris
2956 5020 3071 5120 ja-

294 5153 580 5220 cturam
629 5153 1106 5243 paterentur,
1167 5169 1317 5218 non
1373 5144 1818 5221 tenebantur
1876 5171 2173 5220 omnem
2231 5149 2405 5222 anni
2461 5149 2843 5224 minimum
2899 5171 3068 5247 pro-

2520 5267 2651 5333 34⁴}
