3725 5850
686 425 964 479 novun
1001 424 1477 481 ARcHoN'rEs.
1521 436 1587 451 -
1625 418 2177 477 MAo1sTaA1-us
2212 422 2571 479 Pon1'r1c1.
2912 398 3015 473 57

1547 600 1598 689 ἲ
1653 615 1722 688 4.

319 742 328 749 ’
463 743 558 817 02
596 744 1070 837 θεσμοθέται
1105 611 1652 837 ἐὰὲψελοῦνταιι
1685 737 1824 809 καὶ
1861 734 1991 828 τῆς
2030 730 2486 834 εὐκοσμίας,
2526 738 2665 811 καὶ
2705 733 3013 837 νύκτωρ

281 864 658 969 περιιόντες
683 862 1074 943 ’σκοποῦσι
1102 860 1214 964 μή
1250 890 1450 949 τινες
1486 854 1829 965 ἁρπαγαὶ
1867 864 2311 966 γίγνωνται.

1295 988 1587 1087 (Schol.
1623 990 1704 1065 in
1739 990 2127 1068 Demosth.
2164 988 2343 1069 Mid.
2384 990 2564 1087 525,
2598 990 2795 1084 28.)

1543 1153 1721 1230 214.

459 1283 1040 1361 Thesmothetae
1079 1284 1305 1360 etiam
1337 1277 1746 1356 modestiae
1785 1303 2035 1356 curam
2080 1292 2397 1377 gerunt,
2460 1291 2535 1357 et
2587 1291 2814 1359 noctu
2869 1282 3011 1357 cir-

277 1420 683 1487 cumeuntes
719 1408 1154 1511 invigilant,
1191 1432 1288 1485 ne
1328 1405 1890 1484 committantur
1918 1416 2196 1509 raptus.

1544 1566 1728 1643 214.

465 1690 670 1782 Τοὺς
731 1698 1207 1794 θεσμοθέτας
1263 1696 1458 1767 καθ’
1521 1690 1862 1767 ’ἕκαστον
1915 1687 2275 1766 ἐνιαυτὸν
2323 1687 2709 1793 διορθοῦν
2764 1696 2851 1767 ἐν
2903 1692 3019 1793 τῷ

279 1816 465 1920 δήμῳ
519 1817 710 1908 τούς
763 1816 1095 1917 νόμους,
1165 1814 1506 1918 ἀκριβῶς
1559 1812 2100 1909 ἐξετάσαντας,
2156 1822 2295 1892 καὶ
2351 1822 2891 1919 σκεψαμένους
2947 1816 3026 1892 εἴ

271 1975 362 2030 τις
395 1940 966 2049 ἀναγέγραπται
1019 1940 1256 2042 νόμος
1311 1943 1664 2029 ἐναντίος
1719 1945 1947 2043 ἑτέρῳ
2004 1938 2222 2043 νόμῳ
2281 1936 2327 2033 ἢ
2378 1934 2669 2041 ἄκυρος
2725 1949 2812 2019 ἐν
2857 1952 3017 2030 τοῖς

270 2072 544 2168 κυρίοις
566 2126 589 2161 ,
648 2064 698 2161 ἢ
732 2069 810 2145 εἴ
840 2066 992 2145 πού
1049 2072 1196 2145 εἰσι
1256 2064 1488 2169 νόμοι
1544 2070 1850 2155 πλείους
1908 2064 2081 2157 ἐνὸς
2137 2057 2801 2173 ἀναγεγραμμένοι
2850 2072 3017 2167 περὶ

271 2191 568 2285 ἑκάστης
625 2192 954 2300 πράξεως
975 2219 992 2237 ·
1048 2186 1216 2271 κόἶν
1269 2225 1344 2272 τι
1401 2192 1767 2289 τοιοῦτον
1822 2184 2285 2295 εὑρίσκωσιν
2306 2249 2328 2283 ,
2388 2186 3019 2297 ἀναγεγραφότας

266 2324 338 2395 ἐν
368 2322 676 2397 σανίσιν
710 2324 1108 2398 ἐκτιθέναι
1147 2320 1498 2421 πρόσθεν
1534 2320 1689 2396 τῶν
1723 2317 2170 2420 ἐπωνύμων.

674 2446 1064 2543 (Aeschin.
1101 2450 1180 2527 in
1215 2448 1683 2553 ctesiphont.
1722 2445 1791 2550 ξ.
1836 2448 2175 2527 38-39,
2214 2446 2377 2525 Lex
2414 2444 2801 2538 Solonis).

1547 2608 1724 2683 215.

456 2732 1040 2812 Thesmothetae
1097 2736 1304 2834 leges
1361 2734 1761 2836 quotannis
1813 2733 1897 2810 in
1951 2733 2236 2835 populo
2293 2732 2711 2835 corrigant,
2788 2758 3019 2833 quum

263 2856 648 2956 diligenter
681 2856 1244 2961 inquisiverint,
1282 2871 1358 2937 et
1395 2858 1911 2954 considerent,
1946 2871 2198 2938 utrum
2235 2859 2357 2939 lex
2394 2858 2611 2937 alteri
2646 2856 2796 2959 legi
2838 2882 3016 2934 con-

263 2983 468 3060 traria
503 2981 882 3081 obtineat,
938 2999 1068 3065 aut
1125 2987 1337 3066 irrita
1387 2987 1584 3065 inter
1637 2999 1835 3066 ratas
1855 3043 1874 3081 ,
1933 2997 2063 3063 aut
2116 2983 2355 3064 sicubi
2398 2987 2571 3088 plus
2608 3007 2832 3086 quam
2868 3008 3020 3060 una

260 3107 343 3183 sit
374 3105 470 3185 de
505 3107 847 3209 qualibet
884 3134 962 3188 re
1001 3110 1440 3214 perscripta·
1515 3111 1735 3206 Quod
1791 3112 1854 3190 si
1908 3107 2091 3212 quid
2136 3109 2561 3212 hujusmodi
2598 3108 3015 3212 deprehen-

261 3230 490 3310 derint
510 3291 530 3328 ,
591 3260 719 3313 eas
773 3239 854 3314 in
907 3239 1186 3318 tabulis
1239 3239 1620 3344 decriptas
1673 3267 1814 3342 pro
1870 3241 2133 3320 decem
2187 3239 2497 3322 heroum
2542 3240 2807 3320 statuis
2844 3264 3014 3341 pro-

261 3372 548 3457 ponant.

1427 3557 1858 3661 Τμῆμαβ·

1013 3699 1440 3804 Ἀρχαὶ
1532 3709 2230 3781 πολιτικαί.

1440 3959 1688 4038 Sectio
1751 3960 1820 4036 2.

1068 4101 1719 4202 Magistratus
1771 4102 2203 4206 politici.

1547 4280 1724 4358 216.

455 4403 558 4477 Οἱ
617 4401 1165 4500 νομοφύλακες
1229 4407 1624 4505 στροφίοις
1682 4409 1993 4490 λευκοῖς
2046 4401 2440 4503 χρῶνται,
2516 4409 2657 4480 καί
2711 4411 2799 4482 ἐν
2850 4414 3019 4491 ταῖς

262 4527 456 4613 θέαις
493 4530 624 4603 ἐπὶ
667 4527 984 4629 θρόνων
1037 4526 1432 4622 κάθηνται
1487 4535 1662 4604 κατ’
1711 4525 2047 4677 ἀντικρύι
2104 4527 2263 4606 τῶν
2316 4534 2535 4608 ἐννέα
2574 4527 3017 4630 ἀρχόντων·

261 4653 380 4724 καὶ
415 4651 517 4749 τῇ
559 4651 920 4730 Παλλάδι
955 4654 1100 4746 τήν
1139 4653 1455 4755 πομπὴν
1511 4655 1939 4755 κοσμοῦσι,
1999 4649 2125 4732 ὅτε
2163 4659 2564 4804 κομίζεται
2602 4653 2691 4734 τό
2728 4651 3022 4750 ξόανον

258 4778 363 4849 ἐπὶ
394 4774 550 4867 τὴν
593 4775 1040 4856 θάλασσαν·
1099 4778 1635 4888 ἀναγκάζουσι
1691 4781 1770 4860 δὲ
1826 4787 1965 4858 καὶ
2015 4779 2152 4870 τάς
2201 4777 2445 4881 ἀρχάς
2470 4781 2821 4883 χρῆσθαι
2856 4790 3018 4866 τοῖς

260 4895 552 4998 νόμοις·
631 4909 772 4980 καὶ
825 4911 912 4984 εν
965 4915 1130 4996 ταῖς
1185 4912 1625 5002 ἐκκλησίαις
1681 4905 2074 5000 κάθηνται
2122 4904 2319 5006 μετά
2378 4937 2535 4986 των
2584 4905 3013 5012 προέδρων,

262 5025 678 5116 κωλύοντες
737 5033 1150 5130 ψηφίζειν,
1211 5034 1289 5112 εἴ
1315 5065 1390 5112 τι
1427 5030 1889 5135 παράνομον
1925 5029 2193 5122 αυτοῖς
2230 5031 2609 5125 Bogewv'
2562 5068 2603 5127 η
2645 5033 3015 5135 ἀσύμφο-

262 5180 380 5250 ρον
414 5151 509 5254 τῇ
551 5151 789 5236 πόλει.
1388 5161 1736 5258 (Suidasz
1795 5162 1869 5236 οἱ
1910 5158 2453 5260 νομοφύλακες
2492 5166 2692 5250 τίνες
2710 5162 2801 5258 ,·).
