3725 5850
665 454 764 537 52
1763 482 1903 543 ms
1925 484 2355 543 mmmcms,

1961 674 2134 753 195.

874 803 986 878 Ne
1027 800 1188 899 quis
1227 798 1725 877 invalidorum
1759 803 1839 878 in
1878 828 2151 879 novem
2189 802 2581 881 archontes
2619 816 2824 883 sorte
2863 804 3206 906 eligatur.

789 1104 796 1111 ’
877 1084 969 1159 Οἱ
1024 1086 1244 1159 ἐννέα
1301 1075 1674 1178 ἄρχοντες
1693 1140 1715 1173 ,
1763 1078 1961 1181 μετὰ
2018 1081 2107 1160 το“
2170 1081 2449 1161 δοῦναι
2505 1082 2639 1175 τὰς
2694 1082 3041 1174 εὐθύνας
3096 1082 3217 1162 ἀεὶ
3272 1096 3438 1174 τοῖς

647 1204 1234 1312 Ἀρεοπαγίταις
1272 1212 1839 1308 προστίθενται.
1960 1320 2109 1395 196
2372 1214 2683 1309 (Pollux
2722 1214 2932 1311 VIII,
2978 1215 3219 1309 118.).

871 1448 1167 1524 Novem
1223 1446 1619 1523 archontes
1673 1444 2089 1530 rationibus
2144 1447 2397 1525 relatis
2450 1473 2745 1550 semper
2782 1448 3267 1552 Areopagitis
3304 1448 3432 1525 ad-

660 1571 952 1649 duntur.

1958 1678 1992 1753 1
2008 1677 2132 1755 9¹⁷.

857 1794 980 1877 ‘H
1002 1802 1158 1876 τῶν
1195 1808 1412 1878 ἐννέα
1451 1798 1859 1902 ἀρχόντων
1896 1797 2091 1901 ἀρχὴ
2133 1808 2715 1904 στεφανηφόρος
2752 1808 2932 1901 ἐστι’.

1976 1930 2366 2023 (Aeschin.
2406 1958 2467 2007 c.
2510 1916 2880 2008 Timarch.
2920 1926 3215 2032 §.19.).

1962 2090 2135 2165 197.

869 2215 1163 2295 Novem
1201 2216 1646 2295 archontum
1681 2215 2158 2313 magistratus
2194 2240 2545 2293 coronam
2580 2228 2849 2315 gestat.

1954 2376 2131 2451 198.

855 2497 958 2579 ‘0
985 2504 1136 2599 μὲν
1173 2498 1546 2589 Βασιλεύς
1600 2497 1945 2591 κάθηται
2002 2494 2205 2597 παρὰ
2260 2499 2373 2599 τῷ
2422 2503 2885 2599 καλουμένῳ
2925 2500 3385 2600 Bova-oasim
3410 2525 3428 2543 ·

652 2622 742 2705 τὸ
783 2626 851 2704 δ’
880 2632 1038 2706 ἐστὶ
1077 2630 1401 2717 πλησίον
1435 2626 1585 2703 τοῦ
1619 2630 2121 2725 Πρυτανείου
2144 2652 2161 2670 ·
2203 2618 2248 2701 ὅ
2292 2622 2370 2701 δὲ
2409 2630 2921 2727 Πολέμαρχος
2957 2632 3044 2703 ἐν
3078 2629 3427 2726 Λυκείῳ,

655 2759 796 2831 καὶ
846 2748 894 2829 ὅ
933 2747 1259 2855 ’Ἄρχων
1313 2748 1516 2851 παρὰ
1566 2748 1754 2840 τούς
1798 2747 2307 2849 Ἐπωνύμους
2330 2808 2350 2840 ,
2409 2754 2483 2828 οἱ
2548 2756 3021 2851 Θεσμοθέται
3076 2748 3279 2853 παρὰ
3336 2747 3427 2828 τὸ

663 2884 1205 2982 esopo-aemon
1948 2987 2102 3066 198
2180 2943 2187 2953 .
2385 2913 2392 2920 ·
2473 2880 2822 2976 (Suidasz
2860 2870 3213 2978 ἅρχων.)

865 3117 1031 3196 Rex
1066 3115 1280 3195 sedet
1315 3115 1414 3195 ad
1448 3113 1898 3211 Bucoleum‚
1954 3116 2062 3192 ita
2114 3114 2433 3212 dictum,
2493 3115 2697 3218 quod
2734 3128 2848 3195 est
2882 3143 3117 3220 prope
3154 3117 3424 3220 Pryta-

650 3267 912 3342 neum;
967 3242 1498 3322 Polemarchus
1551 3240 1630 3318 in
1678 3239 1973 3344 Lyceo;
2030 3240 2335 3322 Archon
2376 3241 2595 3340 juxta
2652 3241 3130 3344 Eponymos3
3184 3239 3425 3318 Thes-

650 3369 1024 3448 mothetae
1067 3368 1164 3447 ad
1204 3365 1875 3446 Thesmothesium.

1949 3510 2125 3588 199.

870 3637 964 3712 Οἳ
1000 3638 1219 3714 ἐννέα
1257 3627 1630 3738 ἄρχοντες
1668 3629 2062 3710 ἑστιῶνται
2098 3637 2186 3708 ἐν
2219 3629 2312 3730 τῇ
2374 3631 2607 3734 στοᾷ,
2667 3633 3315 3738 πᾳριφραξάμενοί
3350 3665 3428 3711 τι

640 3764 870 3864 μέρος
905 3757 1141 3852 αὐτῆς
1175 3754 1490 3859 αὐλαίᾳ.
1950 3869 2102 3945 199
2441 3761 2751 3856 (Pollux
2788 3762 2923 3858 IV,
2965 3763 3204 3857 122.)

860 3996 1156 4075 Novem
1196 3997 1594 4076 archontes
1631 3997 2037 4100 epulantur
2060 3979 2152 4072 'in
2188 4005 2389 4090 stoa,
2458 4007 2753 4098 partem
2801 3997 2962 4098 ejus
3000 3997 3262 4076 aulaeo
3300 4021 3428 4076 oc·

649 4117 1054 4200 cludentes.

1944 4225 2123 4306 200.

848 4345 954 4429 ‘O
985 4345 1316 4454 ’Ἄρχων
1355 4351 1742 4444 διατίθησι
1781 4355 1933 4452 μὲν
1988 4348 2361 4429 Διονύσια
2418 4355 2558 4428 καὶ
2602 4347 2987 4458 Θαργήλια
3028 4349 3226 4454 μετὰ
3260 4349 3427 4432 τῶν

645 4474 1132 4576 ἐπιμελητῶν.
1219 4473 1734 4579 Ἐπιμελεῒται
1789 4473 1871 4554 δὲ
1926 4481 2067 4553 καὶ
2121 4474 2281 4555 τῶν
2330 4475 2740 4584 γυναικῶν
2759 4535 2784 4570 ,
2862 4477 2956 4555 αἳ
3005 4473 3065 4554 δι’
3064 4507 3114 4557 ν
3166 4477 3427 4576 φῶσιν

646 4595 780 4675 ἀπ’
817 4596 1100 4704 ἀνδρὸς
1137 4602 1483 4698 τελευτῆς
1517 4601 1764 4682 κύειν.
1843 4608 2001 4679 Καὶ
2054 4599 2240 4690 τούς
2307 4601 2583 4690 οἴκους
2641 4599 3016 4701 ἐκμισθοῖ
3062 4603 3224 4681 τῶν
3282 4601 3422 4704 ὀρ-

644 4727 940 4823 φανῶν.
995 4721 1220 4806 ’Ἐστι
1258 4727 1336 4806 δὲ
1375 4727 1771 4832 ἐπώνυμος
1809 4717 2043 4818 οὗτος
2059 4787 2084 4822 ,
2142 4733 2281 4806 καὶ
2320 4725 2451 4804 ἀπ’
2490 4725 2737 4808 αὐτοῦ
2777 4723 2822 4809 ὃ
2848 4727 3155 4830 χρόνος·
3176 4727 3419 4831 ἀριθ-

637 4863 919 4951 μεῖται.
1938 4965 2097 5041 200
2407 4855 2720 4953 (Pollux
2758 4857 2968 4956 VIII,
3006 4858 3202 4953 893.

860 5087 1162 5170 Archon
1199 5091 1581 5196 (praetor)
1617 5089 1856 5192 Orgia
1889 5090 2225 5195 disponit
2260 5102 2337 5168 et
2371 5091 2781 5194 Thargelia
2834 5107 3007 5170 cum
3042 5093 3195 5171 suis
3237 5121 3415 5197 pro-

645 5215 1146 5294 curatoribus..
1201 5215 1477 5296 Ouram
1538 5244 1833 5318 quoque
1888 5218 2087 5316 gerit
2138 5218 2584 5314 mulierum,
2660 5243 2849 5317 quae
2905 5245 2949 5294 a
3003 5217 3141 5295 viri
3202 5219 3415 5298 obitu
