<?xml version="1.0" encoding="UTF-8"?>
<!DOCTYPE html PUBLIC "-//W3C//DTD XHTML 1.0 Transitional//EN"
    "http://www.w3.org/TR/xhtml1/DTD/xhtml1-transitional.dtd">
<html xmlns="http://www.w3.org/1999/xhtml" xml:lang="en" lang="en">
 <head>
  <title>
</title>
<meta http-equiv="Content-Type" content="text/html;charset=utf-8" />
  <meta name='ocr-system' content='tesseract 3.04.00' />
  <meta name='ocr-capabilities' content='ocr_page ocr_carea ocr_par ocr_line ocrx_word'/>
</head>
<body>
  <div class='ocr_page' id='page_1' title='image "./synaggtnattiknn01tlgoog_0533.png"; bbox 0 0 3725 5850; ppageno 0'>
   <div class='ocr_carea' id='block_1_1' title="bbox 1108 466 3038 548">
    <p class='ocr_par' dir='ltr' id='par_1_1' title="bbox 1108 466 3038 548">
     <span class='ocr_line' id='line_1_1' title="bbox 1108 466 3038 548; baseline -0.001 -3"><span class='ocrx_word' id='word_1_1' title='bbox 1108 493 1723 545; x_wconf 70' lang='lat' dir='ltr'><strong>comm-Amos</strong></span> <span class='ocrx_word' id='word_1_2' title='bbox 1762 495 1870 545; x_wconf 75' lang='lat' dir='ltr'><strong>,m</strong></span> <span class='ocrx_word' id='word_1_3' title='bbox 1909 491 2036 548; x_wconf 74' lang='lat' dir='ltr'><strong>see.</strong></span> <span class='ocrx_word' id='word_1_4' title='bbox 2071 494 2202 547; x_wconf 75' lang='lat' dir='ltr'><strong>eas.</strong></span> <span class='ocrx_word' id='word_1_5' title='bbox 2389 528 2394 531; x_wconf 88' lang='lat'>-</span> <span class='ocrx_word' id='word_1_6' title='bbox 2883 466 3038 543; x_wconf 68' lang='lat'><strong>50³7</strong></span> 
     </span>
    </p>
   </div>
   <div class='ocr_carea' id='block_1_2' title="bbox 262 676 3036 1546">
    <p class='ocr_par' dir='ltr' id='par_1_2' title="bbox 262 676 3036 1297">
     <span class='ocr_line' id='line_1_2' title="bbox 266 676 3034 785; baseline 0.001 -32"><span class='ocrx_word' id='word_1_7' title='bbox 266 678 426 756; x_wconf 75' lang='grc' dir='ltr'><strong>τῶν</strong></span> <span class='ocrx_word' id='word_1_8' title='bbox 463 679 1037 783; x_wconf 75' lang='grc' dir='ltr'><em>δικαζομένων,</em></span> <span class='ocrx_word' id='word_1_9' title='bbox 1095 687 1237 757; x_wconf 83' lang='grc' dir='ltr'><strong>καὶ</strong></span> <span class='ocrx_word' id='word_1_10' title='bbox 1289 688 1894 785; x_wconf 78' lang='grc' dir='ltr'><strong><em>κατεσημαίνετο</em></strong></span> <span class='ocrx_word' id='word_1_11' title='bbox 1955 676 2000 761; x_wconf 79' lang='grc' dir='ltr'>ὅ</span> <span class='ocrx_word' id='word_1_12' title='bbox 2060 691 2362 781; x_wconf 77' lang='grc' dir='ltr'><strong><em>ἐχῖνος,</em></strong></span> <span class='ocrx_word' id='word_1_13' title='bbox 2418 686 2550 759; x_wconf 78' lang='grc' dir='ltr'><strong><em>ἵνα</em></strong></span> <span class='ocrx_word' id='word_1_14' title='bbox 2577 680 2840 781; x_wconf 79' lang='grc' dir='ltr'><strong><em>μηδεὶς</em></strong></span> <span class='ocrx_word' id='word_1_15' title='bbox 2873 712 3034 757; x_wconf 82' lang='grc' dir='ltr'><strong><em>κα·-</em></strong></span> 
     </span>
     <span class='ocr_line' id='line_1_3' title="bbox 265 803 3036 913; baseline 0.003 -35"><span class='ocrx_word' id='word_1_16' title='bbox 265 804 655 911; x_wconf 78' lang='grc' dir='ltr'><strong><em>κουργὴσῃ</em></strong></span> <span class='ocrx_word' id='word_1_17' title='bbox 684 804 883 908; x_wconf 75' lang='grc' dir='ltr'><strong><em>μετά</em></strong></span> <span class='ocrx_word' id='word_1_18' title='bbox 924 804 1015 885; x_wconf 86' lang='grc' dir='ltr'><strong>τὸ</strong></span> <span class='ocrx_word' id='word_1_19' title='bbox 1056 803 1257 899; x_wconf 74' lang='grc' dir='ltr'><strong><em>ἅπαξ</em></strong></span> <span class='ocrx_word' id='word_1_20' title='bbox 1295 807 1841 909; x_wconf 75' lang='grc' dir='ltr'><strong><em>ἐμβάλλεσθαι.</em></strong></span> <span class='ocrx_word' id='word_1_21' title='bbox 1917 812 2294 908; x_wconf 85' lang='lat' dir='ltr'><strong>(Echinus</strong></span> <span class='ocrx_word' id='word_1_22' title='bbox 2331 824 2492 891; x_wconf 87' lang='lat' dir='ltr'><strong>erat</strong></span> <span class='ocrx_word' id='word_1_23' title='bbox 2527 836 2754 913; x_wconf 89' lang='lat' dir='ltr'><strong>capsa</strong></span> <span class='ocrx_word' id='word_1_24' title='bbox 2789 836 3036 903; x_wconf 73' lang='lat' dir='ltr'><strong>aerea,</strong></span> 
     </span>
     <span class='ocr_line' id='line_1_4' title="bbox 262 935 3036 1042; baseline 0.001 -32"><span class='ocrx_word' id='word_1_25' title='bbox 262 938 341 1011; x_wconf 91' lang='lat' dir='ltr'><strong>in</strong></span> <span class='ocrx_word' id='word_1_26' title='bbox 382 961 605 1037; x_wconf 89' lang='lat' dir='ltr'><strong>quam</strong></span> <span class='ocrx_word' id='word_1_27' title='bbox 660 939 1085 1017; x_wconf 88' lang='lat' dir='ltr'><strong>testimonia</strong></span> <span class='ocrx_word' id='word_1_28' title='bbox 1138 952 1213 1016; x_wconf 88' lang='lat' dir='ltr'><strong>et</strong></span> <span class='ocrx_word' id='word_1_29' title='bbox 1260 941 1581 1041; x_wconf 76' lang='lat' dir='ltr'><strong>scriptae</strong></span> <span class='ocrx_word' id='word_1_30' title='bbox 1626 943 2200 1042; x_wconf 85' lang='lat' dir='ltr'><strong>provocationes</strong></span> <span class='ocrx_word' id='word_1_31' title='bbox 2252 939 2772 1042; x_wconf 72' lang='lat' dir='ltr'><strong>injiciebantur</strong></span> <span class='ocrx_word' id='word_1_32' title='bbox 2807 964 2854 1013; x_wconf 90' lang='lat' dir='ltr'><strong>a</strong></span> <span class='ocrx_word' id='word_1_33' title='bbox 2887 935 3036 1013; x_wconf 84' lang='lat' dir='ltr'><strong>liti-</strong></span> 
     </span>
     <span class='ocr_line' id='line_1_5' title="bbox 266 1064 3029 1170; baseline -0.001 -29"><span class='ocrx_word' id='word_1_34' title='bbox 266 1067 660 1163; x_wconf 86' lang='lat' dir='ltr'><strong>gantibus,</strong></span> <span class='ocrx_word' id='word_1_35' title='bbox 703 1068 1381 1169; x_wconf 88' lang='lat' dir='ltr'><strong>obsignabaturque</strong></span> <span class='ocrx_word' id='word_1_36' title='bbox 1423 1068 1761 1165; x_wconf 87' lang='lat' dir='ltr'><strong>echinus,</strong></span> <span class='ocrx_word' id='word_1_37' title='bbox 1800 1094 1898 1146; x_wconf 90' lang='lat' dir='ltr'><strong>ne</strong></span> <span class='ocrx_word' id='word_1_38' title='bbox 1935 1071 2328 1170; x_wconf 88' lang='lat' dir='ltr'><strong>quisquam</strong></span> <span class='ocrx_word' id='word_1_39' title='bbox 2363 1064 2878 1147; x_wconf 83' lang='lat' dir='ltr'><strong>fraudulentus</strong></span> <span class='ocrx_word' id='word_1_40' title='bbox 2917 1087 3029 1139; x_wconf 86' lang='lat' dir='ltr'><strong>es·</strong></span> 
     </span>
     <span class='ocr_line' id='line_1_6' title="bbox 263 1194 1460 1297; baseline 0.003 -31"><span class='ocrx_word' id='word_1_41' title='bbox 263 1203 379 1267; x_wconf 90' lang='lat' dir='ltr'><strong>set</strong></span> <span class='ocrx_word' id='word_1_42' title='bbox 403 1252 420 1287; x_wconf 90' lang='lat'>‚</span> <span class='ocrx_word' id='word_1_43' title='bbox 478 1205 646 1293; x_wconf 88' lang='lat' dir='ltr'><strong>post</strong></span> <span class='ocrx_word' id='word_1_44' title='bbox 678 1195 885 1271; x_wconf 91' lang='lat' dir='ltr'><strong>illam</strong></span> <span class='ocrx_word' id='word_1_45' title='bbox 919 1194 1460 1297; x_wconf 86' lang='lat' dir='ltr'><strong>injectionem.)</strong></span> 
     </span>
    </p>

    <p class='ocr_par' dir='ltr' id='par_1_3' title="bbox 262 1311 3033 1546">
     <span class='ocr_line' id='line_1_7' title="bbox 482 1311 3033 1421; baseline -0.002 -28"><span class='ocrx_word' id='word_1_46' title='bbox 482 1318 709 1396; x_wconf 84' lang='lat' dir='ltr'><strong>Teste</strong></span> <span class='ocrx_word' id='word_1_47' title='bbox 766 1319 1073 1397; x_wconf 88' lang='lat' dir='ltr'><strong>Nicolao</strong></span> <span class='ocrx_word' id='word_1_48' title='bbox 1119 1320 1586 1397; x_wconf 88' lang='lat' dir='ltr'><strong>Damascene</strong></span> <span class='ocrx_word' id='word_1_49' title='bbox 1645 1322 2047 1421; x_wconf 83' lang='lat' dir='ltr'><strong>(fragm.</strong></span> <span class='ocrx_word' id='word_1_50' title='bbox 2089 1321 2286 1417; x_wconf 83' lang='lat'>129)</span> <span class='ocrx_word' id='word_1_51' title='bbox 2342 1319 2557 1421; x_wconf 89' lang='lat' dir='ltr'><strong>Lycii</strong></span> <span class='ocrx_word' id='word_1_52' title='bbox 2612 1311 3033 1393; x_wconf 88' lang='lat' dir='ltr'><strong>testimonia</strong></span> 
     </span>
     <span class='ocr_line' id='line_1_8' title="bbox 262 1442 2730 1546; baseline 0.001 -31"><span class='ocrx_word' id='word_1_53' title='bbox 262 1442 339 1517; x_wconf 92' lang='lat' dir='ltr'><strong>in</strong></span> <span class='ocrx_word' id='word_1_54' title='bbox 382 1445 625 1521; x_wconf 87' lang='lat' dir='ltr'><strong>causis</strong></span> <span class='ocrx_word' id='word_1_55' title='bbox 664 1472 816 1521; x_wconf 90' lang='lat' dir='ltr'><strong>non</strong></span> <span class='ocrx_word' id='word_1_56' title='bbox 852 1445 1193 1545; x_wconf 84' lang='lat' dir='ltr'><strong>protinus</strong></span> <span class='ocrx_word' id='word_1_57' title='bbox 1224 1444 1603 1535; x_wconf 82' lang='lat' dir='ltr'><strong>ferebant,</strong></span> <span class='ocrx_word' id='word_1_58' title='bbox 1662 1446 1794 1523; x_wconf 89' lang='lat' dir='ltr'><strong>sed</strong></span> <span class='ocrx_word' id='word_1_59' title='bbox 1832 1457 2003 1546; x_wconf 87' lang='lat' dir='ltr'><strong>post</strong></span> <span class='ocrx_word' id='word_1_60' title='bbox 2037 1472 2372 1525; x_wconf 89' lang='lat' dir='ltr'><strong>mensem</strong></span> <span class='ocrx_word' id='word_1_61' title='bbox 2409 1445 2730 1523; x_wconf 88' lang='lat' dir='ltr'><strong>demum.</strong></span> 
     </span>
    </p>
   </div>
   <div class='ocr_carea' id='block_1_3' title="bbox 1440 1654 1861 1741">
    <p class='ocr_par' dir='ltr' id='par_1_4' title="bbox 1440 1654 1861 1741">
     <span class='ocr_line' id='line_1_9' title="bbox 1440 1654 1861 1741; baseline 0.01 -4"><span class='ocrx_word' id='word_1_62' title='bbox 1440 1654 1591 1737; x_wconf 71' lang='lat' dir='ltr'><strong>Aa</strong></span> <span class='ocrx_word' id='word_1_63' title='bbox 1630 1658 1861 1741; x_wconf 72' lang='grc'><strong>898.</strong></span> 
     </span>
    </p>
   </div>
   <div class='ocr_carea' id='block_1_4' title="bbox 263 1816 3026 2051">
    <p class='ocr_par' dir='ltr' id='par_1_5' title="bbox 263 1816 3026 2051">
     <span class='ocr_line' id='line_1_10' title="bbox 484 1816 3026 1927; baseline -0.002 -28"><span class='ocrx_word' id='word_1_64' title='bbox 484 1822 749 1926; x_wconf 90' lang='lat' dir='ltr'><strong>Harp</strong></span> <span class='ocrx_word' id='word_1_65' title='bbox 773 1851 815 1898; x_wconf 94' lang='lat' dir='ltr'><strong>o</strong></span> <span class='ocrx_word' id='word_1_66' title='bbox 842 1825 1156 1901; x_wconf 86' lang='lat' dir='ltr'><strong>cratio</strong></span> <span class='ocrx_word' id='word_1_67' title='bbox 1210 1826 1289 1900; x_wconf 89' lang='lat' dir='ltr'><strong>in</strong></span> <span class='ocrx_word' id='word_1_68' title='bbox 1343 1817 1751 1907; x_wconf 85' lang='grc' dir='ltr'><strong><em>Βάσανος.·</em></strong></span> <span class='ocrx_word' id='word_1_69' title='bbox 1806 1823 2229 1927; x_wconf 84' lang='lat' dir='ltr'><strong>Hyperides</strong></span> <span class='ocrx_word' id='word_1_70' title='bbox 2266 1816 2664 1922; x_wconf 82' lang='grc' dir='ltr'><strong><em>βασάνους</em></strong></span> <span class='ocrx_word' id='word_1_71' title='bbox 2700 1818 3026 1922; x_wconf 91' lang='lat' dir='ltr'><strong>appella-</strong></span> 
     </span>
     <span class='ocr_line' id='line_1_11' title="bbox 263 1944 3018 2051; baseline -0 -31"><span class='ocrx_word' id='word_1_72' title='bbox 263 1946 370 2020; x_wconf 90' lang='lat' dir='ltr'><strong>vit</strong></span> <span class='ocrx_word' id='word_1_73' title='bbox 428 1948 939 2026; x_wconf 87' lang='lat' dir='ltr'><strong>confessiones</strong></span> <span class='ocrx_word' id='word_1_74' title='bbox 994 1974 1289 2025; x_wconf 90' lang='lat' dir='ltr'><strong>reorum</strong></span> <span class='ocrx_word' id='word_1_75' title='bbox 1344 1950 1731 2027; x_wconf 88' lang='lat' dir='ltr'><strong>tormentis</strong></span> <span class='ocrx_word' id='word_1_76' title='bbox 1807 1976 2196 2051; x_wconf 85' lang='lat' dir='ltr'><strong>expressas</strong></span> <span class='ocrx_word' id='word_1_77' title='bbox 2251 1959 2328 2025; x_wconf 90' lang='lat' dir='ltr'><strong>et</strong></span> <span class='ocrx_word' id='word_1_78' title='bbox 2374 1950 2453 2024; x_wconf 92' lang='lat' dir='ltr'><strong>in</strong></span> <span class='ocrx_word' id='word_1_79' title='bbox 2506 1944 2796 2025; x_wconf 88' lang='lat' dir='ltr'><strong>tabellis</strong></span> <span class='ocrx_word' id='word_1_80' title='bbox 2851 1968 3018 2047; x_wconf 89' lang='lat' dir='ltr'><strong>per-</strong></span> 
     </span>
    </p>
   </div>
   <div class='ocr_carea' id='block_1_5' title="bbox 262 2072 1866 2262">
    <p class='ocr_par' dir='ltr' id='par_1_6' title="bbox 262 2072 1866 2262">
     <span class='ocr_line' id='line_1_12' title="bbox 262 2072 1443 2173; baseline 0.008 -27"><span class='ocrx_word' id='word_1_81' title='bbox 262 2072 605 2173; x_wconf 77' lang='lat' dir='ltr'><strong>scriptas·</strong></span> <span class='ocrx_word' id='word_1_82' title='bbox 1434 2138 1443 2147; x_wconf 83' lang='lat'><strong>.</strong></span> 
     </span>
     <span class='ocr_line' id='line_1_13' title="bbox 1442 2176 1866 2262; baseline 0.002 -2"><span class='ocrx_word' id='word_1_83' title='bbox 1442 2176 1593 2260; x_wconf 73' lang='lat' dir='ltr'><strong>Ad</strong></span> <span class='ocrx_word' id='word_1_84' title='bbox 1632 2178 1866 2262; x_wconf 71' lang='grc'><strong>699.</strong></span> 
     </span>
    </p>
   </div>
   <div class='ocr_carea' id='block_1_6' title="bbox 258 2341 3036 5334">
    <p class='ocr_par' dir='ltr' id='par_1_7' title="bbox 258 2341 3036 4200">
     <span class='ocr_line' id='line_1_14' title="bbox 479 2341 3032 2448; baseline 0 -32"><span class='ocrx_word' id='word_1_85' title='bbox 479 2341 866 2419; x_wconf 86' lang='lat' dir='ltr'><strong>Formular</strong></span> <span class='ocrx_word' id='word_1_86' title='bbox 920 2342 1471 2443; x_wconf 87' lang='lat' dir='ltr'><strong>provocationis</strong></span> <span class='ocrx_word' id='word_1_87' title='bbox 1525 2343 1795 2444; x_wconf 84' lang='lat' dir='ltr'><strong>legitur</strong></span> <span class='ocrx_word' id='word_1_88' title='bbox 1858 2344 2060 2448; x_wconf 87' lang='lat' dir='ltr'><strong>apud</strong></span> <span class='ocrx_word' id='word_1_89' title='bbox 2114 2346 2693 2423; x_wconf 84' lang='lat' dir='ltr'><strong>Demosthenem</strong></span> <span class='ocrx_word' id='word_1_90' title='bbox 2750 2344 2830 2419; x_wconf 89' lang='lat' dir='ltr'><strong>in</strong></span> <span class='ocrx_word' id='word_1_91' title='bbox 2888 2342 3032 2417; x_wconf 88' lang='lat' dir='ltr'><strong>Ne-</strong></span> 
     </span>
     <span class='ocr_line' id='line_1_15' title="bbox 260 2460 3032 2569; baseline -0.002 -28"><span class='ocrx_word' id='word_1_92' title='bbox 260 2492 517 2544; x_wconf 83' lang='lat' dir='ltr'><strong>aeram</strong></span> <span class='ocrx_word' id='word_1_93' title='bbox 554 2495 625 2569; x_wconf 90' lang='lat' dir='ltr'><strong>p.</strong></span> <span class='ocrx_word' id='word_1_94' title='bbox 674 2468 913 2543; x_wconf 85' lang='lat'>1387:</span> <span class='ocrx_word' id='word_1_95' title='bbox 979 2464 1175 2540; x_wconf 84' lang='grc' dir='ltr'><em>Τάδε</em></span> <span class='ocrx_word' id='word_1_96' title='bbox 1230 2470 1730 2563; x_wconf 80' lang='grc' dir='ltr'><strong><em>προκαλεῖται</em></strong></span> <span class='ocrx_word' id='word_1_97' title='bbox 1776 2460 2362 2567; x_wconf 82' lang='grc' dir='ltr'><strong><em>Ἀπολλόδωρος</em></strong></span> <span class='ocrx_word' id='word_1_98' title='bbox 2410 2472 2828 2563; x_wconf 82' lang='grc' dir='ltr'><strong><em>Στέφανον</em></strong></span> <span class='ocrx_word' id='word_1_99' title='bbox 2867 2466 3032 2560; x_wconf 73' lang='grc' dir='ltr'><strong><em>περὶ</em></strong></span> 
     </span>
     <span class='ocr_line' id='line_1_16' title="bbox 260 2578 3031 2694; baseline 0 -33"><span class='ocrx_word' id='word_1_100' title='bbox 260 2578 375 2664; x_wconf 76' lang='grc' dir='ltr'><strong><em>ὦν</em></strong></span> <span class='ocrx_word' id='word_1_101' title='bbox 412 2587 559 2680; x_wconf 78' lang='grc' dir='ltr'><strong><em>τήν</em></strong></span> <span class='ocrx_word' id='word_1_102' title='bbox 594 2587 906 2694; x_wconf 76' lang='grc' dir='ltr'><strong><em>γραφήν</em></strong></span> <span class='ocrx_word' id='word_1_103' title='bbox 941 2594 1355 2694; x_wconf 76' lang='grc' dir='ltr'><strong><em>γέγραπται</em></strong></span> <span class='ocrx_word' id='word_1_104' title='bbox 1377 2646 1398 2679; x_wconf 91' lang='grc'><strong><em>,</em></strong></span> <span class='ocrx_word' id='word_1_105' title='bbox 1444 2596 1775 2689; x_wconf 77' lang='grc' dir='ltr'><strong><em>Νέαιραν</em></strong></span> <span class='ocrx_word' id='word_1_106' title='bbox 1809 2599 2032 2683; x_wconf 76' lang='grc' dir='ltr'><strong><em>ξένην</em></strong></span> <span class='ocrx_word' id='word_1_107' title='bbox 2070 2584 2322 2668; x_wconf 78' lang='grc' dir='ltr'><strong><em>οὖσαν</em></strong></span> <span class='ocrx_word' id='word_1_108' title='bbox 2359 2590 2572 2693; x_wconf 71' lang='grc' dir='ltr'><strong>οἰστῴυ</strong></span> <span class='ocrx_word' id='word_1_109' title='bbox 2610 2598 3031 2677; x_wconf 78' lang='grc' dir='ltr'><strong><em>συνοικεῖν,</em></strong></span> 
     </span>
     <span class='ocr_line' id='line_1_17' title="bbox 259 2706 3036 2819; baseline -0.001 -30"><span class='ocrx_word' id='word_1_110' title='bbox 259 2721 563 2813; x_wconf 73' lang='grc' dir='ltr'><strong><em>ἕτοιμος</em></strong></span> <span class='ocrx_word' id='word_1_111' title='bbox 619 2710 731 2789; x_wconf 69' lang='grc' dir='ltr'><strong><em>ὢν</em></strong></span> <span class='ocrx_word' id='word_1_112' title='bbox 783 2712 919 2802; x_wconf 80' lang='grc' dir='ltr'><strong><em>τοὶς</em></strong></span> <span class='ocrx_word' id='word_1_113' title='bbox 978 2719 1453 2814; x_wconf 76' lang='grc' dir='ltr'><strong><em>θεραπαίνας</em></strong></span> <span class='ocrx_word' id='word_1_114' title='bbox 1512 2716 2145 2818; x_wconf 73' lang='grc' dir='ltr'><strong><em>παραλαμβάνειν</em></strong></span> <span class='ocrx_word' id='word_1_115' title='bbox 2194 2714 2326 2805; x_wconf 81' lang='grc' dir='ltr'><strong>τὰς</strong></span> <span class='ocrx_word' id='word_1_116' title='bbox 2386 2720 2757 2819; x_wconf 88' lang='grc' dir='ltr'><strong><em>Νεαίρας,</em></strong></span> <span class='ocrx_word' id='word_1_117' title='bbox 2818 2706 2905 2799; x_wconf 76' lang='grc' dir='ltr'><strong><em>ἃς</em></strong></span> <span class='ocrx_word' id='word_1_118' title='bbox 2944 2718 3036 2788; x_wconf 76' lang='grc' dir='ltr'><strong>ἐκ</strong></span> 
     </span>
     <span class='ocr_line' id='line_1_18' title="bbox 264 2832 3032 2946; baseline 0 -31"><span class='ocrx_word' id='word_1_119' title='bbox 264 2839 659 2946; x_wconf 76' lang='grc' dir='ltr'><strong><em>Μεγάρων</em></strong></span> <span class='ocrx_word' id='word_1_120' title='bbox 697 2842 989 2937; x_wconf 73' lang='grc' dir='ltr'><strong><em>ἔχουσα</em></strong></span> <span class='ocrx_word' id='word_1_121' title='bbox 1025 2835 1219 2934; x_wconf 77' lang='grc' dir='ltr'><strong><em>ἦλθε</em></strong></span> <span class='ocrx_word' id='word_1_122' title='bbox 1238 2899 1263 2932; x_wconf 92' lang='grc'><strong><em>,</em></strong></span> <span class='ocrx_word' id='word_1_123' title='bbox 1325 2840 1675 2943; x_wconf 78' lang='grc' dir='ltr'><strong><em>Θρᾷτταν</em></strong></span> <span class='ocrx_word' id='word_1_124' title='bbox 1712 2849 1849 2917; x_wconf 79' lang='grc' dir='ltr'><strong>καὶ</strong></span> <span class='ocrx_word' id='word_1_125' title='bbox 1889 2849 2441 2936; x_wconf 78' lang='grc' dir='ltr'><strong><em>Κοκκαλίνην,</em></strong></span> <span class='ocrx_word' id='word_1_126' title='bbox 2499 2848 2639 2917; x_wconf 81' lang='grc' dir='ltr'><strong>καὶ</strong></span> <span class='ocrx_word' id='word_1_127' title='bbox 2677 2836 2766 2928; x_wconf 77' lang='grc' dir='ltr'><strong><em>ἅς</em></strong></span> <span class='ocrx_word' id='word_1_128' title='bbox 2803 2832 3032 2917; x_wconf 75' lang='grc' dir='ltr'><strong><em>ὕστε-</em></strong></span> 
     </span>
     <span class='ocr_line' id='line_1_19' title="bbox 262 2963 3030 3070; baseline -0.001 -28"><span class='ocrx_word' id='word_1_129' title='bbox 262 2997 407 3065; x_wconf 91' lang='grc' dir='ltr'><strong>ρον</strong></span> <span class='ocrx_word' id='word_1_130' title='bbox 445 2965 649 3067; x_wconf 77' lang='grc' dir='ltr'><strong><em>παρὰ</em></strong></span> <span class='ocrx_word' id='word_1_131' title='bbox 687 2966 1071 3068; x_wconf 82' lang='grc' dir='ltr'><strong><em>Στεφάνῳ</em></strong></span> <span class='ocrx_word' id='word_1_132' title='bbox 1111 2967 1525 3058; x_wconf 75' lang='grc' dir='ltr'><strong><em>ἐκτήσατο,</em></strong></span> <span class='ocrx_word' id='word_1_133' title='bbox 1586 2966 1920 3046; x_wconf 84' lang='grc' dir='ltr'><strong><em>Ξεννίδα</em></strong></span> <span class='ocrx_word' id='word_1_134' title='bbox 1958 2977 2097 3045; x_wconf 83' lang='grc' dir='ltr'><strong>καὶ</strong></span> <span class='ocrx_word' id='word_1_135' title='bbox 2136 2967 2510 3070; x_wconf 87' lang='grc' dir='ltr'><strong><em>Δροσίδα,</em></strong></span> <span class='ocrx_word' id='word_1_136' title='bbox 2567 2965 2702 3055; x_wconf 85' lang='grc' dir='ltr'><strong><em>τοὶς</em></strong></span> <span class='ocrx_word' id='word_1_137' title='bbox 2738 2963 3030 3051; x_wconf 86' lang='grc' dir='ltr'><strong><em>εἰδυίας</em></strong></span> 
     </span>
     <span class='ocr_line' id='line_1_20' title="bbox 260 3090 3032 3195; baseline 0 -29"><span class='ocrx_word' id='word_1_138' title='bbox 260 3090 607 3190; x_wconf 72' lang='grc' dir='ltr'><strong><em>ἀκριβῶς</em></strong></span> <span class='ocrx_word' id='word_1_139' title='bbox 660 3099 825 3192; x_wconf 81' lang='grc' dir='ltr'><strong><em>περὶ</em></strong></span> <span class='ocrx_word' id='word_1_140' title='bbox 880 3093 1035 3167; x_wconf 77' lang='grc' dir='ltr'><strong>τῶν</strong></span> <span class='ocrx_word' id='word_1_141' title='bbox 1091 3092 1390 3169; x_wconf 86' lang='grc' dir='ltr'><strong><em>παίδων</em></strong></span> <span class='ocrx_word' id='word_1_142' title='bbox 1443 3095 1599 3172; x_wconf 78' lang='grc' dir='ltr'><strong>τῶν</strong></span> <span class='ocrx_word' id='word_1_143' title='bbox 1646 3099 2018 3195; x_wconf 86' lang='grc' dir='ltr'><strong><em>Νεαίρας,</em></strong></span> <span class='ocrx_word' id='word_1_144' title='bbox 2079 3092 2200 3171; x_wconf 82' lang='grc' dir='ltr'><strong>ὅτι</strong></span> <span class='ocrx_word' id='word_1_145' title='bbox 2237 3093 2333 3172; x_wconf 85' lang='grc' dir='ltr'><strong>οὐ</strong></span> <span class='ocrx_word' id='word_1_146' title='bbox 2374 3093 2795 3190; x_wconf 83' lang='grc' dir='ltr'><strong><em>Στεφάνου</em></strong></span> <span class='ocrx_word' id='word_1_147' title='bbox 2833 3095 2982 3168; x_wconf 80' lang='grc' dir='ltr'><strong><em>εἰσί</em></strong></span> <span class='ocrx_word' id='word_1_148' title='bbox 3013 3147 3032 3180; x_wconf 92' lang='grc'><strong><em>,</em></strong></span> 
     </span>
     <span class='ocr_line' id='line_1_21' title="bbox 264 3212 3027 3321; baseline -0.001 -27"><span class='ocrx_word' id='word_1_149' title='bbox 264 3217 662 3318; x_wconf 77' lang='grc' dir='ltr'><strong><em>Πρόξενός</em></strong></span> <span class='ocrx_word' id='word_1_150' title='bbox 700 3251 779 3296; x_wconf 91' lang='grc' dir='ltr'><strong>τε</strong></span> <span class='ocrx_word' id='word_1_151' title='bbox 819 3212 860 3297; x_wconf 79' lang='grc' dir='ltr'><em>ὃ</em></span> <span class='ocrx_word' id='word_1_152' title='bbox 900 3218 1349 3312; x_wconf 82' lang='grc' dir='ltr'><strong><em>τελευτήσας</em></strong></span> <span class='ocrx_word' id='word_1_153' title='bbox 1385 3227 1523 3298; x_wconf 81' lang='grc' dir='ltr'><strong>καὶ</strong></span> <span class='ocrx_word' id='word_1_154' title='bbox 1572 3218 1956 3321; x_wconf 83' lang='grc' dir='ltr'><strong><em>Ἀρίστων</em></strong></span> <span class='ocrx_word' id='word_1_155' title='bbox 2004 3215 2050 3300; x_wconf 80' lang='grc' dir='ltr'>ὅ</span> <span class='ocrx_word' id='word_1_156' title='bbox 2109 3222 2264 3299; x_wconf 82' lang='grc' dir='ltr'><strong>νῦν</strong></span> <span class='ocrx_word' id='word_1_157' title='bbox 2299 3217 2411 3298; x_wconf 69' lang='grc' dir='ltr'><strong><em>ὢν</em></strong></span> <span class='ocrx_word' id='word_1_158' title='bbox 2463 3226 2604 3296; x_wconf 80' lang='grc' dir='ltr'><strong>καὶ</strong></span> <span class='ocrx_word' id='word_1_159' title='bbox 2647 3216 3027 3297; x_wconf 80' lang='grc' dir='ltr'><strong><em>Ἀντιδω-</em></strong></span> 
     </span>
     <span class='ocr_line' id='line_1_22' title="bbox 260 3337 3031 3449; baseline -0 -29"><span class='ocrx_word' id='word_1_160' title='bbox 260 3343 471 3442; x_wconf 89' lang='grc' dir='ltr'><strong><em>ρίδης</em></strong></span> <span class='ocrx_word' id='word_1_161' title='bbox 511 3337 554 3422; x_wconf 83' lang='grc' dir='ltr'><em>ὃ</em></span> <span class='ocrx_word' id='word_1_162' title='bbox 596 3344 1173 3446; x_wconf 74' lang='grc' dir='ltr'><strong><em>σταδιοδρομῶν</em></strong></span> <span class='ocrx_word' id='word_1_163' title='bbox 1210 3353 1352 3421; x_wconf 82' lang='grc' dir='ltr'><strong>καὶ</strong></span> <span class='ocrx_word' id='word_1_164' title='bbox 1398 3345 1633 3424; x_wconf 79' lang='grc' dir='ltr'><strong><em>Φανώ</em></strong></span> <span class='ocrx_word' id='word_1_165' title='bbox 1651 3405 1675 3440; x_wconf 91' lang='grc'><strong><em>,</em></strong></span> <span class='ocrx_word' id='word_1_166' title='bbox 1732 3355 1855 3443; x_wconf 77' lang='grc' dir='ltr'><strong>ἐφ’</strong></span> <span class='ocrx_word' id='word_1_167' title='bbox 1901 3338 1964 3449; x_wconf 79' lang='grc' dir='ltr'><em>ᾦ</em></span> <span class='ocrx_word' id='word_1_168' title='bbox 2002 3380 2080 3424; x_wconf 94' lang='grc' dir='ltr'><strong>τε</strong></span> <span class='ocrx_word' id='word_1_169' title='bbox 2115 3353 2533 3448; x_wconf 78' lang='grc' dir='ltr'><strong><em>βασανίσαι</em></strong></span> <span class='ocrx_word' id='word_1_170' title='bbox 2571 3341 2848 3434; x_wconf 80' lang='grc' dir='ltr'><strong><em>αὐτάς·</em></strong></span> <span class='ocrx_word' id='word_1_171' title='bbox 2887 3349 3031 3420; x_wconf 79' lang='grc' dir='ltr'><strong>καὶ</strong></span> 
     </span>
     <span class='ocr_line' id='line_1_23' title="bbox 260 3464 3036 3576; baseline 0.001 -30"><span class='ocrx_word' id='word_1_172' title='bbox 260 3476 331 3546; x_wconf 83' lang='grc' dir='ltr'><strong>εἰ</strong></span> <span class='ocrx_word' id='word_1_173' title='bbox 357 3475 511 3568; x_wconf 79' lang='grc' dir='ltr'><strong><em>μὲν</em></strong></span> <span class='ocrx_word' id='word_1_174' title='bbox 552 3464 1017 3576; x_wconf 81' lang='grc' dir='ltr'><strong><em>ὁμολογοῖεν</em></strong></span> <span class='ocrx_word' id='word_1_175' title='bbox 1056 3480 1149 3549; x_wconf 77' lang='grc' dir='ltr'><strong>ἐκ</strong></span> <span class='ocrx_word' id='word_1_176' title='bbox 1187 3471 1609 3568; x_wconf 86' lang='grc' dir='ltr'><strong><em>Στεφάνου</em></strong></span> <span class='ocrx_word' id='word_1_177' title='bbox 1670 3471 1869 3550; x_wconf 86' lang='grc' dir='ltr'><strong><em>εἶναι</em></strong></span> <span class='ocrx_word' id='word_1_178' title='bbox 1922 3478 2062 3550; x_wconf 80' lang='grc' dir='ltr'><strong>καὶ</strong></span> <span class='ocrx_word' id='word_1_179' title='bbox 2098 3477 2428 3575; x_wconf 87' lang='grc' dir='ltr'><strong><em>Νεαίρας</em></strong></span> <span class='ocrx_word' id='word_1_180' title='bbox 2479 3471 2804 3560; x_wconf 88' lang='grc' dir='ltr'><strong><em>τούτους</em></strong></span> <span class='ocrx_word' id='word_1_181' title='bbox 2849 3466 3036 3558; x_wconf 76' lang='grc' dir='ltr'><strong><em>τούς</em></strong></span> 
     </span>
     <span class='ocr_line' id='line_1_24' title="bbox 260 3594 3036 3698; baseline -0 -26"><span class='ocrx_word' id='word_1_182' title='bbox 260 3595 587 3688; x_wconf 88' lang='grc' dir='ltr'><strong><em>παῖδας,</em></strong></span> <span class='ocrx_word' id='word_1_183' title='bbox 646 3598 1083 3698; x_wconf 76' lang='grc' dir='ltr'><strong><em>πεπρᾶσθαι</em></strong></span> <span class='ocrx_word' id='word_1_184' title='bbox 1121 3604 1459 3697; x_wconf 81' lang='grc' dir='ltr'><strong><em>Νέαιραν</em></strong></span> <span class='ocrx_word' id='word_1_185' title='bbox 1511 3595 1717 3676; x_wconf 78' lang='grc' dir='ltr'><strong><em>κατά</em></strong></span> <span class='ocrx_word' id='word_1_186' title='bbox 1774 3594 1962 3684; x_wconf 77' lang='grc' dir='ltr'><strong><em>τούς</em></strong></span> <span class='ocrx_word' id='word_1_187' title='bbox 2017 3596 2302 3696; x_wconf 87' lang='grc' dir='ltr'><strong><em>νόμους</em></strong></span> <span class='ocrx_word' id='word_1_188' title='bbox 2355 3605 2496 3674; x_wconf 82' lang='grc' dir='ltr'><strong>καὶ</strong></span> <span class='ocrx_word' id='word_1_189' title='bbox 2543 3595 2724 3685; x_wconf 77' lang='grc' dir='ltr'><strong><em>τούς</em></strong></span> <span class='ocrx_word' id='word_1_190' title='bbox 2763 3594 3036 3683; x_wconf 89' lang='grc' dir='ltr'><strong><em>παῖδας</em></strong></span> 
     </span>
     <span class='ocr_line' id='line_1_25' title="bbox 258 3714 3034 3826; baseline -0 -27"><span class='ocrx_word' id='word_1_191' title='bbox 258 3730 529 3814; x_wconf 73' lang='grc' dir='ltr'><strong><em>ξένους</em></strong></span> <span class='ocrx_word' id='word_1_192' title='bbox 562 3720 799 3802; x_wconf 65' lang='grc' dir='ltr'><strong><em>εἶναι·</em></strong></span> <span class='ocrx_word' id='word_1_193' title='bbox 854 3727 929 3798; x_wconf 86' lang='grc' dir='ltr'><strong>εἰ</strong></span> <span class='ocrx_word' id='word_1_194' title='bbox 964 3721 1039 3800; x_wconf 79' lang='grc' dir='ltr'><strong>δὲ</strong></span> <span class='ocrx_word' id='word_1_195' title='bbox 1086 3722 1195 3822; x_wconf 81' lang='grc' dir='ltr'><strong>μή</strong></span> <span class='ocrx_word' id='word_1_196' title='bbox 1256 3714 1719 3826; x_wconf 78' lang='grc' dir='ltr'><strong><em>ὃμολογοῖεν</em></strong></span> <span class='ocrx_word' id='word_1_197' title='bbox 1774 3729 1868 3800; x_wconf 78' lang='grc' dir='ltr'><strong>ἐκ</strong></span> <span class='ocrx_word' id='word_1_198' title='bbox 1921 3722 2195 3816; x_wconf 88' lang='grc' dir='ltr'><strong><em>ταύτης</em></strong></span> <span class='ocrx_word' id='word_1_199' title='bbox 2234 3721 2432 3800; x_wconf 86' lang='grc' dir='ltr'><strong><em>εἶναι</em></strong></span> <span class='ocrx_word' id='word_1_200' title='bbox 2471 3719 2802 3812; x_wconf 77' lang='grc' dir='ltr'><strong><em>αὐτούς,</em></strong></span> <span class='ocrx_word' id='word_1_201' title='bbox 2863 3718 3034 3798; x_wconf 81' lang='grc' dir='ltr'><strong><em>ἀλλ’</em></strong></span> 
     </span>
     <span class='ocr_line' id='line_1_26' title="bbox 260 3842 3020 3955; baseline -0.001 -29"><span class='ocrx_word' id='word_1_202' title='bbox 260 3856 337 3940; x_wconf 73' lang='grc' dir='ltr'><strong>ἐξ</strong></span> <span class='ocrx_word' id='word_1_203' title='bbox 380 3853 629 3948; x_wconf 78' lang='grc' dir='ltr'><strong><em>ἑτέρας</em></strong></span> <span class='ocrx_word' id='word_1_204' title='bbox 666 3844 1039 3952; x_wconf 77' lang='grc' dir='ltr'><strong><em>γυναικὸς</em></strong></span> <span class='ocrx_word' id='word_1_205' title='bbox 1093 3844 1363 3940; x_wconf 82' lang='grc' dir='ltr'><strong><em>ἀστῆς,</em></strong></span> <span class='ocrx_word' id='word_1_206' title='bbox 1424 3844 1912 3944; x_wconf 83' lang='grc' dir='ltr'><strong><em>ἀφίστασθαι</em></strong></span> <span class='ocrx_word' id='word_1_207' title='bbox 1965 3849 2114 3925; x_wconf 77' lang='grc' dir='ltr'><strong>τοῦ</strong></span> <span class='ocrx_word' id='word_1_208' title='bbox 2167 3846 2466 3955; x_wconf 77' lang='grc' dir='ltr'><strong><em>ἀγῶνος</em></strong></span> <span class='ocrx_word' id='word_1_209' title='bbox 2522 3842 2819 3940; x_wconf 76' lang='grc' dir='ltr'><strong><em>ἤθελον</em></strong></span> <span class='ocrx_word' id='word_1_210' title='bbox 2880 3846 3020 3923; x_wconf 84' lang='grc' dir='ltr'><strong>τοῦ</strong></span> 
     </span>
     <span class='ocr_line' id='line_1_27' title="bbox 262 3968 3026 4075; baseline 0 -25"><span class='ocrx_word' id='word_1_211' title='bbox 262 3980 637 4073; x_wconf 86' lang='grc' dir='ltr'><strong><em>Νεαίρας,</em></strong></span> <span class='ocrx_word' id='word_1_212' title='bbox 696 3979 836 4050; x_wconf 82' lang='grc' dir='ltr'><strong>καὶ</strong></span> <span class='ocrx_word' id='word_1_213' title='bbox 873 3973 1015 4049; x_wconf 87' lang='grc' dir='ltr'><strong><em>εἴτι</em></strong></span> <span class='ocrx_word' id='word_1_214' title='bbox 1054 3979 1147 4050; x_wconf 76' lang='grc' dir='ltr'><strong>ἐκ</strong></span> <span class='ocrx_word' id='word_1_215' title='bbox 1202 3972 1361 4050; x_wconf 84' lang='grc' dir='ltr'><strong><em>τῶν</em></strong></span> <span class='ocrx_word' id='word_1_216' title='bbox 1411 3973 1783 4075; x_wconf 83' lang='grc' dir='ltr'><strong><em>βασάνων</em></strong></span> <span class='ocrx_word' id='word_1_217' title='bbox 1835 3977 2381 4075; x_wconf 85' lang='grc' dir='ltr'><strong><em>βλαφθείησαν</em></strong></span> <span class='ocrx_word' id='word_1_218' title='bbox 2439 3977 2513 4052; x_wconf 77' lang='grc' dir='ltr'><strong>οἱ</strong></span> <span class='ocrx_word' id='word_1_219' title='bbox 2569 3968 3026 4075; x_wconf 75' lang='grc' dir='ltr'><strong><em>ἅνθρωποι,</em></strong></span> 
     </span>
     <span class='ocr_line' id='line_1_28' title="bbox 264 4095 1398 4200; baseline 0.004 -26"><span class='ocrx_word' id='word_1_220' title='bbox 264 4097 674 4176; x_wconf 80' lang='grc' dir='ltr'><strong><em>ἀποτίνειν</em></strong></span> <span class='ocrx_word' id='word_1_221' title='bbox 710 4095 757 4175; x_wconf 85' lang='grc' dir='ltr'>ὅ</span> <span class='ocrx_word' id='word_1_222' title='bbox 792 4130 866 4174; x_wconf 87' lang='grc' dir='ltr'><strong>τι</strong></span> <span class='ocrx_word' id='word_1_223' title='bbox 902 4101 1398 4200; x_wconf 89' lang='grc' dir='ltr'><strong><em>βλαβείησαν.</em></strong></span> 
     </span>
    </p>

    <p class='ocr_par' dir='ltr' id='par_1_8' title="bbox 261 4228 3032 5334">
     <span class='ocr_line' id='line_1_29' title="bbox 478 4228 3032 4330; baseline 0.001 -25"><span class='ocrx_word' id='word_1_224' title='bbox 478 4228 567 4306; x_wconf 90' lang='lat' dir='ltr'><strong>Id</strong></span> <span class='ocrx_word' id='word_1_225' title='bbox 606 4239 757 4304; x_wconf 84' lang='lat' dir='ltr'><strong>est:</strong></span> <span class='ocrx_word' id='word_1_226' title='bbox 814 4229 1033 4304; x_wconf 88' lang='lat' dir='ltr'><strong>Hanc</strong></span> <span class='ocrx_word' id='word_1_227' title='bbox 1086 4229 1698 4329; x_wconf 85' lang='lat' dir='ltr'><strong>provocationem</strong></span> <span class='ocrx_word' id='word_1_228' title='bbox 1754 4231 1896 4307; x_wconf 88' lang='lat' dir='ltr'><strong>fert</strong></span> <span class='ocrx_word' id='word_1_229' title='bbox 1951 4230 2449 4330; x_wconf 86' lang='lat' dir='ltr'><strong>Apollodorus</strong></span> <span class='ocrx_word' id='word_1_230' title='bbox 2486 4228 2872 4328; x_wconf 87' lang='lat' dir='ltr'><strong>Stephano</strong></span> <span class='ocrx_word' id='word_1_231' title='bbox 2909 4255 3032 4307; x_wconf 87' lang='lat' dir='ltr'><strong>ea·</strong></span> 
     </span>
     <span class='ocr_line' id='line_1_30' title="bbox 264 4356 3030 4459; baseline -0.001 -27"><span class='ocrx_word' id='word_1_232' title='bbox 264 4385 429 4433; x_wconf 90' lang='lat' dir='ltr'><strong>rum</strong></span> <span class='ocrx_word' id='word_1_233' title='bbox 464 4381 719 4432; x_wconf 89' lang='lat' dir='ltr'><strong>rerum</strong></span> <span class='ocrx_word' id='word_1_234' title='bbox 756 4381 1023 4452; x_wconf 88' lang='lat' dir='ltr'><strong>causa,</strong></span> <span class='ocrx_word' id='word_1_235' title='bbox 1082 4367 1393 4459; x_wconf 90' lang='lat' dir='ltr'><strong>propter</strong></span> <span class='ocrx_word' id='word_1_236' title='bbox 1451 4383 1632 4456; x_wconf 84' lang='lat' dir='ltr'><strong>quas</strong></span> <span class='ocrx_word' id='word_1_237' title='bbox 1668 4358 2040 4434; x_wconf 83' lang='lat' dir='ltr'><strong>actionem</strong></span> <span class='ocrx_word' id='word_1_238' title='bbox 2075 4357 2428 4434; x_wconf 87' lang='lat' dir='ltr'><strong>adversus</strong></span> <span class='ocrx_word' id='word_1_239' title='bbox 2469 4382 2639 4432; x_wconf 90' lang='lat' dir='ltr'><strong>eum</strong></span> <span class='ocrx_word' id='word_1_240' title='bbox 2673 4356 3030 4450; x_wconf 89' lang='lat' dir='ltr'><strong>instituit,</strong></span> 
     </span>
     <span class='ocr_line' id='line_1_31' title="bbox 262 4480 3028 4583; baseline 0 -23"><span class='ocrx_word' id='word_1_241' title='bbox 262 4485 637 4560; x_wconf 83' lang='lat' dir='ltr'><strong>Neaeram</strong></span> <span class='ocrx_word' id='word_1_242' title='bbox 672 4482 1143 4580; x_wconf 84' lang='lat' dir='ltr'><strong>peregrinam</strong></span> <span class='ocrx_word' id='word_1_243' title='bbox 1182 4481 1328 4557; x_wconf 86' lang='lat' dir='ltr'><strong>civi</strong></span> <span class='ocrx_word' id='word_1_244' title='bbox 1366 4481 1728 4580; x_wconf 86' lang='lat' dir='ltr'><strong>nupsisse,</strong></span> <span class='ocrx_word' id='word_1_245' title='bbox 1751 4493 2056 4582; x_wconf 87' lang='lat' dir='ltr'><strong>paratus</strong></span> <span class='ocrx_word' id='word_1_246' title='bbox 2091 4482 2430 4583; x_wconf 87' lang='lat' dir='ltr'><strong>accipere</strong></span> <span class='ocrx_word' id='word_1_247' title='bbox 2451 4480 2760 4558; x_wconf 81' lang='lat' dir='ltr'><strong>ancillas</strong></span> <span class='ocrx_word' id='word_1_248' title='bbox 2787 4482 3028 4561; x_wconf 87' lang='lat' dir='ltr'><strong>Neae-</strong></span> 
     </span>
     <span class='ocr_line' id='line_1_32' title="bbox 261 4605 3028 4707; baseline 0 -23"><span class='ocrx_word' id='word_1_249' title='bbox 261 4634 427 4703; x_wconf 87' lang='lat' dir='ltr'><strong>rae,</strong></span> <span class='ocrx_word' id='word_1_250' title='bbox 491 4633 673 4707; x_wconf 89' lang='lat' dir='ltr'><strong>quas</strong></span> <span class='ocrx_word' id='word_1_251' title='bbox 728 4606 857 4682; x_wconf 90' lang='lat' dir='ltr'><strong>illa</strong></span> <span class='ocrx_word' id='word_1_252' title='bbox 896 4606 1219 4705; x_wconf 87' lang='lat' dir='ltr'><strong>Megaris</strong></span> <span class='ocrx_word' id='word_1_253' title='bbox 1276 4632 1529 4682; x_wconf 88' lang='lat' dir='ltr'><strong>secum</strong></span> <span class='ocrx_word' id='word_1_254' title='bbox 1566 4605 1916 4701; x_wconf 83' lang='lat' dir='ltr'><strong>adduxit,</strong></span> <span class='ocrx_word' id='word_1_255' title='bbox 1977 4606 2364 4683; x_wconf 87' lang='lat' dir='ltr'><strong>Thrattam</strong></span> <span class='ocrx_word' id='word_1_256' title='bbox 2404 4617 2480 4682; x_wconf 90' lang='lat' dir='ltr'><strong>et</strong></span> <span class='ocrx_word' id='word_1_257' title='bbox 2517 4607 3028 4705; x_wconf 84' lang='lat' dir='ltr'><strong>Coccalinam‚</strong></span> 
     </span>
     <span class='ocr_line' id='line_1_33' title="bbox 265 4729 3026 4834; baseline 0 -25"><span class='ocrx_word' id='word_1_258' title='bbox 265 4748 336 4809; x_wconf 89' lang='lat' dir='ltr'><strong>et</strong></span> <span class='ocrx_word' id='word_1_259' title='bbox 375 4759 563 4834; x_wconf 88' lang='lat' dir='ltr'><strong>quas</strong></span> <span class='ocrx_word' id='word_1_260' title='bbox 600 4741 864 4833; x_wconf 88' lang='lat' dir='ltr'><strong>postea</strong></span> <span class='ocrx_word' id='word_1_261' title='bbox 902 4730 1099 4832; x_wconf 86' lang='lat' dir='ltr'><strong>apud</strong></span> <span class='ocrx_word' id='word_1_262' title='bbox 1138 4729 1601 4832; x_wconf 82' lang='lat' dir='ltr'><strong>Stephanum</strong></span> <span class='ocrx_word' id='word_1_263' title='bbox 1644 4732 2140 4831; x_wconf 86' lang='lat' dir='ltr'><strong>comparavit,</strong></span> <span class='ocrx_word' id='word_1_264' title='bbox 2195 4732 2622 4810; x_wconf 87' lang='lat' dir='ltr'><strong>Xennidem</strong></span> <span class='ocrx_word' id='word_1_265' title='bbox 2663 4745 2737 4810; x_wconf 88' lang='lat' dir='ltr'><strong>et</strong></span> <span class='ocrx_word' id='word_1_266' title='bbox 2777 4734 3026 4812; x_wconf 87' lang='lat' dir='ltr'><strong>Drosi-</strong></span> 
     </span>
     <span class='ocr_line' id='line_1_34' title="bbox 263 4855 3031 4958; baseline 0.001 -24"><span class='ocrx_word' id='word_1_267' title='bbox 263 4859 475 4952; x_wconf 87' lang='lat' dir='ltr'><strong>dem,</strong></span> <span class='ocrx_word' id='word_1_268' title='bbox 535 4881 725 4958; x_wconf 87' lang='lat' dir='ltr'><strong>quae</strong></span> <span class='ocrx_word' id='word_1_269' title='bbox 783 4884 943 4933; x_wconf 87' lang='lat' dir='ltr'><strong>rem</strong></span> <span class='ocrx_word' id='word_1_270' title='bbox 997 4855 1177 4932; x_wconf 89' lang='lat' dir='ltr'><strong>satis</strong></span> <span class='ocrx_word' id='word_1_271' title='bbox 1237 4857 1618 4954; x_wconf 87' lang='lat' dir='ltr'><strong>cognitam</strong></span> <span class='ocrx_word' id='word_1_272' title='bbox 1654 4857 2022 4933; x_wconf 88' lang='lat' dir='ltr'><strong>haberent</strong></span> <span class='ocrx_word' id='word_1_273' title='bbox 2057 4859 2147 4934; x_wconf 88' lang='lat' dir='ltr'><strong>de</strong></span> <span class='ocrx_word' id='word_1_274' title='bbox 2185 4859 2520 4936; x_wconf 87' lang='lat' dir='ltr'><strong>Neaerae</strong></span> <span class='ocrx_word' id='word_1_275' title='bbox 2557 4859 2844 4952; x_wconf 65' lang='lat' dir='ltr'><strong>liberis.</strong></span> <span class='ocrx_word' id='word_1_276' title='bbox 2903 4887 3031 4936; x_wconf 90' lang='lat' dir='ltr'><strong>eos</strong></span> 
     </span>
     <span class='ocr_line' id='line_1_35' title="bbox 266 4981 3030 5085; baseline 0.001 -26"><span class='ocrx_word' id='word_1_277' title='bbox 266 4981 631 5084; x_wconf 88' lang='lat' dir='ltr'><strong>Stephani</strong></span> <span class='ocrx_word' id='word_1_278' title='bbox 670 5009 826 5058; x_wconf 91' lang='lat' dir='ltr'><strong>non</strong></span> <span class='ocrx_word' id='word_1_279' title='bbox 864 5007 1023 5058; x_wconf 88' lang='lat' dir='ltr'><strong>esse</strong></span> <span class='ocrx_word' id='word_1_280' title='bbox 1049 5039 1066 5074; x_wconf 89' lang='lat'>‚</span> <span class='ocrx_word' id='word_1_281' title='bbox 1106 4981 1533 5057; x_wconf 84' lang='lat' dir='ltr'><strong>Proxenum</strong></span> <span class='ocrx_word' id='word_1_282' title='bbox 1568 4994 1940 5058; x_wconf 89' lang='lat' dir='ltr'><strong>mortuum</strong></span> <span class='ocrx_word' id='word_1_283' title='bbox 1981 4993 2057 5059; x_wconf 89' lang='lat' dir='ltr'><strong>et</strong></span> <span class='ocrx_word' id='word_1_284' title='bbox 2091 4982 2516 5059; x_wconf 88' lang='lat' dir='ltr'><strong>Aristonem</strong></span> <span class='ocrx_word' id='word_1_285' title='bbox 2555 4987 3030 5085; x_wconf 86' lang='lat' dir='ltr'><strong>superstitem</strong></span> 
     </span>
     <span class='ocr_line' id='line_1_36' title="bbox 268 5107 3028 5208; baseline 0.003 -26"><span class='ocrx_word' id='word_1_286' title='bbox 268 5120 341 5182; x_wconf 89' lang='lat' dir='ltr'><strong>et</strong></span> <span class='ocrx_word' id='word_1_287' title='bbox 382 5107 891 5187; x_wconf 88' lang='lat' dir='ltr'><strong>Antidoridem</strong></span> <span class='ocrx_word' id='word_1_288' title='bbox 948 5133 1325 5184; x_wconf 87' lang='lat' dir='ltr'><strong>cursorem</strong></span> <span class='ocrx_word' id='word_1_289' title='bbox 1388 5119 1461 5182; x_wconf 89' lang='lat' dir='ltr'><strong>et</strong></span> <span class='ocrx_word' id='word_1_290' title='bbox 1500 5108 2018 5203; x_wconf 88' lang='lat' dir='ltr'><strong>Phanaonem‚</strong></span> <span class='ocrx_word' id='word_1_291' title='bbox 2077 5108 2168 5184; x_wconf 90' lang='lat' dir='ltr'><strong>ad</strong></span> <span class='ocrx_word' id='word_1_292' title='bbox 2207 5111 2739 5208; x_wconf 86' lang='lat' dir='ltr'><strong>quaestionem.</strong></span> <span class='ocrx_word' id='word_1_293' title='bbox 2817 5112 3028 5204; x_wconf 78' lang='lat' dir='ltr'><strong>Quae</strong></span> 
     </span>
     <span class='ocr_line' id='line_1_37' title="bbox 270 5231 3028 5334; baseline 0.003 -27"><span class='ocrx_word' id='word_1_294' title='bbox 270 5236 329 5307; x_wconf 89' lang='lat' dir='ltr'><strong>si</strong></span> <span class='ocrx_word' id='word_1_295' title='bbox 368 5234 781 5312; x_wconf 85' lang='lat' dir='ltr'><strong>faterentur</strong></span> <span class='ocrx_word' id='word_1_296' title='bbox 817 5259 857 5308; x_wconf 89' lang='lat' dir='ltr'><strong>e</strong></span> <span class='ocrx_word' id='word_1_297' title='bbox 896 5231 1279 5334; x_wconf 82' lang='lat' dir='ltr'><strong>Stephano</strong></span> <span class='ocrx_word' id='word_1_298' title='bbox 1338 5244 1411 5308; x_wconf 85' lang='lat' dir='ltr'><strong>et</strong></span> <span class='ocrx_word' id='word_1_299' title='bbox 1447 5231 1735 5310; x_wconf 87' lang='lat' dir='ltr'><strong>Neaera</strong></span> <span class='ocrx_word' id='word_1_300' title='bbox 1792 5258 1953 5312; x_wconf 85' lang='lat' dir='ltr'><strong>esse</strong></span> <span class='ocrx_word' id='word_1_301' title='bbox 2011 5259 2134 5312; x_wconf 87' lang='lat' dir='ltr'><strong>eos</strong></span> <span class='ocrx_word' id='word_1_302' title='bbox 2188 5234 2504 5330; x_wconf 85' lang='lat' dir='ltr'><strong>liberos,</strong></span> <span class='ocrx_word' id='word_1_303' title='bbox 2565 5234 3028 5318; x_wconf 85' lang='lat' dir='ltr'><strong>vendendam</strong></span> 
     </span>
    </p>
   </div>
  </div>
 </body>
</html>
