3725 5850
702 459 856 533 604
1499 479 2116 532 coManrAmns
2153 477 2262 526 Ao
2306 469 2462 528 1359.
2506 473 2664 529 1369.

702 673 850 750 rias
890 697 1039 749 non
1079 697 1296 774 posse
1336 673 1533 748 hanc
1572 671 1936 774 applicari
1975 669 2259 769 legem,
2319 667 2796 769 intelligimus
2847 695 2937 744 ex
2979 693 3068 743 eo
3108 665 3304 767 quod
3345 663 3478 742 So·

699 799 830 874 lon
868 797 1179 893 mulieri,
1221 823 1411 897 quae
1452 795 1601 874 filia
1640 796 2090 874 hereditaria
2127 796 2303 888 fuit,
2345 793 2804 895 permiserit,
2845 794 2906 869 si
2943 793 3254 868 maritus
3293 791 3478 892 ejus,

703 923 826 1022 qui
868 924 935 998 ei
973 923 1389 999 secundum
1426 922 1671 1022 legem
1710 922 2004 1022 obtigit,
2045 922 2241 998 coire
2278 945 2430 996 non
2470 919 2870 1022 potuisset,
2913 945 3073 995 rem
3109 943 3277 993 cum
3319 918 3480 1017 ejus

702 1049 1141 1149 propinguis
1180 1047 1498 1145 habere3
1552 1058 1636 1124 ut
1675 1048 1820 1124 hoc
1858 1046 2079 1124 modo
2119 1046 2399 1138 mariti,
2449 1047 2576 1145 qui
2634 1044 3122 1147 pecuniae
3181 1067 3483 1119 causa

699 1173 1099 1250 dotatas
1156 1174 1527 1250 ducunt
1582 1174 2055 1250 mulieres
2131 1165 2598 1268 (χρημάτων
2647 1173 2878 1243 ἕνεκα
2935 1161 3482 1266 λαμβάνοντας

700 1294 1239 1397 ἐπικλήρους),
1298 1325 1469 1375 cum
1526 1298 1890 1376 dedecore
1941 1308 2424 1401 permaneant
2459 1297 2536 1372 in
2577 1295 2941 1399 ejusmodi
2980 1295 3478 1386 matrimonio,

701 1425 1060 1500 avaritiae
1098 1422 1563 1525 injuriaeque
1600 1449 1887 1525 poenas
1929 1423 2196 1500 dantes
2236 1426 2444 1518 (μετ’
2466 1415 2836 1514 αἰσχύνης
2874 1422 3300 1510 καθέξουσι
3339 1447 3478 1510 φι-

701 1549 1161 1632 λοπλουτίας
1198 1551 1335 1621 καὶ
1374 1541 1668 1646 ὕβρεως
1705 1543 1940 1638 δίκην
1979 1543 2374 1642 διδόντες).
2423 1546 2778 1626 Solonem
2817 1574 2970 1624 non
3007 1546 3478 1650 prohibuisse

699 1675 953 1752 dotem
992 1675 1312 1752 filiarum
1350 1674 2005 1771 hereditariamm‚
2076 1675 2210 1751 sed
2264 1673 2560 1751 illarum
2612 1699 2802 1773 quae
2861 1676 3048 1751 tales
3099 1699 3256 1749 non
3297 1671 3478 1748 fuis-

698 1812 898 1895 sent,
955 1811 1164 1902 patet
1202 1826 1243 1876 e
1282 1799 1532 1877 verbis
1569 1799 1952 1877 Plutarchi
1991 1798 2260 1893 (Solon
2302 1800 2484 1892 20):
2523 1793 2681 1871 τῶν
2719 1793 2788 1870 δ’
2827 1789 2881 1870 ὄί
2901 1799 3007 1871 λλ
3032 1823 3160 1871 ων
3205 1792 3481 1898 γάμων

699 1918 963 2018 ἀφεῖλε
1001 1918 1137 2009 τὰς
1175 1919 1478 2022 φερνάς.
1551 1925 2006 2028 Opinionem
2043 1924 2242 2001 hanc
2276 1950 2431 2001 non
2471 1923 2738 2000 evertit
2773 1924 2896 2000 lex
2935 1922 3235 2001 Solonis
3273 1921 3480 2022 apud

698 2051 1279 2130 Demosthenem
1319 2050 1488 2127 adv.
1528 2050 2021 2129 Macartatum
2064 2052 2310 2146 1068,
2369 2048 2465 2128 ad
2518 2075 2740 2150 quam
2799 2047 3030 2127 Meier
3066 2050 3265 2144 (Der
3303 2049 3474 2123 atti-

698 2176 873 2253 sche
911 2176 1224 2253 Process
1263 2204 1336 2278 p.
1380 2177 1576 2269 417)
1615 2186 2014 2278 provocat,
2075 2177 2145 2250 vi
2185 2175 2396 2276 cujus
2436 2175 2665 2252 filiam
2705 2176 2966 2251 orbam
3001 2172 3234 2251 infimi
3274 2174 3470 2250 ordi-

698 2301 853 2396 nis,
910 2301 1137 2398 vulgo
1180 2297 1528 2389 θῆσσαν,
1586 2327 1867 2400 genere
1924 2303 2310 2403 proximus
2370 2301 2542 2378 dote
2599 2300 2776 2378 data
2829 2297 3192 2377 collocare
3247 2297 3471 2376 debe-

698 2426 848 2503 bat.
924 2427 1119 2503 Nam
1177 2437 1250 2502 et
1302 2425 1437 2502 has
1491 2426 1613 2504 lex
1670 2427 1799 2502 ina
1847 2405 2331 2504 hereditarias
2388 2427 2741 2529 appellat.
2829 2421 3006 2499 mv
3059 2417 3472 2511 ἐπικλή-

698 2578 821 2647 ρω
846 2581 891 2630 ν
946 2543 1124 2624 ὅσαι
1167 2543 1504 2638 θητικὸν
1540 2548 1915 2625 τελοῦσιν.
1976 2597 2079 2610 -
2137 2553 2364 2630 Nulla
2419 2553 2649 2651 igitur
2695 2550 2905 2628 adest
2939 2577 3167 2629 causa
3199 2551 3474 2651 legem,

699 2701 921 2775 quam
959 2675 1404 2753 Plutarchus
1442 2677 1519 2752 in
1579 2677 1733 2751 vita
1769 2675 2072 2754 Solonis
2130 2682 2334 2784 (cap.
2380 2678 2525 2768 20)
2590 2687 2990 2770 memorat,
3046 2677 3121 2752 in
3162 2673 3475 2752 dubium

697 2801 1057 2898 vocandi,
1115 2827 1564 2903 quamquam
1618 2805 1797 2880 satis
1852 2815 2144 2880 constet
2201 2805 2405 2881 illam
2463 2804 2721 2881 seriori
2770 2813 3012 2881 aetate
3053 2829 3204 2880 non
3243 2801 3482 2880 fuisse·

694 2929 1189 3005 observatam.

908 3052 1021 3130 Of.
1056 3053 1349 3130 Becker
1384 3052 1785 3132 Charicles.
1824 3057 1958 3134 III.
1997 3084 2069 3158 p.
2111 3057 2290 3133 295.

904 3194 1127 3299 Apud
1166 3199 1790 3277 Lacedaemonios
1829 3227 2152 3301 sponsae
2191 3203 2476 3279 nullam
2509 3200 2980 3303 accipiebant
3015 3199 3286 3276 dotem.
3343 3200 3464 3275 In-

692 3334 1111 3424 terrogatus
1167 3337 1415 3402 autem
1474 3326 1871 3427 Lycurgus
1928 3352 2059 3403 cur
2113 3328 2439 3427 virgines
2497 3328 2658 3404 sine
2716 3326 2886 3403 dote
2944 3336 3262 3427 nuptum
3310 3323 3464 3401 dari

686 3446 1060 3546 jussisset,
1120 3450 1545 3550 respondit:
1600 3478 1695 3529 ne
1751 3452 1872 3529 vel
1933 3455 2031 3529 ob
2089 3454 2419 3555 inopiam
2471 3455 2766 3554 aliquae
2821 3462 3212 3529 manerent
3245 3450 3461 3527 innu-

691 3582 867 3675 ptae
890 3631 908 3668 ‚
966 3574 1089 3650 vel
1125 3583 1434 3676 propter
1470 3602 1655 3676 opes
1695 3586 2264 3677 expeterenturt,
2319 3578 2450 3656 sed
2498 3579 2742 3679 quivis
2777 3578 2856 3654 in
2893 3602 3132 3655 mores
3169 3576 3464 3677 puellae

688 3698 1027 3793 intuens,
1085 3699 1439 3775 virtutem
1492 3700 1573 3778 in
1630 3701 1924 3778 delectu
1982 3715 2430 3803 sequeretur.
2507 3701 3048 3797 (Plutarch.
3103 3702 3459 3804 apoph-

692 3821 1038 3923 thegm.
1096 3823 1406 3901 lacon.
1462 3823 1878 3927 Lycurg.
1936 3826 2099 3920 15.)

904 3946 1261 4027 Herodot.
1300 3952 1359 4046 Ι,
1400 3952 1543 4027 93:
1610 3948 1772 4027 Τοῦ
1812 3948 2098 4027 Λυδῶν
2157 3949 2403 4050 δήμου
2457 3953 2536 4027 αἱ
2587 3954 2995 4054 θυγατέρες
3033 3947 3460 4050 πορνεύον-

686 4100 815 4144 ται
856 4068 1134 4162 πᾶσαι,
1192 4077 1694 4177 συλλέγουσαι
1735 4079 1952 4170 σφίσι
1991 4072 2320 4176 φερνὰς,
2377 4083 2450 4162 ἐς
2490 4068 2537 4151 ὃ
2575 4070 2678 4151 ἂν
2714 4072 3225 4165 συνοικήσωσι
3264 4076 3458 4151 τοῦ-

686 4224 777 4270 το
816 4198 1166 4275 ποιοῦσαι
1192 4223 1210 4243 ·
1266 4197 1662 4276 ἐκδιδόασι
1703 4199 1779 4277 δὲ
1824 4198 2060 4279 αὐταὶ
2097 4200 2401 4291 ἑωυτάς.
2471 4207 2742 4300 (Filiae
2779 4206 3046 4308 populi
3080 4204 3458 4306 Lydorum

686 4327 1251 4404 meretricantur
1287 4353 1581 4425 omnes,
1642 4330 1892 4409 dotem
1929 4331 2071 4408 sibi
2121 4332 2593 4433 colligentes,
2651 4330 2943 4432 hocque
3001 4332 3290 4408 faciunt
3327 4330 3454 4407 do-

686 4476 824 4529 nec
859 4462 1225 4555 nupturae
1266 4466 1461 4533 sunt.
1537 4452 1635 4532 Se
1672 4467 1924 4533 autem
1959 4456 2166 4558 ipsae
2202 4456 2283 4535 in
2319 4458 2866 4535 matrimonium
2903 4458 3266 4549 elocant.)

1836 4667 1989 4751 Ad
2022 4670 2309 4753 1³00.

895 4828 986 4904 In
1024 4829 1167 4907 hac
1204 4842 1420 4932 parte
1462 4833 1698 4934 major
1754 4848 1916 4911 erat
1965 4836 2386 4913 humanitas
2427 4834 2885 4915 Graecorum
2922 4864 3145 4938 quam
3183 4838 3450 4915 Roma·

678 4978 965 5030 norum.
1021 4953 1387 5033 Romulus
1422 4958 1623 5035 enim
1662 4959 1929 5037 duram
1965 4962 2172 5039 illam
2207 4964 2451 5063 legem
2489 4962 2655 5038 tulit
2675 5020 2694 5059 ‚
2743 4988 2934 5063 quae
2969 4964 3261 5041 mulieri
3299 4991 3450 5042 non

679 5078 1041 5180 permittit
1074 5080 1455 5160 discedere
1494 5110 1541 5161 a
1578 5086 1883 5182 marite,
1943 5088 2306 5187 permittit
2360 5098 2610 5167 autem
2663 5091 2930 5169 marito
2989 5088 3192 5171 illam
3232 5118 3450 5197 repu-

676 5202 899 5282 diare.
960 5204 1504 5299 (Plutarch.
1561 5210 1927 5290 Romul.
1983 5212 2151 5307 22.)
