3725 5850
1300 481 1399 533 nn
1438 482 2038 539 conrnAcvrmtvS.
2895 458 3054 537 383

298 675 532 755 sensio
583 674 948 755 exstiterit
984 677 1178 753 inter
1216 702 1384 770 eos,
1443 674 1538 750 ad
1578 675 1874 753 tabulas
1913 678 2231 772 reversi,
2298 675 2470 752 inde
2511 678 3048 753 controversia-

294 830 451 880 rum
486 800 1055 904 explicationem
1094 812 1379 905 petant.
1550 910 1753 985 1489

498 1033 997 1137 Συγγραφῶν
1036 1030 1441 1107 ποιοῦνται
1494 1026 1983 1135 ἀντίγραφα,
2040 1035 2172 1107 ἵνα
2229 1031 2482 1109 εἰδῶσι
2543 1038 2682 1108 καὶ
2729 1033 2838 1133 μή
2901 1064 3048 1110 πα-

294 1162 759 1257 ραβαίνωσιν
799 1160 869 1233 οἱ
910 1162 1396 1257 συνθέμενοι.

1450 1268 1874 1359 (Demosth.
1914 1270 1990 1343 in
2029 1268 2383 1370 Stephan.
2421 1270 2517 1363 ΙΙ,
2565 1264 2832 1362 1137.)

1570 1428 1797 1505 1489.

495 1544 1035 1634 Contractuum
1071 1556 1529 1657 exemplaria
1564 1554 1849 1631 faciunt
1879 1558 2367 1657 paciscenteS‚
2393 1583 2486 1633 ne
2526 1582 2660 1659 per
2696 1556 3046 1656 ignoran-

292 1684 465 1759 tiam
502 1684 579 1757 in
618 1708 744 1759 eos
783 1693 1121 1785 peccent.

1563 1788 1789 1865 1490.

500 1908 704 1999 Τούς
740 1910 969 2009 κοινῇ
1010 1915 1647 2015 ἐκγραψαμένους
1684 1907 1817 1997 τὰς
1866 1907 2307 2003 συνθήκας,
2367 1914 2460 1988 αἳ
2509 1922 2804 1989 κεῖνται
2845 1912 3044 2014 παρά

280 2066 474 2127 τινι,
532 2036 765 2113 πάλιν
801 2039 1305 2134 σημήνασθαι.
1509 2038 1936 2131 (Demosth.
1977 2039 2054 2113 in
2093 2038 2516 2141 Olympiod.
2565 2042 2830 2136 1180.)

1560 2200 1784 2277 1490.

495 2329 639 2423 Qui
679 2318 1140 2432 pactionem,
1198 2352 1387 2427 quae
1447 2327 1648 2427 apud
1700 2327 1925 2403 alium
1967 2324 2308 2429 deposita
2345 2336 2495 2422 est,
2555 2330 3048 2406 communiter

284 2457 746 2550 exscribunt,
806 2480 971 2531 eam
1006 2453 1251 2530 denuo
1292 2452 1710 2551 obsignent.

490 2746 1016 2843 Συγχωρεῖται
1061 2734 1536 2833 ἀνοιχθῆναι
1578 2734 1713 2823 τὰς
1752 2734 2154 2829 συνθήκας
2192 2741 2311 2811 ἐπὶ
2350 2734 2492 2812 τοῦ
2553 2735 3044 2835 δικαστηρίου

282 2871 415 2941 καὶ
457 2860 794 2942 ἀκοῦσαι
835 2863 1018 2952 τούς
1053 2862 1421 2951 δικαστάς
1460 2869 1597 2940 καὶ
1639 2862 1872 2940 πάλιν
1927 2863 2414 2962 σημανθῆναι
2475 2866 2837 2939 ἐναντίον
2890 2863 3046 2941 τῶν

280 2989 686 3070 δικαστῶν.
1509 2994 1940 3089 (Demosth.
1980 2994 2054 3066 in
2094 2990 2517 3094 Olympiod.
2562 2992 2828 3084 1181.)

1552 3155 1781 3230 1491.

490 3262 939 3340 Conceditur
976 3263 1245 3364 aperiri
1283 3263 1359 3339 in
1386 3261 1671 3363 judicio
1710 3263 2096 3364 pactiones
2135 3273 2209 3337 et
2235 3261 2528 3337 recitari
2554 3246 2930 3362 judicibus
2969 3275 3042 3340 et

275 3403 528 3466 rursus
570 3389 951 3488 obsignari
988 3415 1243 3467 coram
1277 3389 1444 3466 illis.
1555 3495 1757 3569 ¹492

471 3598 677 3679 ‘'Oo'a
714 3632 825 3688 τις
862 3596 965 3678 ἄν
1004 3594 1413 3704 ὁμολογῶν
1452 3604 1885 3692 ξυνθέσθαι
1918 3597 2024 3698 μή
2068 3600 2250 3698 ποιῇ
2294 3598 2498 3677 κατὰ
2555 3597 2690 3687 τοὶς
2748 3593 3038 3698 ὁμολο-

276 3733 486 3832 γίας,
548 3723 747 3817 πλὴν
803 3715 913 3804 ὦν
970 3721 1073 3802 ἂν
1128 3724 1351 3826 νόμοι
1410 3723 1873 3830 ἀπείργωσιν
1931 3719 1978 3817 ἢ
2032 3722 2435 3826 ψήφισμα,
2515 3720 2563 3818 ἤ
2617 3757 2822 3814 τινος
2877 3719 3032 3802 ὑπὸ

276 3851 565 3930 ἀδίκου
598 3856 953 3952 βιασθεὶς
998 3849 1343 3956 ἀνάγκης
1382 3845 1856 3956 ὁμολογήσῃ,
1916 3857 2052 3926 καί
2091 3849 2231 3928 ἐὰν
2285 3849 2438 3928 ἀπὸ
2478 3847 2710 3950 τύχης
2749 3850 3038 3950 ἀπροσ-

278 3977 619 4072 δοκήτου
672 4009 785 4064 τις
841 3971 1063 4058 ὅτ’κων
1099 3977 1453 4076 κωλυθῇ,
1496 3976 1721 4066 δίκας
1759 3975 1954 4053 εἶναι
1993 3977 2153 4054 τῶν
2189 3969 2446 4053 ἄλλων
2483 3973 2802 4064 ἀτελοῦς
2840 3969 3036 4076 ὃμο-

275 4109 561 4211 λογίας.
1234 4115 1243 4130 ’
1755 4107 2035 4201 (Plato.
2077 4107 2256 4208 Leg.
2295 4108 2428 4202 XI,
2471 4106 2647 4202 920,
2687 4109 2820 4200 D.)

1551 4233 1775 4308 1492.

488 4341 991 4442 Quaecunque
1050 4341 1214 4441 quis
1271 4352 1565 4444 pactum
1625 4367 1701 4415 se
1760 4339 2004 4417 fatens
2061 4368 2212 4417 non
2262 4353 2594 4443 praestat
2631 4340 3036 4420 secundum

277 4479 683 4560 conventa,
744 4477 1264 4566 praeterquam
1324 4491 1515 4564 quae
1552 4464 1757 4563 leges
1796 4467 2195 4566 prohibent
2229 4467 2352 4543 vel
2390 4466 2772 4544 decretum
2811 4469 2932 4544 vel
2972 4469 3034 4543 si

277 4591 447 4694 quid
486 4593 753 4690 injusta
791 4604 1090 4667 coactus
1128 4591 1568 4666 necessitate
1618 4593 1989 4686 convenit,
2030 4604 2104 4667 et
2140 4591 2201 4666 si
2239 4593 2400 4692 quis
2437 4617 2612 4670 casu
2649 4593 3035 4694 inopinato

276 4717 547 4794 invitus
586 4715 988 4817 impeditus
1028 4727 1158 4808 est,
1197 4715 1287 4790 de
1329 4716 1628 4816 reliquis
1653 4716 1942 4816 judicia
1981 4717 2130 4792 sint
2166 4719 2513 4794 conventi
2551 4745 2703 4794 non
2741 4719 3034 4793 servati.

468 4977 621 5058 ’Ἑν
660 5014 736 5058 τε
776 4981 1208 5074 συνθήκαις
1244 4988 1378 5058 καί
1421 4971 1868 5087 ὁμολογίαις
1903 4987 2326 5084 κυρίωτερα
2363 4979 2457 5058 ‘toi
2490 4978 2764 5081 ὕστερα
2805 4986 3032 5080 νομί-

286 5117 478 5200 ζεται
516 5114 654 5183 καὶ
692 5101 1157 5210 βεβαιότεροί
1182 5108 1338 5184 τῶν
1374 5107 1705 5208 πρώτων.

1270 5222 1683 5315 (Plutarch.
1724 5233 2004 5320 quaest.
2043 5224 2332 5300 conviv.
2372 5225 2504 5320 IX,
2548 5222 2668 5318 13,
2707 5223 2822 5314 3.)
