3725 5850
711 393 866 472 234
1797 415 1924 466 ms
1958 413 2381 468 Pvnmcuu.

707 607 942 684 τοῦτο
969 603 1330 709 χρήματα
1355 633 1369 648 ·
1427 601 1827 695 ἐπιστάσης
1866 599 1945 678 δὲ
2006 600 2137 693 τῆς
2192 603 2490 704 ἑορτῆς,
2549 598 3066 710 ἀγωνίζονται
3104 601 3295 706 πρὸς
3332 599 3474 680 ἆλ-

708 733 984 828 λήλους
1025 736 1099 808 οἳ
1125 737 1452 836 χορηγοὶ
1489 737 1630 807 καὶ
1666 735 2095 830 ἐρίζουσιν,
2146 723 2444 831 ὕμνους
2482 735 2587 818 εἰς
2624 727 2768 808 τὸν
2802 729 3190 809 Διόνυσον
3228 727 3471 831 ᾄδον-

704 890 864 946 τες·
929 864 1065 934 καὶ
1122 859 1230 957 τῷ
1287 857 1608 934 νικῶντι
1665 860 1978 955 τρίπους
2032 851 2121 930 τὸ
2182 849 2440 932 ἆθλόν
2493 863 2689 933 ἐστι·
2745 865 3169 958 παυομένης
3226 855 3307 936 δὲ
3343 855 3471 948 τῆς

709 985 1004 1086 ἑορτῆς,
1065 991 1151 1060 ἐν
1186 983 1292 1082 τῷ
1334 979 1602 1082 πρώτῳ
1631 987 1817 1081 μηνὶ
1859 978 2430 1082 προβάλλονται
2490 984 2563 1057 οὶ
2601 988 2929 1086 χορηγοὶ
2968 981 3097 1073 τῆς
3125 979 3468 1082 μελλού-

708 1137 832 1204 σης
872 1111 1124 1210 ἑορτῆς
1369 1109 1782 1212 (Anonymi
1822 1121 2241 1209 argument.
2278 1112 2361 1186 in
2392 1111 2775 1188 Demosth.
2818 1111 2994 1190 Mid.
3036 1112 3301 1205 510.)-

917 1381 1231 1458 Lenaeis
1287 1391 1580 1457 creatur
1632 1271 2433 1478 choragus9345ingulis
2492 1380 2739 1457 tribub
2762 1407 2809 1455 u
2930 1379 3055 1480 qui
3095 1379 3359 1455 choros
3397 1388 3469 1454 et

704 1533 1099 1612 puerorum
1156 1517 1232 1583 et
1284 1508 1615 1582 virorum
1650 1507 1842 1602 alat3
1900 1516 1977 1582 et
2032 1505 2126 1582 ad
2190 1531 2357 1582 eam
2412 1532 2567 1584 rem
2623 1506 2794 1582 huic
2849 1507 3168 1606 pecunia
3224 1505 3464 1580 datur.

703 1638 1012 1712 Festum
1047 1646 1298 1710 autem
1344 1659 1573 1734 quum
1629 1634 2086 1726 celebratur,
2146 1644 2434 1710 certant
2490 1644 2565 1710 et
2620 1630 3087 1708 contendunt
3137 1631 3335 1706 inter
3389 1655 3463 1704 se

702 1761 1006 1858 choragi
1045 1759 1496 1836 carminibus
1531 1758 1610 1833 in
1648 1758 1929 1834 Bacchi
1963 1756 2263 1834 laudem
2302 1757 2691 1834 cantandis
2714 1813 2733 1848 ‚
2793 1767 2868 1832 et
2924 1756 3189 1832 victori
3230 1756 3462 1856 tripus

701 1887 1114 1987 praemium
1154 1895 1286 1960 est.
1360 1883 1544 1958 Post
1581 1894 1971 1984 peractum
2008 1882 2279 1958 festum
2330 1882 2568 1983 primo
2604 1906 2861 1960 mense
2900 1891 3251 1957 creantur
3290 1880 3459 1956 cho-

701 2012 862 2111 ragi
900 2009 1132 2088 futuri
1169 2009 1357 2086 festi.

1994 2115 2172 2190 925.

903 2235 1006 2316 ςΟ
1043 2233 1246 2331 ἅπαξ
1273 2236 1705 2343 χορηγήσας
1743 2234 2306 2313 ἀπαλλάσσεται
2345 2234 2486 2312 τοῦ
2516 2248 2909 2343 χορηγεῖν.

1658 2366 1945 2460 (Schol.
1984 2366 2063 2442 in
2100 2367 2482 2442 Demosth.
2522 2367 2815 2469 Leptin.
2858 2367 3037 2462 465,
3078 2367 3250 2460 28.)

912 2620 1058 2714 Qui
1100 2618 1262 2721 jam
1315 2620 1546 2697 semel
1600 2618 1808 2695 chori
1844 2510 2182 2718 sumzztgs
2221 2618 2608 2719 praebuit,
2665 2619 3017 2696 immunis
3055 2629 3168 2696 est
3202 2645 3251 2693 a
3288 2617 3449 2693 cho-

699 2747 860 2845 ragi
895 2771 1224 2822 munere.

915 2962 1008 3036 Οἱ
1065 2956 1618 3035 πλουσιώτατοι
1675 2852 2305 3057 τριηραρὲἓέντες
2363 2953 2481 3032 ἀεὶ
2537 2956 2699 3034 τῶν
2743 2957 3137 3060 χορηγιῶν
3176 2952 3449 3041 ἀτελεῖς

693 3076 1204 3188 ὑπάρχουσιν.
2010 3088 2431 3180 (Demosth.
2472 3086 2639 3163 adV.
2684 3087 2978 3200 Leptin.
3020 3088 3240 3179 462.)

1988 3230 2165 3305 926.

906 3340 1269 3419 Ditissimi
1307 3340 1617 3441 quique,
1675 3339 1853 3413 dum
1888 3339 2325 3414 trierarchia
2362 3338 2806 3437 funguntur,
2866 3362 3159 3437 semper
3194 3334 3443 3411 immu-

693 3494 828 3544 nes
869 3478 1041 3543 sunt
1077 3494 1123 3543 a
1160 3467 1530 3564 choragia.
1570 3473 1576 3480 '

1996 3572 2172 3645 927.

897 3675 1041 3753 Ἐν
1095 3675 1183 3774 τῇ
1243 3682 1613 3777 ἐκκλησίᾳ
1670 3674 1813 3751 τὸν
1847 3670 2214 3775 ,ἄρχοντα
2272 3674 2742 3773 ἐπικληροῦν
2779 3684 2935 3761 τοῖς
2960 3682 3233 3773 χοροῖς
3270 3668 3442 3757 τούς

692 3800 1046 3896 αὐλητάς.
2080 3804 2498 3897 (Demosth.
2539 3804 2617 3879 in
2657 3802 2979 3879 Midiam.
3024 3804 3239 3895 519.)

1991 3947 2169 4021 927.

904 4058 994 4135 In
1032 4057 1390 4133 concione
1430 4055 1655 4131 debet
1691 4054 1972 4131 archon
2013 4054 2257 4131 choris
2295 4056 2637 4131 tibicines
2676 4056 2937 4131 sortito
2977 4055 3174 4131 dare.

1982 4792 2158 4866 928.

901 4900 975 4968 Γ
965 4896 1491 4993 υμνασίαρχος
1543 4893 1620 4970 δὲ
1661 4888 1704 4972 ὅ
1748 4902 2101 4993 παρέχων
2156 4887 2532 4971 τοῦλαιον
2582 4904 2741 4981 τοῖς
2799 4900 3439 4999 γυμναζομένοις,

684 5026 827 5097 καὶ
865 5020 1245 5120 κρατῆρας
1284 5025 1648 5120 πίμπλησι
1685 5034 1846 5109 τοῖς
1882 5025 2387 5121 βουλομένοις
2424 5020 2749 5120 δημοσίᾳ
2778 5029 3171 5124 χρίεσθαι.

1647 5150 1929 5245 (Schol.
1968 5152 2045 5227 in
2079 5153 2465 5229 Demosth.
2506 5152 2803 5254 Leptin.
2844 5154 3024 5248 465,
3069 5154 3235 5245 28.)
3330 5158 3335 5163 ’
