3725 5850
618 430 770 510 356
1707 452 1832 506 ms
1870 450 2309 508 vaA'run.

617 645 756 724 ἐὰν
791 654 882 724 ἐκ
920 643 1075 721 τῶν
1113 639 1375 720 αὐτῶν
1412 635 1595 733 ὦσι,
1672 647 1807 717 καὶ
1867 638 2007 719 ἐὰν
2060 648 2259 746 γένει
2312 640 2704 744 ἀπωτέρω·
2764 639 2903 720 ἐὰν
2960 641 3039 720 δὲ
3086 637 3196 740 μή
3259 631 3398 718 ω’σι

617 769 802 871 πρὸς
843 766 1122 868 πατρὸς
1153 777 1416 868 μέχρις
1461 767 1810 871 ἀνεψιῶν
1849 767 2195 858 παίδων,
2253 766 2435 857 τούς
2498 765 2682 871 πρὸς
2718 766 3003 868 μητρὸς
3062 769 3205 845 τοῦ
3246 764 3391 845 ἆν-

619 893 793 996 δρὸς
830 894 1034 972 κατα
1076 893 1318 972 ταύτὰ
1357 899 1684 994 κυρίους
1721 893 1919 970 εἶναι
1945 920 1962 937 ·
2016 893 2157 971 ἐάν
2196 895 2271 970 δὲ
2305 895 2832 996 μηδετέρωθεν
2867 888 2921 994 ᾗ
2956 893 3171 982 ἐντὸς
3208 893 3403 970 τού-

619 1053 773 1098 των
799 1081 818 1112 ,
876 1019 1018 1098 τὸν
1056 1021 1334 1119 πατρὸς
1373 1021 1759 1128 ἐγγυτάτω
1799 1021 2083 1118 κύριον
2121 1021 2189 1098 εἶ
2194 1052 2338 1102 ναι.

1871 1133 2302 1227 (Demosth.
2353 1134 2520 1210 adV.
2560 1135 2869 1212 Macart.
2915 1133 3185 1225 1067.)

1902 1295 2131 1370 1387.

834 1406 1187 1506 Quisquis
1244 1406 1636 1481 intestatus
1691 1402 2043 1494 moritur,
2104 1404 2165 1478 si
2216 1404 2495 1480 liberos
2543 1405 2925 1481 muliebris
2964 1430 3186 1481 sexus
3227 1403 3393 1480 reli-

618 1531 900 1632 querit,
962 1557 1130 1606 cum
1171 1531 1414 1624 hisce3
1472 1528 1587 1603 sin
1625 1528 1909 1622 minu8,
1966 1528 2043 1603 hi
2096 1529 2235 1604 soli
2294 1530 2663 1606 bonorum
2699 1529 2979 1605 domini
3018 1540 3279 1605 sunto:
3337 1528 3400 1604 si

617 1659 882 1733 fratres
941 1654 1240 1756 quidem
1299 1655 1575 1731 fuerint
1628 1655 2010 1752 germani,
2073 1664 2148 1729 et
2193 1654 2254 1728 si
2293 1654 2508 1730 liberi
2548 1681 2586 1730 e
2632 1655 2987 1731 fratribus
3043 1653 3397 1752 legitimi,

619 1783 852 1885 patris
891 1783 1005 1857 sui
1045 1791 1334 1881 partem
1373 1779 1800 1855 sortiuntor¹.
1880 1777 2017 1854 Sin
2074 1778 2343 1856 fratres
2398 1805 2554 1856 non
2612 1779 2890 1855 fuerint
2926 1791 3054 1856 aut
3091 1780 3401 1856 fratrum
3464 1781 3469 1788 ’

621 1908 876 1998 liberi,
933 1906 1201 1982 horum
1262 1904 1543 2007 posteri
1599 1904 1674 1978 in
1735 1903 1997 1980 eadem
2036 1904 2323 1979 ratione
2366 1905 2789 1980 sortiuntor.
2866 1905 3401 1981 Praeferuntor

618 2033 864 2109 autem
919 2060 1160 2108 mares
1219 2043 1293 2106 et
1330 2058 1375 2107 a
1411 2029 1738 2106 maribus
1799 2029 2237 2130 propagati,
2296 2031 2359 2106 si
2417 2057 2509 2106 ex
2564 2031 2830 2108 iisdem
2887 2057 3057 2107 cum
3112 2041 3399 2106 mortuo

621 2161 932 2253 fuerint,
993 2159 1130 2236 etsi
1167 2183 1446 2255 genere
1497 2154 1954 2236 remotiores.
2031 2155 2164 2230 Sin
2220 2181 2374 2231 non
2430 2157 2707 2232 fuerint
2765 2159 3067 2256 cognati
3106 2184 3151 2233 a
3186 2167 3400 2257 patre

619 2285 892 2361 mortui
929 2311 1159 2385 usque
1200 2284 1294 2360 ad
1345 2285 1656 2360 fratrum
1696 2283 2145 2383 patruelium
2180 2282 2498 2375 liberos,
2558 2283 2646 2377 ii,
2708 2283 2833 2382 qui
2870 2294 3045 2359 sunt
3080 2311 3126 2359 a
3163 2293 3401 2358 matre

617 2412 756 2484 viri
793 2411 1106 2504 mortui,
1165 2409 1324 2510 pari
1366 2408 1652 2485 ratione
1695 2405 1976 2482 domini
2016 2419 2257 2482 sunto,
2336 2405 2469 2481 Sin
2528 2432 2567 2481 e
2628 2420 2894 2483 neutra
2944 2419 3155 2510 parte
3206 2408 3403 2482 intra

615 2537 753 2614 hos
793 2537 1107 2631 fuerint,
1168 2562 1214 2611 a
1251 2546 1463 2636 patre
1505 2532 1889 2633 proximus
1933 2531 2289 2608 obtineto,

835 2805 941 2879 Εἴ
969 2833 1079 2890 τις
1120 2807 1504 2906 θυγατέρα
1544 2831 1753 2890 τινος
1802 2696 2284 2902 ἕχὲιΒῗῗρὠν
2340 2795 2671 2890 ἀδίκως,
2719 2796 3045 2898 μηδενὸς
3104 2797 3398 2896 δόντος,

623 2924 779 3007 οὔκ
817 2936 1013 3006 εἰσιν
1050 2932 1121 3004 οἱ
1163 2926 1417 3015 παῖδες
1455 2925 1953 3027 κληρονόμοι.

1975 3038 2400 3131 (Demosth.
2442 3064 2577 3139 pro
2618 3038 2917 3115 Phorm.
2960 3040 3183 3135 954.)

1911 3183 2134 3260 1388.

838 3291 917 3369 Si
955 3292 1119 3393 quis
1156 3319 1294 3393 per
1331 3292 1680 3393 injuriam
1737 3286 2033 3393 raptam
2090 3292 2432 3368 habuerit
2470 3290 2777 3392 alicujus
2818 3292 3084 3385 filiam,
3144 3288 3403 3365 datam

623 3448 668 3497 a
705 3420 1039 3511 nemine,
1097 3418 1348 3518 proles
1389 3442 1542 3495 non
1583 3426 1805 3493 sunto
1849 3416 2186 3495 heredes.

1898 3580 2125 3655 1389.

827 3698 1022 3781 Ἐοῖν
1063 3697 1395 3799 ἀδελφὸς
1436 3694 1846 3801 ὁμοπάτωρ
1890 3695 2123 3788 ἅπαις
2158 3700 2557 3799 τελευτήσῃ
2597 3706 2732 3775 καὶ
2764 3698 2873 3800 μή
2918 3699 3399 3803 διαθέμενος,

624 3830 761 3922 τήν
798 3860 875 3904 τε
907 3824 1252 3923 ἀδελφήν
1292 3818 1602 3927 ὁμοίως,
1643 3822 1805 3903 κᾶν
1844 3834 1925 3917 ἐξ
1966 3832 2213 3926 ἑτέρας
2253 3823 2717 3923 ἀδελφιδοῦς
2747 3818 2797 3924 ᾖ
2826 3822 3185 3931 γεγονώς,
3226 3828 3403 3899 ι’σο-

617 3963 942 4055 μοίρους
979 3954 1133 4029 τῶν
1160 3951 1575 4053 χρημάτων
1616 3950 1832 4029 εἶναι.

1858 4067 2151 4157 (Isaeus
2194 4064 2285 4139 de
2327 4062 2670 4165 Apollod.
2710 4064 2864 4141 her.
2904 4058 2971 4165 ξ.
3018 4064 3183 4155 19.)

1958 4226 2004 4297 3
2118 4283 2134 4300 .

839 4334 921 4411 Si
975 4336 1138 4437 quis
1199 4334 1426 4411 frater
1485 4334 1798 4411 duarum
1857 4226 2199 4410 scirogriim
2256 4360 2348 4409 ex
2404 4332 2667 4409 iisdem
2703 4333 3141 4434 parentibus
3178 4343 3405 4411 natus

625 4462 782 4537 sine
823 4462 1032 4564 prole
1072 4460 1473 4536 decesserit
1513 4459 1871 4559 nulloque
1911 4458 2190 4560 scripto
2230 4468 2699 4549 testament0‚
2740 4469 2895 4531 tum
2935 4459 3189 4559 aequis
3228 4485 3403 4559 par-

625 4588 824 4662 tibus
861 4586 1391 4661 haereditatem
1431 4585 1592 4684 ejus
1633 4609 1939 4659 cernere
1999 4608 2474 4681 sororemque
2515 4580 2823 4659 alteram
2860 4584 3102 4659 adhuc
3140 4610 3403 4685 super-

627 4715 874 4789 stitem
911 4712 1358 4809 alteriusque
1398 4710 1553 4784 vita
1589 4708 1996 4784 defunctae
2038 4708 2291 4783 filium.

787 5002 794 5008 ·
848 4986 1025 5081 Τοῖς
1063 4986 1156 5055 ἐκ
1188 4980 1319 5070 τῆς
1355 4983 1664 5084 γνησίας
1707 4978 2094 5083 θυγατρὸς
2133 4982 2343 5053 παισὶ
2381 4976 2786 5083 γεγονόσιν
2828 4968 3195 5054 ἁπάντων
3242 4975 3404 5059 τῶν

631 5104 1026 5206 παππῴων
1060 5109 1536 5204 κληρονομία
1577 5104 1964 5203 προσήκει.

1957 5217 2249 5309 (Isaeus
2286 5216 2375 5293 de
2415 5218 2677 5318 Pyrrh.
2718 5216 2871 5295 her.
2910 5214 2977 5319 §.
3022 5218 3185 5310 50.)
