3725 5850
1478 446 1856 523 omitum.
2585 516 2589 519 .
2893 444 3046 524 321

298 667 501 742 ἐστὶν
536 652 584 738 ὃ
620 656 1076 741 ἀνέσπακεν.
1138 656 1554 742 ςΑποίντων
1590 656 1668 734 δὲ
1712 652 1848 751 ἤδη
1885 656 2230 757 ἐχόντων
2289 654 2332 739 ὅ
2385 656 2765 759 ἀλυτάχης
2816 656 2859 752 ἢ
2897 660 3056 739 τῶν

296 785 816 867 ἑλλανοδικῶν
852 783 1115 863 αὐτῶν
1150 784 1296 878 εἷς,
1365 783 1676 886 περιιών
1726 792 2132 863 ἐπισκοπεῖ
2180 783 2362 875 τούς
2411 784 2739 885 κλήρους
2776 794 2864 863 ἐν
2897 785 3051 863 κύ-
3129 884 3141 893 .

286 921 459 1015 ’κλφ
513 912 857 990 ἑστώτων
911 918 1047 989 καὶ
1106 908 1311 990 οὕτω
1364 910 1510 989 τὸν
1552 917 1702 1012 μὲν
1754 911 1843 988 τὸ
1905 906 2120 1008 ἄλφα
2181 916 2466 1009 ἔχοντα
2511 912 2624 1011 τῷ
2660 907 2750 987 τὸ
2787 919 3054 1010 ἕτερον

290 1034 505 1135 ἄλφα
543 1034 1018 1115 ἀνεσπακότι
1056 1042 1409 1114 παλαίειν
1456 1033 1503 1130 ἢ
1540 1034 2142 1142 παγκρατιάζειν
2195 1034 2556 1113 συνάπτει
2580 1092 2602 1126 ,
2660 1034 2803 1111 τὸν
2842 1034 2920 1111 δὲ
2959 1035 3050 1113 τὸ

284 1164 479 1263 βῆτα
499 1161 719 1265 τῷτὸ
740 1164 941 1265 βῆτα
968 1156 1274 1263 ὅμοίως,
1314 1169 1455 1239 καὶ
1492 1161 1675 1253 τούς
1714 1158 1999 1252 ἄλλους
2033 1161 2216 1252 τούς
2254 1156 2808 1268 ὁμογράμμους
2843 1158 3052 1237 κατὰ

284 1286 567 1365 ταύτά·
626 1284 833 1366 οὕτω
861 1290 1013 1389 μὲν
1048 1288 1237 1395 γάρ,
1300 1284 1395 1381 ἢν
1432 1282 1679 1390 ἄρτιοι
1720 1281 1912 1389 (ᾖσιν
1968 1292 2042 1364 οἱ
2101 1285 2555 1395 ἀγωνισταὶ·
2618 1282 2715 1379 ἢν
2772 1286 2848 1362 δὲ
2911 1318 3050 1363 πε-

284 1418 523 1517 ριττοὶ
544 1472 567 1506 ,
626 1413 936 1519 γράμμα
972 1446 1043 1490 τι
1084 1411 1435 1515 περιττὸν
1473 1419 1586 1490 ἑνὶ
1626 1412 1882 1514 κλήρῳ
1920 1418 2302 1518 ἐγγραφὲν
2340 1410 2850 1514 συμβάλλεται
2899 1410 3051 1491 αὐ·-

282 1551 472 1631 τοῖς,
528 1536 1019 1646 ἀντίγραφον
1056 1535 1251 1618 ἄλλο
1292 1536 1451 1617 οὐκ
1488 1543 1695 1637 {2³⁰7-
1730 1534 1878 1627 ‘⁸09
1917 1538 1988 1614 δ’
2029 1536 2133 1618 ἂν
2167 1539 2400 1617 τοῦτο
2439 1538 2863 1638 ἀνασπάσῃ,
2904 1547 3052 1636 ἑφ-

286 1664 568 1766 εδρεύει
606 1672 1067 1766 περιμένων,
1124 1674 1273 1743 ἐστ’
1312 1661 1417 1743 ἂν
1451 1672 1735 1745 ἐκεῖνοι
1776 1662 2343 1769 ἀγωνίσωνται·
2402 1661 2496 1741 οὐ
2557 1662 2706 1769 γὰρ
2763 1668 2920 1762 ἔχει
2957 1662 3048 1745 τὸ

284 1788 803 1899 ἀντίγραμμα.
1803 1793 2150 1887 (Lucian.
2190 1793 2629 1872 Hermotim.
2670 1794 2837 1888 40.)

1554 1956 1589 2028 1
1604 1956 1779 2031 262.

499 2099 1029 2179 Hellanodicae
1068 2100 1517 2194 sortiuntur,
1576 2124 1799 2199 quem
1834 2124 2160 2199 quocum
2199 2110 2328 2179 aut
2364 2099 2560 2178 lucta
2597 2111 2880 2181 certare
2919 2112 3047 2178 aut

278 2226 671 2329 pancratio
710 2236 1073 2328 oporteat.
1150 2226 1363 2303 Urna
1408 2233 1775 2325 'argentea
1830 2227 2211 2326 proposita
2269 2238 2420 2321 est,
2481 2224 2600 2305 dei
2649 2253 2880 2305 sacra.
2957 2230 3050 2307 In

278 2352 481 2428 hanc
514 2376 793 2453 parvae
832 2352 1175 2429 fabarum
1209 2353 1442 2427 instar
1478 2360 1717 2428 sortes
1749 2351 2223 2451 injiciuntur,
2277 2350 2699 2452 inscriptae.
2776 2353 3046 2429 Inscri-

278 2477 489 2553 bitur
520 2488 767 2555 autem
812 2476 1009 2554 binis
1044 2475 1113 2553 A
1135 2535 1153 2572 ,
1209 2476 1407 2551 binis
1444 2474 1604 2551 aliis
1642 2476 1705 2550 B
1729 2532 1747 2569 ,
1806 2476 1970 2551 aliis
2006 2475 2202 2553 binis
2239 2476 2314 2553 G
2336 2534 2354 2571 ,
2413 2487 2489 2553 et
2527 2476 2790 2555 eodem
2823 2478 3043 2555 modo

276 2602 680 2703 deinceps,
738 2603 799 2677 si
835 2603 1087 2703 plures
1126 2600 1451 2677 athletae
1491 2600 1806 2694 fuerint,
1867 2611 1950 2677 ut
2005 2599 2196 2677 duae
2253 2627 2548 2703 semper
2595 2613 2834 2682 sortes
2871 2629 3043 2681 ean-

276 2728 453 2804 dem
488 2728 779 2803 literam
826 2726 1173 2803 habeant.
1246 2725 1631 2802 Accedens
1686 2734 1940 2800 autem
1995 2724 2443 2802 athletarum
2495 2729 3039 2828 unusquisque,

276 2854 331 2930 J
336 2878 563 2930 ovem
598 2862 985 2955 precatus,
1047 2851 1362 2928 demissa
1410 2850 1487 2926 in
1526 2875 1791 2926 urnam
1828 2875 2054 2926 manu
2092 2851 2399 2928 sortium
2436 2878 2664 2930 unam
2702 2854 3044 2950 extrahit,

237 2989 352 3054 ·et
388 2988 565 3080 post
599 2979 811 3053 illum
849 2977 1079 3073 alius3
1134 2987 1530 3076 astansque
1587 2975 1982 3076 unicuique
2039 2974 2436 3074 flagellifer
2489 3004 2796 3054 manum
2847 2980 3044 3056 illius

275 3106 588 3196 retinet,
665 3127 805 3180 nec
859 3103 1037 3180 sinit
1088 3102 1299 3177 illum
1365 3100 1617 3177 videre
1674 3126 1867 3200 quae
1924 3101 2020 3176 sit
2075 3101 2290 3178 litera
2343 3126 2565 3204 quam
2623 3106 3042 3185 extraxerit.
3089 3183 3094 3190 ,

277 3227 655 3304 Omnibus
711 3237 959 3302 autem
1016 3251 1225 3302 suam
1270 3225 1433 3326 jam
1469 3223 1964 3319 habentibus,
2023 3223 2469 3328 Alytarcha,
2528 3241 2656 3305 aut
2709 3230 3043 3329 ipsorum

274 3379 468 3428 unus
508 3350 1165 3428 Hellanodicarum
1222 3351 1661 3426 circumiens
1717 3350 2021 3451 inspicit
2059 3361 2294 3428 sortes
2331 3355 2684 3429 stantium
2723 3354 3001 3430 circulo
3023 3413 3042 3448 ,

274 3491 499 3578 atque
539 3479 645 3553 ita
681 3501 845 3552 eum
884 3477 1011 3575 qui
1046 3475 1115 3551 A
1153 3475 1421 3569 habet,
1478 3501 1649 3552 cum
1703 3500 1791 3552 eo
1852 3477 1978 3575 qui
2034 3477 2352 3554 alterum
2406 3476 2476 3555 A
2535 3481 2888 3578 extraxit,
2947 3480 3042 3557 ad

274 3604 559 3680 luctam
598 3603 718 3678 vel
756 3601 1224 3701 pancratium
1278 3612 1699 3701 comparat,
1758 3601 2240 3704 similiterque
2280 3627 2450 3680 eum
2494 3604 2612 3680 cui
2651 3606 2714 3680 B
2754 3607 3040 3700 evenit,

274 3755 447 3806 cum
488 3728 725 3806 altero
763 3729 888 3831 qui
925 3728 988 3802 B
1027 3727 1292 3822 habet,
1348 3737 1424 3804 et
1470 3727 1792 3830 reliquos
1849 3730 2185 3832 ejusdem
2222 3729 2480 3807 literae
2519 3731 2783 3808 eadem
2819 3733 3038 3808 ratio-

272 3881 385 3932 ne.
468 3851 717 3955 Atque
773 3853 886 3930 ita⁴
933 3852 1230 3955 quidem
1287 3855 1347 3929 si
1404 3856 1565 3954 pari
1613 3881 1924 3932 numero
1963 3855 2110 3932 sint
2147 3857 2492 3934 athletae.
2573 3856 2652 3932 Si
2690 3881 2868 3933 vero
2906 3859 3038 3933 im-

271 3981 435 4082 pari
477 4003 827 4073 numer0,
884 3979 1097 4056 litera
1150 3977 1517 4078 quaedam
1561 3981 1803 4080 impar
1841 3991 1916 4056 et
1949 3982 2154 4082 ipsa,
2215 3981 2342 4058 uni
2382 3992 2674 4058 tantum
2711 3983 2891 4059 sorti
2925 3983 3036 4059 in·

270 4107 595 4208 scripta,
652 4103 1231 4206 respondentem
1284 4105 1426 4182 sibi
1480 4106 1704 4181 aliam
1750 4131 1902 4183 non
1940 4105 2268 4202 habens,
2326 4132 2495 4182 cum
2533 4109 2833 4210 reliquis
2869 4110 3036 4211 inji-

274 4233 489 4308 citur.
566 4231 781 4308 Hanc
816 4230 941 4331 qui
980 4231 1419 4326 extraxerit,
1478 4229 1810 4308 subsidet
1862 4243 2270 4334 expectans
2328 4233 2507 4308 dum
2561 4231 2666 4310 illi
2705 4245 3034 4314 certave-

269 4358 461 4436 rint:
520 4381 670 4432 non
707 4355 907 4432 enim
940 4356 1171 4433 habet
1207 4379 1301 4434 ex
1338 4355 1653 4435 adverso
1694 4358 1835 4435 sibi
1873 4358 2456 4464 respondentem
2492 4359 2800 4438 literam.
2837 4447 2846 4456 ‚

1546 4557 1773 4635 1263.

482 4694 1095 4804 Ἀλυτάρχης
1150 4694 1233 4775 δέ
1263 4705 1470 4776 ἐστιν
1506 4689 1549 4776 ὁ
1588 4697 1718 4790 τῆς
1755 4704 1841 4777 ἐν
1889 4700 1999 4802 τῷ
2047 4695 2564 4801 Ὀλυμπιακῴ
2620 4698 2860 4808 ἀγῶνι
2897 4698 3034 4812 ετξ-

276 4825 609 4924 κοσμίας
645 4815 925 4924 ἄρχων.
1536 4936 1739 5014 1263
2125 4829 2484 4932 (Etymol.
2525 4830 2818 4931 Magn.)

494 5077 896 5182 Alytarcha
949 5087 1197 5154 autem
1252 5087 1366 5154 est
1419 5077 1709 5161 decoris
1768 5091 1845 5161 et
1899 5080 2182 5160 ordinis
2217 5083 2293 5160 in
2333 5084 2732 5160 certamine
2771 5083 3025 5186 Olym-

278 5206 573 5310 piorum
607 5203 953 5286 servandi
988 5203 1426 5314 praefectus.
2703 5301 2708 5306 ‚

2517 5333 2596 5407 21
