<?xml version="1.0" encoding="UTF-8"?>
<!DOCTYPE html PUBLIC "-//W3C//DTD XHTML 1.0 Transitional//EN"
    "http://www.w3.org/TR/xhtml1/DTD/xhtml1-transitional.dtd">
<html xmlns="http://www.w3.org/1999/xhtml" xml:lang="en" lang="en">
 <head>
  <title>
</title>
<meta http-equiv="Content-Type" content="text/html;charset=utf-8" />
  <meta name='ocr-system' content='tesseract 3.04.00' />
  <meta name='ocr-capabilities' content='ocr_page ocr_carea ocr_par ocr_line ocrx_word'/>
</head>
<body>
  <div class='ocr_page' id='page_1' title='image "./synaggtnattiknn01tlgoog_0358.png"; bbox 0 0 3725 5850; ppageno 0'>
   <div class='ocr_carea' id='block_1_1' title="bbox 671 439 2330 525">
    <p class='ocr_par' dir='ltr' id='par_1_1' title="bbox 671 439 2330 525">
     <span class='ocr_line' id='line_1_1' title="bbox 671 439 2330 525; baseline 0.004 -7"><span class='ocrx_word' id='word_1_1' title='bbox 671 439 824 518; x_wconf 74' lang='lat'><em>332</em></span> <span class='ocrx_word' id='word_1_2' title='bbox 1747 469 1873 524; x_wconf 80' lang='lat' dir='ltr'><em>ms</em></span> <span class='ocrx_word' id='word_1_3' title='bbox 1910 467 2330 525; x_wconf 75' lang='lat' dir='ltr'>Punmctm.</span> 
     </span>
    </p>
   </div>
   <div class='ocr_carea' id='block_1_2' title="bbox 1933 661 2159 738">
    <p class='ocr_par' dir='ltr' id='par_1_2' title="bbox 1933 661 2159 738">
     <span class='ocr_line' id='line_1_2' title="bbox 1933 661 2159 738; baseline 0.009 -2"><span class='ocrx_word' id='word_1_4' title='bbox 1933 661 2159 738; x_wconf 83' lang='lat'><strong>1293.</strong></span> 
     </span>
    </p>
   </div>
   <div class='ocr_carea' id='block_1_3' title="bbox 661 784 3411 1512">
    <p class='ocr_par' dir='ltr' id='par_1_3' title="bbox 661 784 3411 1512">
     <span class='ocr_line' id='line_1_3' title="bbox 875 784 3411 891; baseline 0.001 -30"><span class='ocrx_word' id='word_1_5' title='bbox 875 784 1234 866; x_wconf 83' lang='lat' dir='ltr'>Placitum</span> <span class='ocrx_word' id='word_1_6' title='bbox 1272 799 1387 866; x_wconf 91' lang='lat' dir='ltr'>est</span> <span class='ocrx_word' id='word_1_7' title='bbox 1420 790 1636 868; x_wconf 86' lang='lat' dir='ltr'>sociis</span> <span class='ocrx_word' id='word_1_8' title='bbox 1677 789 2079 884; x_wconf 86' lang='lat' dir='ltr'>universis,</span> <span class='ocrx_word' id='word_1_9' title='bbox 2138 796 2222 863; x_wconf 90' lang='lat' dir='ltr'>ut</span> <span class='ocrx_word' id='word_1_10' title='bbox 2255 789 2335 865; x_wconf 91' lang='lat' dir='ltr'><em>in</em></span> <span class='ocrx_word' id='word_1_11' title='bbox 2373 787 2688 891; x_wconf 90' lang='lat' dir='ltr'>publicis</span> <span class='ocrx_word' id='word_1_12' title='bbox 2727 789 3055 868; x_wconf 88' lang='lat' dir='ltr'>omnium</span> <span class='ocrx_word' id='word_1_13' title='bbox 3096 787 3411 865; x_wconf 85' lang='lat' dir='ltr'>comitiis</span> 
     </span>
     <span class='ocr_line' id='line_1_4' title="bbox 667 907 3410 1014; baseline 0.001 -30"><span class='ocrx_word' id='word_1_14' title='bbox 667 907 1152 988; x_wconf 81' lang='lat' dir='ltr'>decernerent</span> <span class='ocrx_word' id='word_1_15' title='bbox 1207 940 1593 992; x_wconf 90' lang='lat' dir='ltr'>commune</span> <span class='ocrx_word' id='word_1_16' title='bbox 1653 915 2005 1014; x_wconf 82' lang='lat' dir='ltr'>deinceps</span> <span class='ocrx_word' id='word_1_17' title='bbox 2044 913 2413 990; x_wconf 85' lang='lat' dir='ltr'>aerarium</span> <span class='ocrx_word' id='word_1_18' title='bbox 2446 917 2525 990; x_wconf 91' lang='lat' dir='ltr'><em>in</em></span> <span class='ocrx_word' id='word_1_19' title='bbox 2560 914 2752 991; x_wconf 89' lang='lat' dir='ltr'>Delo</span> <span class='ocrx_word' id='word_1_20' title='bbox 2792 912 3410 1007; x_wconf 86' lang='lat' dir='ltr'>constituendum,</span> 
     </span>
     <span class='ocr_line' id='line_1_5' title="bbox 664 1038 3411 1142; baseline 0.001 -32"><span class='ocrx_word' id='word_1_21' title='bbox 664 1061 809 1134; x_wconf 91' lang='lat' dir='ltr'><em>quo</em></span> <span class='ocrx_word' id='word_1_22' title='bbox 847 1042 1203 1137; x_wconf 87' lang='lat' dir='ltr'>pecuniae</span> <span class='ocrx_word' id='word_1_23' title='bbox 1243 1041 1567 1140; x_wconf 90' lang='lat' dir='ltr'>undique</span> <span class='ocrx_word' id='word_1_24' title='bbox 1608 1052 1909 1117; x_wconf 81' lang='lat' dir='ltr'>coactae</span> <span class='ocrx_word' id='word_1_25' title='bbox 1948 1065 2203 1116; x_wconf 87' lang='lat' dir='ltr'>omnes</span> <span class='ocrx_word' id='word_1_26' title='bbox 2243 1038 2751 1142; x_wconf 83' lang='lat' dir='ltr'>deponantur:</span> <span class='ocrx_word' id='word_1_27' title='bbox 2798 1050 2957 1116; x_wconf 89' lang='lat' dir='ltr'>tum</span> <span class='ocrx_word' id='word_1_28' title='bbox 2992 1038 3086 1116; x_wconf 87' lang='lat' dir='ltr'><em>ad</em></span> <span class='ocrx_word' id='word_1_29' title='bbox 3122 1040 3411 1141; x_wconf 89' lang='lat' dir='ltr'>impen-</span> 
     </span>
     <span class='ocr_line' id='line_1_6' title="bbox 663 1162 3411 1268; baseline 0.001 -32"><span class='ocrx_word' id='word_1_30' title='bbox 663 1162 845 1238; x_wconf 90' lang='lat' dir='ltr'>dens</span> <span class='ocrx_word' id='word_1_31' title='bbox 899 1164 1076 1239; x_wconf 89' lang='lat' dir='ltr'>belli</span> <span class='ocrx_word' id='word_1_32' title='bbox 1133 1164 1410 1242; x_wconf 83' lang='lat' dir='ltr'>Persici</span> <span class='ocrx_word' id='word_1_33' title='bbox 1465 1167 1882 1268; x_wconf 90' lang='lat' dir='ltr'>periculum</span> <span class='ocrx_word' id='word_1_34' title='bbox 1935 1165 2331 1264; x_wconf 84' lang='lat' dir='ltr'>vectigalia</span> <span class='ocrx_word' id='word_1_35' title='bbox 2387 1165 2805 1242; x_wconf 86' lang='lat' dir='ltr'>civitatibus</span> <span class='ocrx_word' id='word_1_36' title='bbox 2861 1192 2998 1265; x_wconf 87' lang='lat' dir='ltr'><em>pro</em></span> <span class='ocrx_word' id='word_1_37' title='bbox 3056 1165 3411 1265; x_wconf 88' lang='lat' dir='ltr'>cujusque</span> 
     </span>
     <span class='ocr_line' id='line_1_7' title="bbox 661 1286 3408 1390; baseline 0 -28"><span class='ocrx_word' id='word_1_38' title='bbox 661 1286 1005 1364; x_wconf 82' lang='lat' dir='ltr'>facultate</span> <span class='ocrx_word' id='word_1_39' title='bbox 1042 1289 1447 1390; x_wconf 89' lang='lat' dir='ltr'>imperent,</span> <span class='ocrx_word' id='word_1_40' title='bbox 1487 1292 1592 1365; x_wconf 90' lang='lat' dir='ltr'>ita</span> <span class='ocrx_word' id='word_1_41' title='bbox 1637 1300 1719 1366; x_wconf 90' lang='lat' dir='ltr'>ut</span> <span class='ocrx_word' id='word_1_42' title='bbox 1753 1301 1914 1366; x_wconf 91' lang='lat' dir='ltr'>tota</span> <span class='ocrx_word' id='word_1_43' title='bbox 1951 1300 2380 1366; x_wconf 81' lang='lat' dir='ltr'>exactorum</span> <span class='ocrx_word' id='word_1_44' title='bbox 2418 1317 2707 1366; x_wconf 88' lang='lat' dir='ltr'>summa</span> <span class='ocrx_word' id='word_1_45' title='bbox 2743 1291 3153 1389; x_wconf 83' lang='lat' dir='ltr'>quingenta</span> <span class='ocrx_word' id='word_1_46' title='bbox 3189 1291 3408 1388; x_wconf 83' lang='lat' dir='ltr'>(qua-</span> 
     </span>
     <span class='ocr_line' id='line_1_8' title="bbox 661 1409 2364 1512; baseline 0.003 -26"><span class='ocrx_word' id='word_1_47' title='bbox 661 1409 1102 1512; x_wconf 86' lang='lat' dir='ltr'>dringenta)</span> <span class='ocrx_word' id='word_1_48' title='bbox 1145 1426 1218 1490; x_wconf 87' lang='lat' dir='ltr'>et</span> <span class='ocrx_word' id='word_1_49' title='bbox 1253 1415 1641 1512; x_wconf 85' lang='lat' dir='ltr'>sexaginta</span> <span class='ocrx_word' id='word_1_50' title='bbox 1677 1415 1961 1491; x_wconf 88' lang='lat' dir='ltr'>talenta</span> <span class='ocrx_word' id='word_1_51' title='bbox 1997 1415 2364 1492; x_wconf 86' lang='lat' dir='ltr'>conficiat.</span> 
     </span>
    </p>
   </div>
   <div class='ocr_carea' id='block_1_4' title="bbox 1925 1576 2154 1652">
    <p class='ocr_par' dir='ltr' id='par_1_4' title="bbox 1925 1576 2154 1652">
     <span class='ocr_line' id='line_1_9' title="bbox 1925 1576 2154 1652; baseline 0.009 -2"><span class='ocrx_word' id='word_1_52' title='bbox 1925 1576 2154 1652; x_wconf 82' lang='grc'><strong>1294.</strong></span> 
     </span>
    </p>
   </div>
   <div class='ocr_carea' id='block_1_5' title="bbox 657 1673 3417 2176">
    <p class='ocr_par' dir='ltr' id='par_1_5' title="bbox 657 1673 3417 2176">
     <span class='ocr_line' id='line_1_10' title="bbox 882 1673 3417 1786; baseline 0 -34"><span class='ocrx_word' id='word_1_53' title='bbox 882 1675 1176 1756; x_wconf 73' lang='grc' dir='ltr'><em>Κοινὸν</em></span> <span class='ocrx_word' id='word_1_54' title='bbox 1214 1675 1614 1780; x_wconf 90' lang='grc' dir='ltr'><em>συνέδριον</em></span> <span class='ocrx_word' id='word_1_55' title='bbox 1650 1673 2017 1757; x_wconf 74' lang='grc' dir='ltr'><em>ἁπάντων</em></span> <span class='ocrx_word' id='word_1_56' title='bbox 2052 1678 2211 1757; x_wconf 77' lang='grc' dir='ltr'><em>τῶν</em></span> <span class='ocrx_word' id='word_1_57' title='bbox 2247 1677 2673 1780; x_wconf 89' lang='grc' dir='ltr'><em>συμμάχων</em></span> <span class='ocrx_word' id='word_1_58' title='bbox 2727 1682 3417 1786; x_wconf 78' lang='grc' dir='ltr'><em>’συγκαθίστασθαι</em></span> 
     </span>
     <span class='ocr_line' id='line_1_11' title="bbox 659 1801 3412 1905; baseline 0 -26"><span class='ocrx_word' id='word_1_59' title='bbox 659 1807 797 1879; x_wconf 82' lang='grc' dir='ltr'><em>καὶ</em></span> <span class='ocrx_word' id='word_1_60' title='bbox 836 1803 1244 1904; x_wconf 82' lang='grc' dir='ltr'><em>συνέδρους</em></span> <span class='ocrx_word' id='word_1_61' title='bbox 1282 1801 1846 1901; x_wconf 77' lang='grc' dir='ltr'><em>ἀποδειχθῆναι</em></span> <span class='ocrx_word' id='word_1_62' title='bbox 1889 1806 2199 1897; x_wconf 77' lang='grc' dir='ltr'><em>ἑκάστης</em></span> <span class='ocrx_word' id='word_1_63' title='bbox 2255 1804 2553 1895; x_wconf 87' lang='grc' dir='ltr'><em>πόλεως.</em></span> <span class='ocrx_word' id='word_1_64' title='bbox 2632 1813 2784 1882; x_wconf 78' lang='grc' dir='ltr'><em>Καὶ</em></span> <span class='ocrx_word' id='word_1_65' title='bbox 2842 1802 2929 1882; x_wconf 84' lang='grc' dir='ltr'><em>τὸ</em></span> <span class='ocrx_word' id='word_1_66' title='bbox 2978 1809 3124 1905; x_wconf 82' lang='grc' dir='ltr'><em>μὲν</em></span> <span class='ocrx_word' id='word_1_67' title='bbox 3181 1810 3412 1881; x_wconf 89' lang='grc' dir='ltr'><em>συνέ-</em></span> 
     </span>
     <span class='ocr_line' id='line_1_12' title="bbox 662 1927 3416 2035; baseline 0.001 -32"><span class='ocrx_word' id='word_1_68' title='bbox 662 1927 877 2032; x_wconf 89' lang='grc' dir='ltr'><em>δριον</em></span> <span class='ocrx_word' id='word_1_69' title='bbox 911 1938 998 2007; x_wconf 79' lang='grc' dir='ltr'><em>ἐν</em></span> <span class='ocrx_word' id='word_1_70' title='bbox 1031 1941 1192 2018; x_wconf 82' lang='grc' dir='ltr'><em>ταῖς</em></span> <span class='ocrx_word' id='word_1_71' title='bbox 1235 1928 1618 2023; x_wconf 74' lang='grc' dir='ltr'><em>Ἀθήναις</em></span> <span class='ocrx_word' id='word_1_72' title='bbox 1656 1931 2173 2032; x_wconf 76' lang='grc' dir='ltr'><em>συνεδρεύειν,</em></span> <span class='ocrx_word' id='word_1_73' title='bbox 2233 1929 2461 2008; x_wconf 87' lang='grc' dir='ltr'><em>πόλιν</em></span> <span class='ocrx_word' id='word_1_74' title='bbox 2498 1928 2575 2010; x_wconf 85' lang='grc' dir='ltr'><em>δὲ</em></span> <span class='ocrx_word' id='word_1_75' title='bbox 2614 1936 2866 2022; x_wconf 79' lang='grc' dir='ltr'><em>ἐπίσης</em></span> <span class='ocrx_word' id='word_1_76' title='bbox 2901 1938 3037 2006; x_wconf 79' lang='grc' dir='ltr'><em>καὶ</em></span> <span class='ocrx_word' id='word_1_77' title='bbox 3067 1927 3416 2035; x_wconf 80' lang='grc' dir='ltr'><em>μεγάλην</em></span> 
     </span>
     <span class='ocr_line' id='line_1_13' title="bbox 657 2041 3415 2176; baseline 0 -47"><span class='ocrx_word' id='word_1_78' title='bbox 657 2061 793 2131; x_wconf 79' lang='grc' dir='ltr'><em>καὶ</em></span> <span class='ocrx_word' id='word_1_79' title='bbox 834 2053 1134 2156; x_wconf 80' lang='grc' dir='ltr'><em>μικράν</em></span> <span class='ocrx_word' id='word_1_80' title='bbox 1180 2057 1363 2156; x_wconf 83' lang='grc' dir='ltr'><em>μιᾶς</em></span> <span class='ocrx_word' id='word_1_81' title='bbox 1421 2059 1697 2159; x_wconf 80' lang='grc' dir='ltr'><em>ψήφου</em></span> <span class='ocrx_word' id='word_1_82' title='bbox 1753 2062 2036 2157; x_wconf 78' lang='grc' dir='ltr'><em>κυρίαν</em></span> <span class='ocrx_word' id='word_1_83' title='bbox 2075 2054 2313 2134; x_wconf 84' lang='grc' dir='ltr'><em>εἶναι·</em></span> <span class='ocrx_word' id='word_1_84' title='bbox 2370 2041 2608 2143; x_wconf 88' lang='grc' dir='ltr'><em>πάσας</em></span> <span class='ocrx_word' id='word_1_85' title='bbox 2647 2054 2715 2132; x_wconf 88' lang='grc' dir='ltr'><em>δ’</em></span> <span class='ocrx_word' id='word_1_86' title='bbox 2754 2050 3131 2156; x_wconf 75' lang='grc' dir='ltr'><em>ὑπάρχειν</em></span> <span class='ocrx_word' id='word_1_87' title='bbox 3166 2051 3415 2176; x_wconf 66' lang='grc' dir='ltr'><em>αὐτο-</em></span> 
     </span>
    </p>
   </div>
   <div class='ocr_carea' id='block_1_6' title="bbox 661 2173 3193 2391">
    <p class='ocr_par' dir='ltr' id='par_1_6' title="bbox 661 2173 3193 2391">
     <span class='ocr_line' id='line_1_14' title="bbox 661 2173 2301 2287; baseline 0.004 -31"><span class='ocrx_word' id='word_1_88' title='bbox 661 2178 987 2279; x_wconf 90' lang='grc' dir='ltr'><em>νόμους,</em></span> <span class='ocrx_word' id='word_1_89' title='bbox 1045 2173 1357 2287; x_wconf 76' lang='grc' dir='ltr'><em>ἡγεμόσι</em></span> <span class='ocrx_word' id='word_1_90' title='bbox 1383 2190 1780 2284; x_wconf 79' lang='grc' dir='ltr'><em>χρωμένας</em></span> <span class='ocrx_word' id='word_1_91' title='bbox 1825 2181 2301 2276; x_wconf 79' lang='grc' dir='ltr'><em>Ἀθηναίοις.</em></span> 
     </span>
     <span class='ocr_line' id='line_1_15' title="bbox 2172 2293 3193 2391; baseline -0.003 -18"><span class='ocrx_word' id='word_1_92' title='bbox 2172 2294 2515 2389; x_wconf 84' lang='lat' dir='ltr'>(Diodor.</span> <span class='ocrx_word' id='word_1_93' title='bbox 2557 2294 2780 2372; x_wconf 87' lang='lat' dir='ltr'>Sicul.</span> <span class='ocrx_word' id='word_1_94' title='bbox 2820 2293 2989 2391; x_wconf 87' lang='lat' dir='ltr'><em>XV,</em></span> <span class='ocrx_word' id='word_1_95' title='bbox 3029 2293 3193 2386; x_wconf 82' lang='lat'><strong>28.)</strong></span> 
     </span>
    </p>
   </div>
   <div class='ocr_carea' id='block_1_7' title="bbox 873 2420 3417 2625">
    <p class='ocr_par' dir='ltr' id='par_1_7' title="bbox 873 2420 3417 2625">
     <span class='ocr_line' id='line_1_16' title="bbox 1931 2420 2158 2497; baseline 0.013 -3"><span class='ocrx_word' id='word_1_96' title='bbox 1931 2420 2158 2497; x_wconf 77' lang='lat'><strong>1294.</strong></span> 
     </span>
     <span class='ocr_line' id='line_1_17' title="bbox 873 2525 3417 2625; baseline -0.001 -24"><span class='ocrx_word' id='word_1_97' title='bbox 873 2525 1304 2603; x_wconf 84' lang='lat' dir='ltr'>Communis</span> <span class='ocrx_word' id='word_1_98' title='bbox 1343 2529 1438 2604; x_wconf 90' lang='lat' dir='ltr'>sit</span> <span class='ocrx_word' id='word_1_99' title='bbox 1473 2529 1798 2604; x_wconf 91' lang='lat' dir='ltr'>omnium</span> <span class='ocrx_word' id='word_1_100' title='bbox 1836 2529 2135 2605; x_wconf 87' lang='lat' dir='ltr'>foedere</span> <span class='ocrx_word' id='word_1_101' title='bbox 2177 2529 2621 2606; x_wconf 87' lang='lat' dir='ltr'>sociatorum</span> <span class='ocrx_word' id='word_1_102' title='bbox 2670 2538 3012 2625; x_wconf 88' lang='lat' dir='ltr'>senatus,</span> <span class='ocrx_word' id='word_1_103' title='bbox 3072 2527 3149 2601; x_wconf 90' lang='lat' dir='ltr'><em>in</em></span> <span class='ocrx_word' id='word_1_104' title='bbox 3188 2549 3417 2625; x_wconf 88' lang='lat' dir='ltr'>quem</span> 
     </span>
    </p>
   </div>
   <div class='ocr_carea' id='block_1_8' title="bbox 657 2650 3417 3129">
    <p class='ocr_par' dir='ltr' id='par_1_8' title="bbox 657 2650 3417 3129">
     <span class='ocr_line' id='line_1_18' title="bbox 661 2650 3417 2753; baseline 0 -27"><span class='ocrx_word' id='word_1_105' title='bbox 661 2677 754 2727; x_wconf 88' lang='lat' dir='ltr'><em>ex</em></span> <span class='ocrx_word' id='word_1_106' title='bbox 793 2676 1235 2751; x_wconf 85' lang='lat' dir='ltr'>unaquaque</span> <span class='ocrx_word' id='word_1_107' title='bbox 1275 2653 1574 2729; x_wconf 87' lang='lat' dir='ltr'>civitate</span> <span class='ocrx_word' id='word_1_108' title='bbox 1615 2653 2039 2753; x_wconf 81' lang='lat' dir='ltr'>deligantur</span> <span class='ocrx_word' id='word_1_109' title='bbox 2078 2680 2503 2733; x_wconf 81' lang='lat' dir='ltr'>assessores.</span> <span class='ocrx_word' id='word_1_110' title='bbox 2573 2654 2980 2731; x_wconf 84' lang='lat' dir='ltr'>Consessus</span> <span class='ocrx_word' id='word_1_111' title='bbox 3017 2653 3143 2728; x_wconf 90' lang='lat' dir='ltr'>ille</span> <span class='ocrx_word' id='word_1_112' title='bbox 3180 2650 3417 2731; x_wconf 83' lang='lat' dir='ltr'>Athe-</span> 
     </span>
     <span class='ocr_line' id='line_1_19' title="bbox 658 2773 3415 2881; baseline -0.001 -29"><span class='ocrx_word' id='word_1_113' title='bbox 658 2776 772 2852; x_wconf 86' lang='lat' dir='ltr'><em>nis</em></span> <span class='ocrx_word' id='word_1_114' title='bbox 825 2773 1188 2853; x_wconf 87' lang='lat' dir='ltr'>habeatur</span> <span class='ocrx_word' id='word_1_115' title='bbox 1241 2789 1316 2854; x_wconf 89' lang='lat' dir='ltr'>et</span> <span class='ocrx_word' id='word_1_116' title='bbox 1371 2780 1652 2856; x_wconf 88' lang='lat' dir='ltr'>cunctis</span> <span class='ocrx_word' id='word_1_117' title='bbox 1709 2805 1801 2855; x_wconf 86' lang='lat' dir='ltr'><em>ex</em></span> <span class='ocrx_word' id='word_1_118' title='bbox 1857 2805 2092 2880; x_wconf 86' lang='lat' dir='ltr'>aequo</span> <span class='ocrx_word' id='word_1_119' title='bbox 2148 2780 2494 2878; x_wconf 84' lang='lat' dir='ltr'>urbibus,</span> <span class='ocrx_word' id='word_1_120' title='bbox 2550 2807 2871 2881; x_wconf 85' lang='lat' dir='ltr'>magnae</span> <span class='ocrx_word' id='word_1_121' title='bbox 2924 2780 3081 2856; x_wconf 84' lang='lat' dir='ltr'>sive</span> <span class='ocrx_word' id='word_1_122' title='bbox 3130 2798 3415 2879; x_wconf 81' lang='lat' dir='ltr'>parvae</span> 
     </span>
     <span class='ocr_line' id='line_1_20' title="bbox 657 2901 3417 3010; baseline -0.001 -32"><span class='ocrx_word' id='word_1_123' title='bbox 657 2901 845 2998; x_wconf 84' lang='lat' dir='ltr'>sint,</span> <span class='ocrx_word' id='word_1_124' title='bbox 901 2903 1118 2980; x_wconf 90' lang='lat' dir='ltr'>unius</span> <span class='ocrx_word' id='word_1_125' title='bbox 1174 2905 1509 3005; x_wconf 84' lang='lat' dir='ltr'>suffragii</span> <span class='ocrx_word' id='word_1_126' title='bbox 1552 2906 1677 3006; x_wconf 90' lang='lat' dir='ltr'><em>jus</em></span> <span class='ocrx_word' id='word_1_127' title='bbox 1734 2917 1914 2983; x_wconf 90' lang='lat' dir='ltr'>esto.</span> <span class='ocrx_word' id='word_1_128' title='bbox 1990 2905 2087 2982; x_wconf 88' lang='lat' dir='ltr'>Et</span> <span class='ocrx_word' id='word_1_129' title='bbox 2132 2933 2341 2984; x_wconf 86' lang='lat' dir='ltr'>suam</span> <span class='ocrx_word' id='word_1_130' title='bbox 2393 2932 2728 3010; x_wconf 87' lang='lat' dir='ltr'>quaeque</span> <span class='ocrx_word' id='word_1_131' title='bbox 2774 2903 3417 3007; x_wconf 88' lang='lat' dir='ltr'>jurisdictionem,</span> 
     </span>
     <span class='ocr_line' id='line_1_21' title="bbox 659 3012 2381 3129; baseline 0.003 -26"><span class='ocrx_word' id='word_1_132' title='bbox 659 3028 799 3103; x_wconf 90' lang='lat' dir='ltr'><em>sub</em></span> <span class='ocrx_word' id='word_1_133' title='bbox 837 3026 1403 3109; x_wconf 86' lang='lat' dir='ltr'>Atheniensium</span> <span class='ocrx_word' id='word_1_134' title='bbox 1438 3043 1686 3109; x_wconf 84' lang='lat' dir='ltr'>tamen</span> <span class='ocrx_word' id='word_1_135' title='bbox 1725 3012 1993 3129; x_wconf 82' lang='lat' dir='ltr'>ducta,</span> <span class='ocrx_word' id='word_1_136' title='bbox 2051 3032 2381 3110; x_wconf 85' lang='lat' dir='ltr'>retineat.</span> 
     </span>
    </p>
   </div>
   <div class='ocr_carea' id='block_1_9' title="bbox 656 3194 3421 5310">
    <p class='ocr_par' dir='ltr' id='par_1_9' title="bbox 1915 3194 2139 3269">
     <span class='ocr_line' id='line_1_22' title="bbox 1915 3194 2139 3269; baseline 0.004 -1"><span class='ocrx_word' id='word_1_137' title='bbox 1915 3194 2139 3269; x_wconf 82' lang='lat'><strong>1295.</strong></span> 
     </span>
    </p>

    <p class='ocr_par' dir='ltr' id='par_1_10' title="bbox 656 3306 3421 5310">
     <span class='ocr_line' id='line_1_23' title="bbox 861 3306 3417 3419; baseline 0 -30"><span class='ocrx_word' id='word_1_138' title='bbox 861 3307 1056 3390; x_wconf 79' lang='grc' dir='ltr'><em>Ἐάν</em></span> <span class='ocrx_word' id='word_1_139' title='bbox 1073 3344 1185 3401; x_wconf 89' lang='grc' dir='ltr'><em>τις</em></span> <span class='ocrx_word' id='word_1_140' title='bbox 1202 3311 1518 3413; x_wconf 81' lang='grc' dir='ltr'><em>βάληται</em></span> <span class='ocrx_word' id='word_1_141' title='bbox 1537 3315 1692 3394; x_wconf 79' lang='grc' dir='ltr'><em>τῶν</em></span> <span class='ocrx_word' id='word_1_142' title='bbox 1709 3306 2105 3409; x_wconf 73' lang='grc' dir='ltr'><em>Ἑλλήνων</em></span> <span class='ocrx_word' id='word_1_143' title='bbox 2123 3312 2173 3409; x_wconf 72' lang='grc' dir='ltr'><strong><em>ἢ</em></strong></span> <span class='ocrx_word' id='word_1_144' title='bbox 2188 3316 2349 3394; x_wconf 74' lang='grc' dir='ltr'><em>τῶν</em></span> <span class='ocrx_word' id='word_1_145' title='bbox 2364 3314 2778 3419; x_wconf 81' lang='grc' dir='ltr'><em>βαρβάρων</em></span> <span class='ocrx_word' id='word_1_146' title='bbox 2794 3316 2949 3395; x_wconf 77' lang='grc' dir='ltr'><em>τῶν</em></span> <span class='ocrx_word' id='word_1_147' title='bbox 2969 3312 3417 3413; x_wconf 80' lang='grc' dir='ltr'><em>ἐνἨπείρῳ</em></span> 
     </span>
     <span class='ocr_line' id='line_1_24' title="bbox 661 3434 3419 3545; baseline 0.001 -31"><span class='ocrx_word' id='word_1_148' title='bbox 661 3437 1130 3517; x_wconf 75' lang='grc' dir='ltr'><em>ἐνοικόντων</em></span> <span class='ocrx_word' id='word_1_149' title='bbox 1167 3434 1217 3532; x_wconf 71' lang='grc' dir='ltr'><strong><em>ἢ</em></strong></span> <span class='ocrx_word' id='word_1_150' title='bbox 1251 3440 1408 3519; x_wconf 71' lang='grc' dir='ltr'><em>τῶν</em></span> <span class='ocrx_word' id='word_1_151' title='bbox 1445 3442 1855 3535; x_wconf 76' lang='grc' dir='ltr'><em>νησιωτῶν,</em></span> <span class='ocrx_word' id='word_1_152' title='bbox 1909 3440 2364 3536; x_wconf 78' lang='grc' dir='ltr'><em>Ἀθηναίων</em></span> <span class='ocrx_word' id='word_1_153' title='bbox 2406 3442 2807 3545; x_wconf 84' lang='grc' dir='ltr'><em>σύμμαχος</em></span> <span class='ocrx_word' id='word_1_154' title='bbox 2844 3442 3042 3521; x_wconf 84' lang='grc' dir='ltr'><em>εἶναι</em></span> <span class='ocrx_word' id='word_1_155' title='bbox 3078 3447 3215 3518; x_wconf 78' lang='grc' dir='ltr'><em>καὶ</em></span> <span class='ocrx_word' id='word_1_156' title='bbox 3253 3444 3419 3516; x_wconf 77' lang='grc' dir='ltr'><em>τῶν</em></span> 
     </span>
     <span class='ocr_line' id='line_1_25' title="bbox 661 3561 3419 3673; baseline 0.002 -34"><span class='ocrx_word' id='word_1_157' title='bbox 661 3562 1110 3664; x_wconf 84' lang='grc' dir='ltr'><em>συμμάχων,</em></span> <span class='ocrx_word' id='word_1_158' title='bbox 1131 3574 1409 3657; x_wconf 75' lang='grc' dir='ltr'><em>ἐξεῖναι</em></span> <span class='ocrx_word' id='word_1_159' title='bbox 1427 3564 1648 3667; x_wconf 70' lang='grc' dir='ltr'><em>αὐτῷ</em></span> <span class='ocrx_word' id='word_1_160' title='bbox 1667 3573 2043 3673; x_wconf 79' lang='grc' dir='ltr'><em>ἐλευθέρῳ</em></span> <span class='ocrx_word' id='word_1_161' title='bbox 2065 3561 2232 3645; x_wconf 73' lang='grc' dir='ltr'><em>ὄντι</em></span> <span class='ocrx_word' id='word_1_162' title='bbox 2253 3576 2392 3645; x_wconf 78' lang='grc' dir='ltr'><em>καὶ</em></span> <span class='ocrx_word' id='word_1_163' title='bbox 2412 3566 2828 3672; x_wconf 80' lang='grc' dir='ltr'><em>αὐτονόμῳ</em></span> <span class='ocrx_word' id='word_1_164' title='bbox 2848 3574 3419 3668; x_wconf 78' lang='grc' dir='ltr'><em>πολιτευομένῳ</em></span> 
     </span>
     <span class='ocr_line' id='line_1_26' title="bbox 663 3687 3417 3797; baseline 0 -31"><span class='ocrx_word' id='word_1_165' title='bbox 663 3695 1074 3783; x_wconf 76' lang='grc' dir='ltr'><em>πολιτείαν,</em></span> <span class='ocrx_word' id='word_1_166' title='bbox 1117 3687 1215 3785; x_wconf 73' lang='grc' dir='ltr'><em>ἢν</em></span> <span class='ocrx_word' id='word_1_167' title='bbox 1245 3687 1348 3768; x_wconf 70' lang='grc' dir='ltr'><em>ἂν</em></span> <span class='ocrx_word' id='word_1_168' title='bbox 1375 3691 1718 3793; x_wconf 80' lang='grc' dir='ltr'><em>βάληται,</em></span> <span class='ocrx_word' id='word_1_169' title='bbox 1751 3692 1943 3792; x_wconf 87' lang='grc' dir='ltr'><em>μήτε</em></span> <span class='ocrx_word' id='word_1_170' title='bbox 1972 3692 2369 3795; x_wconf 76' lang='grc' dir='ltr'><em>πρυτάνεις</em></span> <span class='ocrx_word' id='word_1_171' title='bbox 2392 3692 2805 3797; x_wconf 80' lang='grc' dir='ltr'><em>δεχομένῳ,</em></span> <span class='ocrx_word' id='word_1_172' title='bbox 2837 3695 3027 3796; x_wconf 82' lang='grc' dir='ltr'><em>μήτε</em></span> <span class='ocrx_word' id='word_1_173' title='bbox 3064 3688 3417 3794; x_wconf 73' lang='grc' dir='ltr'><em>ἄρχοντα</em></span> 
     </span>
     <span class='ocr_line' id='line_1_27' title="bbox 659 3809 3418 3923; baseline 0.001 -31"><span class='ocrx_word' id='word_1_174' title='bbox 659 3809 1239 3917; x_wconf 78' lang='grc' dir='ltr'><em>ὖποδεχομένῳ,</em></span> <span class='ocrx_word' id='word_1_175' title='bbox 1270 3816 1461 3917; x_wconf 86' lang='grc' dir='ltr'><em>μήτε</em></span> <span class='ocrx_word' id='word_1_176' title='bbox 1497 3815 1752 3917; x_wconf 88' lang='grc' dir='ltr'><em>φόρον</em></span> <span class='ocrx_word' id='word_1_177' title='bbox 1788 3824 2125 3919; x_wconf 80' lang='grc' dir='ltr'><em>φέροντι,</em></span> <span class='ocrx_word' id='word_1_178' title='bbox 2165 3824 2286 3895; x_wconf 77' lang='grc' dir='ltr'><em>ἐπὶ</em></span> <span class='ocrx_word' id='word_1_179' title='bbox 2327 3818 2405 3897; x_wconf 83' lang='grc' dir='ltr'><em>δὲ</em></span> <span class='ocrx_word' id='word_1_180' title='bbox 2442 3830 2599 3909; x_wconf 82' lang='grc' dir='ltr'><em>τοῖς</em></span> <span class='ocrx_word' id='word_1_181' title='bbox 2635 3818 2923 3913; x_wconf 79' lang='grc' dir='ltr'><em>αὐτοῖς,</em></span> <span class='ocrx_word' id='word_1_182' title='bbox 2959 3828 3081 3918; x_wconf 76' lang='grc' dir='ltr'><em>ἐφ’</em></span> <span class='ocrx_word' id='word_1_183' title='bbox 3121 3816 3234 3906; x_wconf 78' lang='grc' dir='ltr'><em>οἷς</em></span> <span class='ocrx_word' id='word_1_184' title='bbox 3272 3848 3418 3923; x_wconf 82' lang='grc' dir='ltr'><em>περ</em></span> 
     </span>
     <span class='ocr_line' id='line_1_28' title="bbox 660 3937 3419 4048; baseline 0 -30"><span class='ocrx_word' id='word_1_185' title='bbox 660 3949 848 4018; x_wconf 85' lang='grc' dir='ltr'><em>Χῖοι</em></span> <span class='ocrx_word' id='word_1_186' title='bbox 883 3948 1022 4017; x_wconf 77' lang='grc' dir='ltr'><em>καὶ</em></span> <span class='ocrx_word' id='word_1_187' title='bbox 1069 3944 1384 4043; x_wconf 81' lang='grc' dir='ltr'><em>Θηβαῖοι</em></span> <span class='ocrx_word' id='word_1_188' title='bbox 1421 3949 1557 4019; x_wconf 77' lang='grc' dir='ltr'><em>καὶ</em></span> <span class='ocrx_word' id='word_1_189' title='bbox 1609 3947 1682 4019; x_wconf 80' lang='grc' dir='ltr'><em>οῖ</em></span> <span class='ocrx_word' id='word_1_190' title='bbox 1735 3937 1960 4021; x_wconf 71' lang='grc' dir='ltr'><em>ἄλλοι</em></span> <span class='ocrx_word' id='word_1_191' title='bbox 2010 3945 2426 4048; x_wconf 86' lang='grc' dir='ltr'><em>σύμμαχοι.</em></span> <span class='ocrx_word' id='word_1_192' title='bbox 2512 3954 2691 4035; x_wconf 85' lang='grc' dir='ltr'><em>Τοῖς</em></span> <span class='ocrx_word' id='word_1_193' title='bbox 2747 3946 2825 4025; x_wconf 84' lang='grc' dir='ltr'><em>δὲ</em></span> <span class='ocrx_word' id='word_1_194' title='bbox 2882 3951 3419 4046; x_wconf 82' lang='grc' dir='ltr'><em>ποιησαμένοις</em></span> 
     </span>
     <span class='ocr_line' id='line_1_29' title="bbox 662 4065 3417 4174; baseline 0.001 -32"><span class='ocrx_word' id='word_1_195' title='bbox 662 4072 1111 4168; x_wconf 88' lang='grc' dir='ltr'><em>συμμαχίαν</em></span> <span class='ocrx_word' id='word_1_196' title='bbox 1129 4066 1312 4167; x_wconf 86' lang='grc' dir='ltr'><em>πρὸς</em></span> <span class='ocrx_word' id='word_1_197' title='bbox 1341 4065 1768 4161; x_wconf 78' lang='grc' dir='ltr'><em>Ἀθηναίος</em></span> <span class='ocrx_word' id='word_1_198' title='bbox 1800 4075 1940 4147; x_wconf 78' lang='grc' dir='ltr'><em>καὶ</em></span> <span class='ocrx_word' id='word_1_199' title='bbox 1968 4070 2098 4161; x_wconf 87' lang='grc' dir='ltr'><em>τός</em></span> <span class='ocrx_word' id='word_1_200' title='bbox 2127 4073 2525 4174; x_wconf 90' lang='grc' dir='ltr'><em>συμμάχος</em></span> <span class='ocrx_word' id='word_1_201' title='bbox 2556 4070 2864 4170; x_wconf 79' lang='grc' dir='ltr'><em>ἀφεῖναι</em></span> <span class='ocrx_word' id='word_1_202' title='bbox 2886 4069 3027 4149; x_wconf 86' lang='grc' dir='ltr'><em>τὸν</em></span> <span class='ocrx_word' id='word_1_203' title='bbox 3048 4071 3297 4171; x_wconf 79' lang='grc' dir='ltr'><em>δῆμον</em></span> <span class='ocrx_word' id='word_1_204' title='bbox 3312 4066 3417 4145; x_wconf 79' lang='grc' dir='ltr'><em>τά</em></span> 
     </span>
     <span class='ocr_line' id='line_1_30' title="bbox 663 4186 3421 4301; baseline 0.001 -32"><span class='ocrx_word' id='word_1_205' title='bbox 663 4191 1134 4298; x_wconf 73' lang='grc' dir='ltr'><em>ἐγκτήματα,</em></span> <span class='ocrx_word' id='word_1_206' title='bbox 1193 4186 1418 4271; x_wconf 64' lang='lat' dir='ltr'>‘indo’</span> <span class='ocrx_word' id='word_1_207' title='bbox 1457 4190 1561 4271; x_wconf 70' lang='grc' dir='ltr'><em>ἂν</em></span> <span class='ocrx_word' id='word_1_208' title='bbox 1594 4193 1945 4301; x_wconf 82' lang='grc' dir='ltr'><em>τυγχάνῃ</em></span> <span class='ocrx_word' id='word_1_209' title='bbox 1996 4190 2187 4274; x_wconf 71' lang='grc' dir='ltr'><em>ὄντα</em></span> <span class='ocrx_word' id='word_1_210' title='bbox 2224 4194 2274 4289; x_wconf 74' lang='grc' dir='ltr'><strong><em>ἢ</em></strong></span> <span class='ocrx_word' id='word_1_211' title='bbox 2312 4196 2472 4274; x_wconf 82' lang='grc' dir='ltr'><em>ἴδια</em></span> <span class='ocrx_word' id='word_1_212' title='bbox 2510 4193 2560 4291; x_wconf 73' lang='grc' dir='ltr'>ἢ</span> <span class='ocrx_word' id='word_1_213' title='bbox 2594 4196 2912 4298; x_wconf 84' lang='grc' dir='ltr'><em>δημόσια</em></span> <span class='ocrx_word' id='word_1_214' title='bbox 2954 4193 3421 4289; x_wconf 79' lang='grc' dir='ltr'><em>Ἀθηναίων</em></span> 
     </span>
     <span class='ocr_line' id='line_1_31' title="bbox 661 4318 3415 4423; baseline 0.001 -28"><span class='ocrx_word' id='word_1_215' title='bbox 661 4324 747 4395; x_wconf 74' lang='grc' dir='ltr'><em>ἐν</em></span> <span class='ocrx_word' id='word_1_216' title='bbox 779 4318 869 4417; x_wconf 77' lang='grc' dir='ltr'><em>τῇ</em></span> <span class='ocrx_word' id='word_1_217' title='bbox 909 4318 1128 4419; x_wconf 78' lang='grc' dir='ltr'><em>χώρᾳ</em></span> <span class='ocrx_word' id='word_1_218' title='bbox 1181 4318 1341 4395; x_wconf 71' lang='grc' dir='ltr'><em>τῶν</em></span> <span class='ocrx_word' id='word_1_219' title='bbox 1399 4328 1828 4421; x_wconf 80' lang='grc' dir='ltr'><em>ποιομένων</em></span> <span class='ocrx_word' id='word_1_220' title='bbox 1880 4319 2026 4415; x_wconf 82' lang='grc' dir='ltr'><em>τήν</em></span> <span class='ocrx_word' id='word_1_221' title='bbox 2076 4329 2546 4423; x_wconf 83' lang='grc' dir='ltr'><em>συμμαχίαν.</em></span> <span class='ocrx_word' id='word_1_222' title='bbox 2614 4320 2816 4400; x_wconf 69' lang='lat' dir='ltr'><em>&#39;And</em></span> <span class='ocrx_word' id='word_1_223' title='bbox 2856 4321 2935 4399; x_wconf 83' lang='grc' dir='ltr'><em>δὲ</em></span> <span class='ocrx_word' id='word_1_224' title='bbox 2974 4326 3415 4399; x_wconf 72' lang='grc' dir='ltr'><em>Ναυσινίκο</em></span> 
     </span>
     <span class='ocr_line' id='line_1_32' title="bbox 662 4436 3415 4551; baseline 0.001 -32"><span class='ocrx_word' id='word_1_225' title='bbox 662 4436 1037 4547; x_wconf 79' lang='grc' dir='ltr'><em>ὅὶρχοντος</em></span> <span class='ocrx_word' id='word_1_226' title='bbox 1082 4442 1191 4546; x_wconf 80' lang='grc' dir='ltr'><em>μή</em></span> <span class='ocrx_word' id='word_1_227' title='bbox 1251 4453 1527 4538; x_wconf 77' lang='grc' dir='ltr'><em>ἐξεῖναι</em></span> <span class='ocrx_word' id='word_1_228' title='bbox 1575 4445 1766 4546; x_wconf 84' lang='grc' dir='ltr'><em>μήτε</em></span> <span class='ocrx_word' id='word_1_229' title='bbox 1821 4446 1986 4548; x_wconf 79' lang='grc' dir='ltr'><em>ἰδίᾳ</em></span> <span class='ocrx_word' id='word_1_230' title='bbox 2014 4446 2208 4547; x_wconf 86' lang='grc' dir='ltr'><em>μήτε</em></span> <span class='ocrx_word' id='word_1_231' title='bbox 2261 4447 2591 4551; x_wconf 77' lang='grc' dir='ltr'><em>δυμοσίᾳ</em></span> <span class='ocrx_word' id='word_1_232' title='bbox 2636 4446 3093 4545; x_wconf 73' lang='grc' dir='ltr'><em>Ἀθηναίων</em></span> <span class='ocrx_word' id='word_1_233' title='bbox 3117 4452 3415 4549; x_wconf 76' lang='grc' dir='ltr'><em>μηθενὶ</em></span> 
     </span>
     <span class='ocr_line' id='line_1_33' title="bbox 659 4568 3415 4678; baseline 0 -29"><span class='ocrx_word' id='word_1_234' title='bbox 659 4568 1120 4677; x_wconf 76' lang='grc' dir='ltr'><em>ἐγτήσασθαι</em></span> <span class='ocrx_word' id='word_1_235' title='bbox 1151 4581 1235 4651; x_wconf 81' lang='grc' dir='ltr'><em>ἐν</em></span> <span class='ocrx_word' id='word_1_236' title='bbox 1272 4585 1432 4662; x_wconf 87' lang='grc' dir='ltr'><em>ταῖς</em></span> <span class='ocrx_word' id='word_1_237' title='bbox 1467 4573 1625 4651; x_wconf 76' lang='grc' dir='ltr'><em>τῶν</em></span> <span class='ocrx_word' id='word_1_238' title='bbox 1663 4573 2097 4675; x_wconf 87' lang='grc' dir='ltr'><em>συμμάχων</em></span> <span class='ocrx_word' id='word_1_239' title='bbox 2138 4575 2427 4678; x_wconf 82' lang='grc' dir='ltr'><em>χώραις</em></span> <span class='ocrx_word' id='word_1_240' title='bbox 2473 4576 2663 4677; x_wconf 84' lang='grc' dir='ltr'><em>μήτε</em></span> <span class='ocrx_word' id='word_1_241' title='bbox 2711 4580 2983 4653; x_wconf 79' lang='grc' dir='ltr'><em>οἰκίαν</em></span> <span class='ocrx_word' id='word_1_242' title='bbox 3021 4574 3209 4677; x_wconf 82' lang='grc' dir='ltr'><em>μήτε</em></span> <span class='ocrx_word' id='word_1_243' title='bbox 3235 4604 3415 4673; x_wconf 82' lang='grc' dir='ltr'><em>χω·-</em></span> 
     </span>
     <span class='ocr_line' id='line_1_34' title="bbox 662 4695 3413 4806; baseline 0.001 -32"><span class='ocrx_word' id='word_1_244' title='bbox 662 4703 837 4800; x_wconf 90' lang='grc' dir='ltr'><em>ρίον</em></span> <span class='ocrx_word' id='word_1_245' title='bbox 877 4698 1070 4801; x_wconf 89' lang='grc' dir='ltr'><em>μήτε</em></span> <span class='ocrx_word' id='word_1_246' title='bbox 1123 4706 1510 4803; x_wconf 82' lang='grc' dir='ltr'><em>πριαμένῳ</em></span> <span class='ocrx_word' id='word_1_247' title='bbox 1556 4698 1746 4800; x_wconf 85' lang='grc' dir='ltr'><em>μήτε</em></span> <span class='ocrx_word' id='word_1_248' title='bbox 1800 4695 2267 4803; x_wconf 75' lang='grc' dir='ltr'><em>ὑποθεμένῳ</em></span> <span class='ocrx_word' id='word_1_249' title='bbox 2307 4702 2493 4804; x_wconf 86' lang='grc' dir='ltr'><em>μήτε</em></span> <span class='ocrx_word' id='word_1_250' title='bbox 2544 4698 2755 4803; x_wconf 73' lang='grc' dir='ltr'><em>ἄλλῳ</em></span> <span class='ocrx_word' id='word_1_251' title='bbox 2792 4701 3047 4806; x_wconf 87' lang='grc' dir='ltr'><em>τρόπῳ</em></span> <span class='ocrx_word' id='word_1_252' title='bbox 3076 4704 3413 4802; x_wconf 76' lang='grc' dir='ltr'><em>μηθενί·</em></span> 
     </span>
     <span class='ocr_line' id='line_1_35' title="bbox 662 4818 3414 4930; baseline -0.001 -27"><span class='ocrx_word' id='word_1_253' title='bbox 662 4823 801 4903; x_wconf 75' lang='grc' dir='ltr'><em>ἐὰν</em></span> <span class='ocrx_word' id='word_1_254' title='bbox 838 4823 920 4902; x_wconf 88' lang='grc' dir='ltr'><em>δέ</em></span> <span class='ocrx_word' id='word_1_255' title='bbox 950 4857 1060 4912; x_wconf 89' lang='grc' dir='ltr'><em>τις</em></span> <span class='ocrx_word' id='word_1_256' title='bbox 1101 4821 1384 4919; x_wconf 77' lang='grc' dir='ltr'><em>ὠνῆται</em></span> <span class='ocrx_word' id='word_1_257' title='bbox 1423 4821 1470 4918; x_wconf 76' lang='grc' dir='ltr'>ἢ</span> <span class='ocrx_word' id='word_1_258' title='bbox 1505 4826 1782 4903; x_wconf 75' lang='grc' dir='ltr'><em>κτᾶται</em></span> <span class='ocrx_word' id='word_1_259' title='bbox 1823 4822 1874 4919; x_wconf 77' lang='grc' dir='ltr'><strong><em>ἢ</em></strong></span> <span class='ocrx_word' id='word_1_260' title='bbox 1907 4831 2218 4921; x_wconf 75' lang='grc' dir='ltr'><em>τίθηται</em></span> <span class='ocrx_word' id='word_1_261' title='bbox 2264 4828 2520 4930; x_wconf 89' lang='grc' dir='ltr'><em>τρόπῳ</em></span> <span class='ocrx_word' id='word_1_262' title='bbox 2576 4818 2931 4929; x_wconf 74' lang='grc' dir='ltr'><em>ὁτῳοῦν,</em></span> <span class='ocrx_word' id='word_1_263' title='bbox 2989 4835 3263 4919; x_wconf 71' lang='grc' dir='ltr'><em>ἐξεῖναι</em></span> <span class='ocrx_word' id='word_1_264' title='bbox 3299 4825 3414 4927; x_wconf 74' lang='grc' dir='ltr'><em>τῷ</em></span> 
     </span>
     <span class='ocr_line' id='line_1_36' title="bbox 661 4950 3413 5056; baseline -0 -27"><span class='ocrx_word' id='word_1_265' title='bbox 661 4953 1115 5054; x_wconf 81' lang='grc' dir='ltr'><em>βουλομένῳ</em></span> <span class='ocrx_word' id='word_1_266' title='bbox 1151 4950 1308 5027; x_wconf 79' lang='grc' dir='ltr'><em>τῶν</em></span> <span class='ocrx_word' id='word_1_267' title='bbox 1344 4950 1770 5053; x_wconf 89' lang='grc' dir='ltr'><em>συμμάχων</em></span> <span class='ocrx_word' id='word_1_268' title='bbox 1824 4950 2066 5049; x_wconf 86' lang='grc' dir='ltr'><em>φῆναι</em></span> <span class='ocrx_word' id='word_1_269' title='bbox 2126 4950 2309 5054; x_wconf 86' lang='grc' dir='ltr'><em>πρὸς</em></span> <span class='ocrx_word' id='word_1_270' title='bbox 2359 4952 2541 5043; x_wconf 77' lang='grc' dir='ltr'><em>τούς</em></span> <span class='ocrx_word' id='word_1_271' title='bbox 2580 4954 2980 5056; x_wconf 88' lang='grc' dir='ltr'><em>συνέδρους</em></span> <span class='ocrx_word' id='word_1_272' title='bbox 3018 4950 3176 5029; x_wconf 74' lang='grc' dir='ltr'><em>τῶν</em></span> <span class='ocrx_word' id='word_1_273' title='bbox 3212 4978 3413 5053; x_wconf 73' lang='grc' dir='ltr'><em>συμ-</em></span> 
     </span>
     <span class='ocr_line' id='line_1_37' title="bbox 656 5074 3411 5182; baseline 0.002 -30"><span class='ocrx_word' id='word_1_274' title='bbox 656 5075 938 5179; x_wconf 84' lang='grc' dir='ltr'><em>μάχων</em></span> <span class='ocrx_word' id='word_1_275' title='bbox 962 5106 976 5121; x_wconf 92' lang='grc'><em>·</em></span> <span class='ocrx_word' id='word_1_276' title='bbox 1036 5078 1110 5152; x_wconf 80' lang='grc' dir='ltr'><em>οἱ</em></span> <span class='ocrx_word' id='word_1_277' title='bbox 1150 5076 1226 5153; x_wconf 84' lang='grc' dir='ltr'><em>δὲ</em></span> <span class='ocrx_word' id='word_1_278' title='bbox 1268 5076 1614 5180; x_wconf 82' lang='grc' dir='ltr'><em>σύνεδροι</em></span> <span class='ocrx_word' id='word_1_279' title='bbox 1654 5074 2111 5156; x_wconf 80' lang='grc' dir='ltr'><em>ἀποδόντων</em></span> <span class='ocrx_word' id='word_1_280' title='bbox 2165 5078 2253 5156; x_wconf 83' lang='grc' dir='ltr'><em>τὸ</em></span> <span class='ocrx_word' id='word_1_281' title='bbox 2283 5084 2434 5181; x_wconf 76' lang='grc' dir='ltr'><em>μὲν</em></span> <span class='ocrx_word' id='word_1_282' title='bbox 2472 5077 2702 5182; x_wconf 79' lang='grc' dir='ltr'><em>ἥμισυ</em></span> <span class='ocrx_word' id='word_1_283' title='bbox 2738 5080 2851 5182; x_wconf 72' lang='grc' dir='ltr'><em>τῷ</em></span> <span class='ocrx_word' id='word_1_284' title='bbox 2886 5089 3261 5179; x_wconf 87' lang='grc' dir='ltr'><em>φήναντι,</em></span> <span class='ocrx_word' id='word_1_285' title='bbox 3319 5074 3411 5157; x_wconf 82' lang='grc' dir='ltr'><em>τὸ</em></span> 
     </span>
     <span class='ocr_line' id='line_1_38' title="bbox 669 5198 3413 5310; baseline 0.001 -30"><span class='ocrx_word' id='word_1_286' title='bbox 669 5201 746 5281; x_wconf 82' lang='grc' dir='ltr'><em>δὲ</em></span> <span class='ocrx_word' id='word_1_287' title='bbox 787 5198 977 5281; x_wconf 68' lang='grc' dir='ltr'><em>ἄλλο</em></span> <span class='ocrx_word' id='word_1_288' title='bbox 1015 5204 1313 5283; x_wconf 75' lang='grc' dir='ltr'><em>κοινῶν</em></span> <span class='ocrx_word' id='word_1_289' title='bbox 1368 5207 1553 5281; x_wconf 73' lang='grc' dir='ltr'><em>ἔστω</em></span> <span class='ocrx_word' id='word_1_290' title='bbox 1608 5207 1765 5283; x_wconf 76' lang='grc' dir='ltr'><em>τῶν</em></span> <span class='ocrx_word' id='word_1_291' title='bbox 1819 5204 2266 5305; x_wconf 88' lang='grc' dir='ltr'><em>συμμάχων.</em></span> <span class='ocrx_word' id='word_1_292' title='bbox 2330 5203 2526 5285; x_wconf 80' lang='grc' dir='ltr'><em>Ἐάν</em></span> <span class='ocrx_word' id='word_1_293' title='bbox 2562 5206 2647 5285; x_wconf 90' lang='grc' dir='ltr'><em>δέ</em></span> <span class='ocrx_word' id='word_1_294' title='bbox 2677 5239 2786 5298; x_wconf 92' lang='grc' dir='ltr'><em>τις</em></span> <span class='ocrx_word' id='word_1_295' title='bbox 2824 5206 2907 5307; x_wconf 82' lang='grc' dir='ltr'><em>ἴῃ</em></span> <span class='ocrx_word' id='word_1_296' title='bbox 2944 5214 3065 5287; x_wconf 78' lang='grc' dir='ltr'><em>ἐπὶ</em></span> <span class='ocrx_word' id='word_1_297' title='bbox 3104 5212 3413 5310; x_wconf 89' lang='grc' dir='ltr'><em>πολέμῳ</em></span> 
     </span>
    </p>
   </div>
  </div>
 </body>
</html>
