3725 5850
950 454 1567 514 comunis-rmum
1606 456 1711 507 AD
1752 452 1878 515 476.
1912 454 2044 514 4⁷⁷.
2083 456 2210 512 480.
2247 453 2372 511 481.
2893 432 3048 511 479

276 640 682 744 interesse;
738 647 1011 747 quibus
1070 653 1323 723 autem
1376 646 1475 723 ob
1532 646 1906 749 piaculum
1929 706 1949 745 ,
2006 661 2138 726 aut
2171 648 2322 725 alia
2357 646 2446 726 de
2486 672 2710 726 causa
2741 648 3046 725 interdi-

272 768 618 865 cebatur,
674 772 783 849 illi
822 770 1139 850 vinculis
1178 797 1331 849 non
1370 771 1927 869 eximebantur,
1967 786 2050 853 ut
2087 774 2265 851 dicit
2301 772 2619 877 Sopater
2657 771 2704 848 d
2726 798 2765 849 e
2807 771 3045 849 divi-

270 892 545 971 sione
594 922 835 997 quae
856 897 985 973 sti
1009 924 1053 973 o
1076 896 1268 973 nis:
1324 890 1630 999 ἐξάγειν
1668 892 2224 997 δεσμωτηρίου,
2266 888 2405 984 οὓς
2431 900 2786 995 μετέχειν
2824 893 3048 994 ἱερῶν

270 1021 409 1090 καὶ
446 1016 804 1095 σπονδῶν
840 1013 1149 1123 εὐαγὲς,
1210 1013 1306 1093 οὐ
1368 1016 1550 1107 τούς
1606 1015 2113 1121 ἀκαθάρτους
2171 1027 2310 1100 καὶ
2369 1016 2680 1124 ἀναγεῖς
2717 1017 3048 1099 καὶτῶν

269 1146 909 1243 περιρραντηρίων
956 1140 1647 1241 ἀπελαυνομένους.

1447 1320 1600 1408 Ad
1633 1324 1871 1409 4⁷0.

481 1484 747 1565 Suidas
804 1516 864 1567 s.
920 1516 990 1564 ν.
1050 1479 1527 1583 Ἀπατούρια
1550 1515 1575 1557 .·
1648 1486 1937 1565 Bellum
1997 1487 2455 1565 Ahenienses
2513 1514 2684 1564 cum
2739 1490 3042 1565 Boeotis

268 1608 649 1712 gerebant.
724 1610 913 1691 Cum
967 1624 1211 1689 autem
1268 1612 1641 1689 Xanthius
1694 1614 2026 1691 Boeotus
2077 1613 2172 1690 ad
2230 1611 2604 1715 singulare
2661 1624 3042 1690 certamen

272 1732 765 1838 Thymoetem
801 1733 1367 1814 Atheniensium.
1404 1764 1662 1837 regem
1711 1750 2198 1838 provocaret,
2254 1739 2471 1839 idque
2511 1740 2634 1816 ille
2676 1734 3040 1815 detrecta-

271 1870 419 1955 ret,
480 1860 939 1957 Melanthus,
999 1864 1125 1964 qui
1181 1875 1338 1938 tum
1396 1864 1585 1940 forte
1644 1862 1903 1941 aderat
1938 1864 2387 1960 Messenius,
2449 1876 2826 1954 certamen
2863 1862 3043 1942 illud

269 1986 613 2087 suscepit.
696 1985 1173 2066 Certantibus
1210 1989 1437 2090 igitur
1465 1989 1652 2085 illis,
1712 1990 2132 2066 Melanthus
2170 1990 2440 2092 injuste
2476 1988 2888 2065 Xanthium
2928 1987 3036 2064 fa-

270 2133 441 2184 cere
473 2110 661 2186 dixit
681 2169 699 2206 ,
755 2112 950 2213 quod
1008 2140 1173 2189 cum
1228 2115 1494 2190 comite
1550 2114 1627 2190 in
1683 2126 2062 2191 certamen
2111 2114 2630 2191 descendisset.
2705 2117 2780 2192 Is
2817 2114 3043 2214 igitur

269 2259 434 2310 cum
471 2236 953 2338 respexisset,
993 2266 1039 2315 a
1075 2236 1456 2316 Melantho
1490 2240 1928 2317 interfectus
1967 2250 2101 2316 est.
2159 2240 2356 2316 Hinc
2390 2238 2622 2338 igitur
2657 2249 2734 2315 et
2763 2238 3040 2316 festum

270 2357 727 2462 appellatum
763 2356 888 2463 :est
922 2364 1431 2465 Deceptionis.
1507 2362 1656 2443 Alii
1712 2390 1892 2441 vero
1945 2365 2237 2459 dicunt,
2295 2364 2566 2439 festum
2601 2362 2746 2439 hoc
2778 2364 3039 2465 appel-

270 2484 499 2559 latum
557 2488 785 2563 fuisse
850 2480 1329 2583 Ἀπατούρια
1385 2490 1593 2589 quasi
1639 2479 2172 2586 Ὃμοπατόρια
2195 2542 2218 2577 ,
2297 2489 2500 2590 quod
2557 2500 2808 2592 patres
2863 2502 3041 2565 tunc

270 2612 799 2709 convenirent,
855 2625 939 2689 ut
976 2612 1164 2690 filios
1211 2615 1291 2691 in
1328 2613 1579 2692 album
1618 2616 2006 2693 referrent.

484 2735 675 2813 Vide
714 2739 937 2816 etiam
976 2738 1252 2817 Lexica
1288 2736 1752 2840 Segueriana
1789 2770 1861 2845 p.
1903 2740 2084 2837 416,
2123 2738 2303 2835 41¹7,
2345 2739 2524 2815 273.

1443 2953 1598 3038 Ad
1630 2954 1869 3038 4⁷7.

482 3114 749 3195 Suidas
785 3119 865 3196 in
893 3127 1357 3222 μειαγωγεῖν
1379 3149 1403 3191 .·
1443 3118 1633 3197 Cum
1672 3122 1837 3220 quis
1875 3119 2112 3195 filium
2137 3117 2295 3218 jam
2333 3113 2668 3192 adultum
2697 3115 2794 3191 ad
2811 3114 3034 3217 phra-

271 3251 467 3316 tores
506 3242 1066 3340 introducebat,
1114 3245 1491 3322 victimam
1528 3245 1784 3322 statuti
1822 3242 2179 3346 ponderis
2220 3242 2432 3317 simul
2471 3267 2640 3316 cum
2680 3267 2768 3317 eo
2805 3241 3034 3319 addu-

274 3365 522 3462 cebat,
580 3393 720 3443 nec
773 3370 1139 3446 minorem
1185 3369 1364 3445 dare
1402 3367 1695 3447 licebat.
1774 3367 1964 3446 Cum
2004 3377 2255 3444 autem
2293 3367 2599 3442 victima
2634 3365 2727 3442 ad
2768 3363 3036 3441 libram

274 3491 876 3592 appendebatur,
942 3494 1509 3570 circumstantes
1566 3491 2028 3588 clamabant,
2090 3498 2362 3587 μεῖον,
2412 3499 2686 3587 μεῖον,
2757 3491 3034 3588 signifi-

275 3625 525 3691 cantes
561 3643 726 3692 eam
754 3619 955 3720 justo
993 3619 1324 3720 pondere
1360 3620 1718 3696 minorem
1757 3645 1941 3694 esse.

486 3741 600 3818 Of.
641 3744 919 3821 Lexica
957 3743 1262 3847 Seguer.
1302 3772 1375 3847 p.
1416 3743 1593 3820 279.

1444 3920 1596 4004 Ad
1628 3921 1865 4004 480.

480 4063 747 4146 Suidas
784 4095 843 4145 s.
880 4095 953 4144 v.
992 4069 1349 4142 Χαλκεῖα
1373 4095 1399 4138 .·
1438 4066 1749 4147 Sacrum
1782 4067 2370 4164 Atheniensium,
2407 4066 2609 4168 quod
2648 4067 2775 4178 alii
2811 4065 3036 4150 Athe-

270 4217 459 4268 naea
494 4205 771 4270 vocant
790 4251 809 4288 ,
864 4194 992 4270 alii
1049 4189 1512 4292 Πάνδημον,
1571 4186 1779 4296 quod
1828 4195 1929 4273 ab
1985 4193 2330 4274 universo
2385 4192 2667 4296 populo
2706 4172 3033 4296 celebra-

270 4315 511 4393 batur.
550 4359 653 4372 --
692 4317 1005 4396 Sacrum
1042 4321 1214 4398 olim
1253 4321 1553 4421 quidem
1590 4322 1952 4423 populare
1989 4332 2066 4397 et
2102 4321 2512 4421 antiquum,
2551 4329 2816 4420 postea
2856 4343 3032 4396 vero

266 4467 311 4516 a
344 4443 523 4520 solis
576 4445 983 4522 artificibus
1042 4446 1405 4523 celebrari
1456 4447 1703 4547 coepit
1723 4505 1741 4542 ,
1802 4446 2002 4546 quod
2041 4444 2428 4524 Vulcanus
2480 4445 2560 4530 in
2597 4443 2853 4523 Attica
2905 4469 3034 4520 aes

268 4563 659 4662 (χαλκόν)
700 4571 1043 4648 cudisset.
1086 4573 1293 4649 ’Dies
1331 4585 1581 4650 autem
1620 4583 1779 4650 erat
1816 4573 2120 4650 ultimus
2156 4571 2430 4652 mensis
2467 4569 3032 4671 Pyanepsionis,

268 4717 413 4790 quo
452 4694 674 4770 etiam
713 4696 1137 4774 sacerdotes
1174 4724 1345 4775 cum
1384 4697 1878 4799 Arrhephoris
1915 4696 2224 4800 peplum
2260 4696 2638 4776 texebant.

1439 4909 1592 4992 Ad
1642 4910 1861 4992 481.

480 5051 749 5132 Suidas
784 5083 843 5134 S.
881 5083 949 5134 v.
989 5049 1612 5154 Μαιμακτηριών
1636 5085 1661 5128 .·
1716 5055 2042 5152 Quintus
2078 5053 2352 5132 mensis
2387 5053 2590 5156 apud
2627 5051 3031 5132 Athenien·

274 5204 425 5276 ses,
486 5181 643 5258 sive
680 5181 1127 5280 Januarius,
1184 5182 1291 5260 sic
1352 5180 1595 5260 dictus
1651 5181 1749 5258 ab
1804 5182 2006 5260 Jove
2053 5179 2487 5259 Maemacte.
2563 5172 3031 5276 Μαιμάκτης
