3725 5850
954 506 1575 559 coMMsurAmns
1612 502 1720 553 An
1759 502 1888 557 934.
1929 501 2056 557 935.
2098 501 2222 555 937.
2260 500 2388 553 942.
2895 474 3050 554 589

1443 688 1596 771 Ad
1639 690 1877 778 034.

482 857 1159 958 Harpocratio
1218 884 1273 933 s.
1314 885 1386 931 v.
1454 850 1843 951 Θεωρικά.·
1899 858 2073 933 Non
2129 854 2368 933 solum
2416 863 2875 956 spectatores
2913 877 3044 953 ap·

266 982 647 1083 pellantur
691 984 1019 1076 θεωροί,
1076 982 1209 1058 sed
1251 982 1475 1057 etiam
1513 982 1637 1081 qui
1678 979 1773 1058 ad
1816 981 2122 1058 oracula
2177 980 2677 1061 mittebantur.
2751 976 2880 1055 Sic
2917 1003 3048 1079 ap-

270 1106 658 1208 pellabant
696 1108 918 1183 etiam
956 1134 1214 1183 omnes
1252 1132 1502 1183 rerum
1553 1105 1975 1183 divinarum
2014 1105 2357 1182 custodes
2397 1117 2471 1182 et
2509 1112 3052 1206 procuratores.

248 1222 467 1326 ”.Ωρη
506 1231 702 1309 enim
744 1258 999 1308 curam
1036 1232 1429 1330 significat.

487 1356 811 1434 Suidas:
892 1358 1306 1455 θεωροὶ,
1385 1354 1457 1427 οἱ
1516 1356 1621 1441 εἰς
1682 1356 1977 1429 θυσίαν
2032 1347 2500 1451 πεμπόμενοι
2557 1355 2698 1426 καὶ
2755 1353 2865 1436 εἰς
2917 1344 3050 1435 τὰς

271 1475 555 1578 ἑορτάς.
634 1482 987 1583 (Legati,
1063 1484 1187 1584 qui
1254 1480 1785 1559 sacrificiorum
1838 1490 1918 1555 et
1972 1477 2392 1558 solennium
2447 1504 2674 1557 causa
2731 1477 3049 1556 deduce-

269 1605 616 1703 bantur.)
2139 1677 2147 1685 .

488 1729 768 1809 Eadem
825 1732 1054 1809 habet
1112 1731 1528 1808 Scholiasta
1576 1732 1655 1805 in
1692 1727 2173 1830 Aristophan.
2233 1728 2531 1808 Pacem.
2573 1728 2752 1825 342,
2811 1729 3049 1831 Hesy-

271 1855 481 1933 chius
524 1868 598 1932 et
634 1854 1076 1935 Ammonius
1113 1858 1191 1931 in
1227 1853 1589 1932 different.
1632 1880 1793 1930 voc.
1835 1854 1958 1929 69.

1448 2064 1601 2147 Ad
1642 2066 1876 2147 0³5.

490 2213 755 2293 Aetate
796 2215 1097 2291 Solonis
1153 2214 1477 2316 populus
1534 2216 1611 2288 in
1669 2214 2167 2312 quadraginta
2222 2224 2390 2289 octo
2441 2212 2874 2289 naucrarias
2911 2211 3054 2289 fuit

268 2342 594 2435 divisus,
652 2342 757 2416 ita
812 2352 894 2415 ut
946 2342 1412 2439 singularum
1468 2338 1793 2417 tribuum
1852 2339 2248 2415 duodenae
2307 2348 2555 2415 essent
2591 2336 3050 2413 nauci-ariae.

270 2464 593 2543 Tardius
632 2464 1060 2543 Clisthenes
1092 2466 1650 2545 naucrariarum
1688 2488 2081 2539 numerum
2115 2464 2352 2557 auxit,
2393 2474 2478 2539 ut
2509 2462 3054 2565 quinquaginta

272 2593 581 2683 fierent,
636 2591 909 2690 quinae
949 2617 989 2665 e
1028 2591 1342 2689 singulis
1380 2590 1636 2666 decem
1677 2588 2042 2666 tribubus,

488 2714 737 2790 Photii
775 2715 955 2792 Lex.
1016 2716 1099 2786 N
1108 2714 1639 2811 αυκραρία.
1700 2715 2218 2800 Κλεισθένους
2275 2708 2466 2787 δέκα
2519 2706 2772 2815 φυλὰς
2827 2707 3050 2801 ποιή-

270 2860 551 2926 σαντος
589 2833 767 2912 ἀντὶ
802 2836 961 2913 τῶν
998 2834 1423 2938 τεσσάρων,
1484 2838 1764 2938 συνέβη
1809 2840 1952 2913 καὶ
1990 2841 2095 2926 εἰς
2133 2832 2618 2928 πεντήκοντα
2646 2839 2836 2936 μέρη
2875 2832 3048 2909 δια-

268 2962 597 3066 ταγῆναι
620 2991 636 3006 ·
693 2962 941 3040 ταῦτα
981 2962 1058 3041 δὲ
1094 2961 1445 3040 ἐκάλουν
1483 2966 1982 3064 ναυκραρίας.

1447 3175 1600 3260 Ad
1645 3178 1876 3261 0³7.

494 3345 556 3420 F.
596 3343 1035 3444 Thucydide
1076 3347 1215 3439 (ΙΙ,
1263 3345 1405 3438 13)
1448 3354 1523 3421 et
1558 3343 2065 3445 Xenophonte
2107 3341 2390 3437 (Anah.
2434 3342 2604 3436 v11,
2647 3343 2718 3434 1,
2758 3343 2904 3436 27)
2942 3342 3049 3417 vi-

272 3470 495 3544 detur
550 3470 795 3568 primo
853 3495 1051 3545 anno
1108 3469 1287 3547 belli
1329 3469 1951 3570 Peloponnesiaci
1994 3467 2492 3548 Athenienses
2547 3469 2846 3557 nonnisi
2903 3480 3050 3544 tre-

274 3603 533 3670 centas
589 3594 927 3673 triremes
979 3598 1349 3676 habuisse.
1427 3598 1585 3673 Etsi
1638 3608 1891 3673 tamen
1929 3623 2050 3674 res
2083 3597 2189 3674 ita
2225 3621 2306 3672 se
2345 3593 2696 3686 haberet,
2753 3597 2880 3674 vix
2917 3622 3048 3670 vo-

273 3718 603 3794 caverim
639 3719 719 3796 in
756 3719 1105 3815 dubium,
1166 3722 1755 3822 quadringentos
1814 3723 2040 3800 fuisse
2079 3721 2478 3822 quotannis
2514 3733 2762 3798 aetate
2795 3722 3050 3798 Xeno-

274 3841 585 3942 photntis
622 3845 899 3922 electos
936 3845 1397 3926 trierarchos.
1474 3845 1791 3924 Centum
1854 3847 2054 3926 enim
2092 3845 2544 3924 trien-archae
2579 3846 2658 3924 in
2695 3846 3052 3925 societate

274 3995 447 4046 cum
486 3969 653 4046 aliis
687 3971 1111 4050 trierarchis
1146 3983 1503 4074 poterant
1536 3974 1876 4054 triremes
1915 3974 2301 4053 instruere.

493 4094 1103 4196 Quadringentos
1142 4096 1373 4174 fuisse
1410 4099 1503 4174 de
1542 4099 1711 4196 lege
1746 4097 2236 4190 trierarchas,
2275 4099 2719 4174 confirmare
2757 4095 3052 4172 videtur

274 4221 502 4296 etiam
540 4218 835 4312 Strabo,
878 4220 1055 4296 dum
1093 4220 1272 4297 dicit
1308 4224 1483 4319 (lx,
1506 4250 1575 4324 p.
1605 4223 1802 4314 395)
1843 4220 2132 4300 piraeei
2169 4221 2438 4298 navale
2477 4221 2785 4319 dignum
2823 4220 3048 4296 fuisse

277 4342 847 4446 quadringentis
900 4345 1045 4423 illis
1098 4348 1455 4440 navibus;
1530 4371 1773 4448 neque
1836 4348 2038 4424 enim
2095 4345 2574 4448 paucioribus
2635 4346 3050 4425 constitisse

278 4469 851 4547 Atheniensium
891 4471 1221 4548 classem.

1454 4574 1607 4657 Ad
1648 4577 1879 4660 042.

492 4723 1027 4825 Harpocratio:
1076 4729 1246 4822 Τρι
1271 4756 1309 4815 η
1333 4721 1584 4823 ράρχ
1607 4755 1719 4823 ημ
1740 4753 1815 4814 α,
1855 4721 1948 4800 τὸ
1986 4727 2094 4812 εἰς
2130 4719 2276 4814 τήν
2310 4723 2812 4822 τριηραρχίαν
2847 4716 3048 4796 ἀνά-

282 4849 495 4942 λωμα
524 4868 541 4886 ·
598 4844 1238 4952 ἐπιτριηράρχημα
1296 4847 1373 4926 δὲ
1429 4846 1518 4924 τὸ
1576 4845 2203 4944 ἀναλισκόμενον
2251 4844 2452 4946 μετὰ
2495 4845 2641 4925 τὸν
2676 4845 2806 4938 τῆς
2839 4875 3049 4944 τριη-

283 4973 604 5069 ραρχίας
630 4969 953 5068 χρόνον.
1029 4977 1633 5069 (Trierarchema
1687 4989 1859 5054 sunt
1905 4986 2246 5077 sumptus
2282 4977 2359 5052 in
2398 4975 2904 5054 trierarchiam
2939 4974 3050 5050 fa-

284 5099 421 5194 cti3
482 5098 1139 5199 epitrierarchema
1184 5127 1364 5176 vero
1404 5113 1516 5178 est
1555 5101 1753 5200 quod
1809 5101 2255 5203 expenditur
2309 5103 2519 5180 finito
2576 5097 3052 5180 trierarchiae

284 5226 681 5324 tempore.)
