3725 5850
1243 489 1576 545 nmc'm
1609 488 2057 544 Mznt‘rAmA.
2868 467 3023 544 269

1546 679 1774 759 1066.

485 805 671 884 Ἐάν
708 838 814 896 τις
851 803 1179 905 ἀπαχθῇ
1221 797 1530 899 ἡλωκώς
1565 799 2033 902 ἀστρατείας,
2074 803 2464 898 δησάντων
2502 801 2749 882 αὐτὸν
2786 807 2859 882 οἱ
2896 812 3023 882 ἕν-

313 933 472 1012 δεκα
527 940 664 1010 καὶ
720 929 1191 1039 εἰσαγόντων
1248 927 1494 1008 αὐτὸν
1547 935 1654 1019 εἰς
1709 927 1852 1022 τήν
1906 923 2233 1024 ἦλιαίαν.
2294 933 2823 1035 Κατηγορείτω
2860 927 2939 1006 δὲ
2977 923 3022 1007 ὅ

309 1055 771 1161 βουλήιιενος,
829 1053 942 1147 οἷς
979 1059 1287 1150 ἔξεστιν.
1335 1051 1534 1132 Ἐάν
1569 1052 1640 1132 δ’
1677 1048 1844 1157 ἆλῷ
1863 1113 1888 1148 ,
1943 1053 2231 1157 τιμάτω
2269 1049 2311 1148 ἦ
2358 1049 2649 1148 ἧλιαὶα,
2691 1049 2737 1133 ὅ
2773 1085 2845 1130 τι
2872 1051 3023 1154 χρὴ

311 1191 564 1262 παθεῖν
599 1180 850 1262 αὐτὸν
887 1179 935 1278 ἢ
970 1177 1358 1274 ἀποτῖσαι,
1412 1175 1552 1260 ἐάν
1581 1177 1651 1256 δ’
1688 1176 2065 1287 ἀργυρίου
2100 1180 2413 1280 τιμηθῇ,
2454 1177 2786 1258 δεδέσθω
2820 1185 3023 1270 τέως,

307 1319 417 1400 ἕως
449 1305 546 1390 ἂν
579 1312 868 1408 ἐκτίσῃ.

792 1420 994 1516 (Lex
1031 1417 1326 1498 Solonis
1374 1413 1578 1524 apud
1614 1419 2001 1498 Demosth.
2038 1420 2117 1496 in
2157 1419 2553 1500 Timocrat.
2589 1417 2812 1511 733.)

1534 1579 1761 1658 1066.

493 1707 568 1784 Si
609 1709 774 1810 quis
807 1705 1171 1785 abductus
1209 1705 1432 1784 fuerit
1465 1705 1844 1784 convictus
1884 1705 2221 1785 desertae
2260 1705 2595 1801 nuntiae,
2652 1703 3024 1782 undecim-

306 1834 422 1908 viri
457 1857 620 1910 eum
657 1833 1042 1910 vinciunto
1080 1843 1158 1908 et
1189 1833 1268 1909 in
1289 1831 1678 1909 Heliaeam
1711 1830 2281 1930 introducunto;
2319 1842 2618 1909 accuset
2655 1841 2899 1908 autem
2937 1857 3030 1909 ex

307 1960 379 2036 iis
429 1959 544 2060 qui
598 1958 896 2056 integra
949 1957 1248 2035 civitate
1296 1958 1682 2052 fruuntur,
1743 1959 2161 2059 quicunque
2200 1955 2541 2036 voluerit.
2614 1957 3029 2033 Damnatus

307 2084 356 2160 si
389 2085 515 2178 sit,
569 2085 912 2162 aestimet
947 2085 1294 2178 Heliaea‚
1354 2085 1740 2186 quidemn
1774 2086 1980 2168 luere
2021 2092 2363 2186 oporteat
2402 2094 2529 2159 aut
2566 2079 2874 2160 solvere.
2950 2080 3030 2158 Si

305 2210 702 2310 pecuniaria
757 2209 1034 2290 mulcta
1089 2209 1155 2287 ei
1232 2209 1432 2288 dicta
1487 2209 1750 2306 fuerit,
1826 2211 1905 2289 in
1963 2209 2278 2286 vinculis
2336 2217 2715 2301 teneatur,
2789 2205 3026 2284 donec

305 2335 603 2413 solverit.

1547 2441 1772 2518 1067.
1837 2472 1842 2478 ·

499 2562 662 2642 Tor
697 2567 1060 2644 λείποντα
1095 2561 1240 2656 τήν
1273 2556 1431 2643 ὕπὸ
1469 2563 1618 2642 τοῦ
1651 2564 2074 2671 στρατηγοῦ
2116 2563 2335 2660 τάξιν
2371 2572 2820 2662 ταχθεῖσαν,
2860 2555 3027 2637 ἄτι-

293 2720 436 2790 μον
471 2689 880 2792 προσήκειν
915 2687 1136 2782 εἶναι,
1191 2695 1329 2766 καὶ
1358 2687 1686 2791 μηδενὸς
1723 2689 1881 2770 τῶν
1916 2691 2215 2768 κοινῶν
2242 2698 2611 2792 μετέχειν.

1403 2819 1825 2915 (Demosth.
1862 2847 2001 2925 pro
2037 2819 2389 2899 Rhodior.
2430 2820 2557 2898 lib.
2600 2821 2819 2913 200.)

1553 2984 1778 3064 1067.

489 3112 844 3188 Desertor
878 3110 1234 3209 assignati
1267 3135 1312 3187 a
1331 3108 1516 3205 duce
1553 3110 1834 3193 ordinis
1870 3111 2276 3211 ignominia
2312 3110 2684 3189 notandus
2726 3119 2801 3189 et
2843 3134 2887 3185 a
2924 3134 3032 3185 re-

293 3232 584 3337 publica
618 3233 980 3314 arcendus
1018 3246 1147 3313 est.

1543 3342 1771 3421 1068.

484 3445 628 3525 Ἐν
681 3458 840 3535 τοῖς
893 3442 1160 3535 αὐτοῖς
1216 3452 1616 3546 ἐπιτιμίοις
1670 3440 2074 3544 ἐνέχεσθαι
2142 3444 2280 3525 τὸν
2334 3444 2842 3547 ἀστράτευτον
2899 3450 3035 3523 καὶ
3142 3474 3148 3482 ’

289 3570 420 3650 τὸν
473 3570 874 3650 λελοιπότα
931 3571 1072 3663 τὴν
1115 3572 1334 3665 τάξιν
1368 3580 1504 3649 καί
1540 3569 1686 3651 τὸν
1721 3570 1980 3653 δειλὸν
2018 3565 2319 3673 ὁμοίως.
2379 3581 2533 3650 Καὶ
2571 3571 2713 3650 τὸν
2752 3570 3035 3673 ἀστρά-

289 3728 554 3776 τευτον
598 3702 736 3777 καὶ
773 3695 916 3779 τὸν
969 3696 1228 3777 δειλὸν
1262 3704 1400 3775 καὶ
1439 3696 1578 3775 τὸν
1615 3696 1938 3777 λιπόντα
1970 3699 2117 3793 τὴν
2152 3700 2367 3795 τάξιν
2407 3704 2546 3792 ἔξω
2584 3699 2741 3776 τῶν
2782 3728 3031 3797 περιρ-

289 3830 701 3926 ραντηρίων
752 3825 879 3916 τῆς
936 3820 1220 3930 ἀγορᾶς
1271 3828 1628 3921 salom,
1686 3830 1822 3901 κατ’
1872 3822 1979 3923 μὴ
2032 3825 2175 3906 aar
2232 3823 2811 3923 στεφανοῦσθαι
2840 3821 3033 3903 ὀὐδ’

289 3956 591 4030 εἰσιέναι
629 3956 734 4038 εἰς
772 3947 865 4026 τά
903 3948 1066 4051 ἱερά
1105 3947 1198 4025 τά
1239 3950 1626 4051 δημοτελῆ.

603 4080 802 4176 (Lex
843 4076 1136 4158 Solonis
1175 4080 1372 4183 apud
1410 4080 1751 4161 Aeschin.
1790 4084 1869 4159 in
1910 4082 2239 4186 ctesiph.
2282 4076 2348 4183 ξ.
2393 4080 2567 4157 175.
2614 4080 2827 4174 176.)

497 4348 774 4429 Iisdem
812 4350 1072 4454 poenis
1109 4242 1827 4453 obstringatuirogtsis
1865 4352 1991 4453 qui
2029 4352 2365 4429 militiam
2401 4349 2929 4429 detrectaverit
2966 4362 3041 4427 et

286 4478 403 4578 qui
443 4478 538 4554 de
587 4478 906 4553 statione
964 4475 1363 4554 decesserit
1419 4488 1494 4553 et
1549 4476 1768 4556 simul
1825 4478 1950 4578 qui
2006 4475 2305 4554 timidus
2362 4476 2573 4553 miles
2629 4477 2868 4554 fuerit.
2944 4476 3043 4552 Et

287 4602 618 4679 militiam
656 4600 1206 4703 subterfugiens
1245 4612 1322 4679 et
1356 4602 1655 4680 timidus
1693 4614 1768 4681 et
1805 4604 2144 4680 desertor
2200 4600 2624 4679 lustralibus
2664 4603 2860 4680 vasis
2901 4602 3041 4678 fori

289 4727 805 4827 prohibeatur,
865 4736 940 4802 et
992 4752 1270 4805 corona
1324 4726 1587 4804 donari
1645 4754 1796 4805 non
1850 4727 2322 4829 permittatur
2372 4738 2443 4804 et
2478 4728 2854 4806 sacrificiis
2908 4752 3039 4828 pu-

288 4852 481 4933 blico
517 4851 815 4932 nomine
851 4852 1203 4931 institutis
1241 4860 1598 4932 arceatur.

1547 4994 1772 5071 1069.

485 5098 974 5203 Ἀστρατείας
1013 5097 1304 5178 άλῶναι
1329 5158 1350 5194 ,
1411 5096 1616 5193 ὅστις
1651 5106 2095 5206 καταλεγεὶς
2132 5098 2229 5179 οὖ
2270 5102 2488 5202 παρῇ.

1532 5292 1538 5295 -
1658 5232 1961 5335 (Lysias
1996 5258 2057 5311 c.
2098 5227 2461 5315 Alcibiad.
2498 5234 2554 5311 I.
2596 5226 2661 5333 ξ.
2708 5228 2819 5324 7.)
