3725 5850
642 413 805 507 688
1556 433 2178 493 conuaumums
2217 435 2322 498 ΑΙ)
2366 430 2538 493 ¹⁵59..

641 629 1087 708 constrictos
1135 627 1501 707 admorsis
1557 624 1853 704 tradere
1911 625 2196 720 solent3
2249 625 2356 706 ita
2411 625 2518 705 illi
2569 653 2712 706 vos
2751 625 2925 710 huic
2962 626 3258 732 popule.
3285 635 3432 706 tra-

642 754 868 852 dunt,
928 777 1149 854 quem
1188 779 1321 852 vos
1356 752 1645 856 injuriis
1682 752 2080 847 affecistis,
2137 777 2226 830 ac
2265 750 2536 837 deinde
2576 749 3028 856 disparent.)

860 876 1085 980 Apud
1123 880 1505 955 Romanos
1536 879 1598 954 si
1628 877 2056 979 quadrupes
2093 875 2536 981 pauperiem
2571 878 2838 956 fecisse
2879 880 3194 978 dicetur,
3235 879 3434 963 actio

642 1030 683 1080 e
739 1002 907 1104 lege
965 1004 1136 1083 XII.
1180 1004 1610 1082 tabularum
1664 1003 2092 1100 deseendit,
2151 1029 2343 1147 qnae
2400 1006 2636 1082 voluit
2683 1015 2814 1081 aut
2853 1004 3013 1082 dari
3047 1003 3170 1100 id,
3235 1003 3436 1103 quod

641 1130 935 1226 nocuit,
958 1128 1069 1214 id
1106 1139 1217 1210 est
1251 1129 1333 1216 id
1368 1129 1685 1225 animal,
1743 1104 1948 1229 quod
2005 1130 2310 1206 noxiam
2348 1129 2752 1232 commisit,
2812 1141 2942 1234 aut
2981 1129 3436 1238 aestimatio-

645 1243 819 1332 nem
857 1253 1123 1332 noxiae
1164 1255 1438 1333 offerri.
1496 1253 1932 1355 (Ulpian.
1988 1253 2216 1332 libr.
2275 1223 2564 1335 XVIII.
2621 1255 2732 1332 ad
2795 1251 3436 1345 Edict.fr.1)

779 1377 1195 1477 Damni
1170 1376 1485 1481 injuriae
1524 1381 1719 1461 actio
1760 1379 2233 1458 constituitur
2270 1407 2406 1482 per
2451 1381 2701 1478 legem
2736 1375 3158 1488 Aquiliam,
3219 1379 3435 1482 cujus

641 1504 885 1608 primo
922 1505 1167 1606 capite
1204 1515 1507 1582 cautum
1546 1513 1695 1600 est,
1751 1514 1835 1580 ut
1872 1503 1934 1580 si
1973 1505 2139 1604 quis
2176 1504 2555 1582 hominem
2593 1506 2960 1602 alienum,
3011 1503 3434 1582 alienamve

644 1629 1226 1732 quadrupedem,
1265 1653 1456 1730 quae
1494 1629 1868 1729 pecudum
1909 1653 2218 1706 numero
2257 1629 2394 1726 sit,
2432 1629 2704 1732 injuria
2739 1629 3131 1726 occiderit,
3173 1629 3438 1730 quanti

644 1780 735 1830 ea
775 1779 895 1831 res
932 1755 1010 1830 in
1048 1779 1141 1832 eo
1176 1779 1377 1830 anno
1416 1751 1712 1856 plurimi
1750 1751 2012 1849 fuerit,
2061 1763 2358 1832 tantum
2397 1780 2523 1832 aes
2561 1751 2867 1832 domino
2903 1740 3084 1833 dare
3125 1753 3431 1833 damne-

566 1905 573 1910 ·
642 1890 781 1956 tur.
843 1877 1114 1980 (Gaji
1155 1881 1483 1958 Instit.
1526 1881 1663 1976 ΠΙ,
1706 1877 1936 1971 210.)
2021 1995 2028 2008 1

1808 2089 1966 2177 Ad
2003 2092 2294 2178 15⁵8.

862 2235 1415 2360 Thucydid.
1473 2257 1571 2354 ΙΙ,
1634 2258 1779 2333 17:
1846 2259 2134 2358 Locus,
2192 2260 2320 2361 qui
2376 2260 2518 2339 sub
2575 2282 2745 2338 arce
2799 2271 2954 2358 est,
3013 2259 3436 2365 appellatur

646 2385 1165 2482 Pelasgicum,
1224 2385 1303 2460 in
1364 2409 1513 2485 quo
1561 2409 1659 2460 ne
1694 2384 2197 2483 habitaretur,
2257 2385 2464 2464 dirae
2503 2388 3053 2466 exsecrationes
3089 2385 3436 2490 prohibe-

645 2489 833 2585 bant
870 2519 945 2584 et
981 2507 1358 2609 quoddam
1395 2508 1621 2585 etiam
1660 2510 1937 2585 oraculi
1975 2509 2274 2609 Pythici
2307 2533 2612 2591 carmen
2649 2512 2761 2588 his
2799 2513 3050 2590 verbis
3085 2509 3434 2590 ‘vetabatt

654 2634 948 2732 „egisse
970 2631 1443 2734 Pelasgicum
1464 2636 1619 2712 otia
1641 2635 2020 2738 praestat“
2063 2630 2190 2731 (τὸ
2214 2631 2724 2740 ,Πελασγικὸν
2759 2629 3010 2742 ἀργὸν
3040 2627 3437 2736 ἄμεινον).

844 2757 1134 2836 'Rhodii
1184 2758 1635 2859 peculiarem
1693 2759 2078 2837 habebant
2115 2761 2210 2838 de
2247 2764 2565 2840 nauticis
2605 2764 2896 2842 damnis
2933 2763 3182 2864 legem
3203 2822 3222 2860 ‚
3291 2785 3440 2864 qua

649 2893 960 2964 cavetur
979 2941 998 2980 ‚
1055 2896 1139 2962 ut
1192 2885 1255 2962 si
1311 2881 1681 2963 levandae
1736 2887 1948 2963 navis
2007 2888 2252 2988 gratia
2295 2888 2540 2990 jactus
2595 2889 2960 2970 mercium
2997 2891 3242 2969 factus
3281 2899 3433 2985 est,

648 3010 1011 3091 damnum
1056 3012 1382 3091 omnium
1432 3010 1990 3091 contributione
2043 3014 2440 3113 sarciatur,
2500 3016 2702 3117 quod
2739 3043 2878 3120 pro
2917 3018 3267 3095 omnibus
3305 3015 3432 3095 da-

647 3147 805 3215 tum
844 3147 978 3215 est.
1052 3137 1283 3217 Jactu
1321 3138 1537 3215 navis
1574 3139 1831 3217 levata
1866 3140 1926 3215 si
1968 3141 2276 3241 perierit
2295 3198 2316 3237 ,
2375 3144 2726 3220 extractis
2763 3142 3080 3224 aliorum
3115 3168 3254 3245 per
3291 3141 3433 3219 uri·

648 3275 945 3341 natores
983 3262 1353 3341 mercibus
1374 3321 1393 3359 ,
1452 3265 1611 3368 ejus
1648 3290 1948 3367 quoque
1985 3264 2353 3345 rationem
2389 3266 2650 3346 haberi
2697 3269 3018 3370 placuit,
3078 3269 3208 3372 qui
3243 3292 3432 3343 mer·

648 3414 773 3465 ces
810 3389 1020 3467 salva
1064 3414 1260 3466 nave
1307 3389 1648 3490 Jactavit.
1727 3392 1944 3469 Nave
1997 3392 2126 3469 vel
2181 3393 2448 3471 arbore
2505 3393 2582 3470 vi
2638 3395 3106 3497 tempestatis
3161 3393 3436 3471 amissa

650 3524 993 3611 vectores
1028 3513 1125 3591 ad
1160 3516 1792 3617 contributionem
1829 3543 1987 3595 non
2045 3528 2414 3617 tenentur,
2455 3519 2599 3597 nisi
2635 3518 2818 3625 ipsis
2857 3520 3202 3600 arborem
3237 3520 3428 3597 salu·

647 3639 741 3717 tis
778 3664 1003 3720 causa
1038 3640 1469 3721 eruentibus
1504 3626 1719 3721 navis
1756 3644 1972 3724 salva
2004 3643 2120 3721 sit.
2179 3643 2582 3725 Levandae
2619 3646 2832 3725 navis
2861 3648 3110 3747 gratia
3143 3670 3432 3725 merces

646 3764 755 3845 in.
782 3764 1141 3871 scapham
1197 3768 1643 3887 transjectas
1700 3779 1926 3871 atque
1980 3768 2151 3849 ideo
2208 3770 2519 3851 amissas
2591 3772 3080 3851 intributione
3139 3798 3434 3869 earum,

650 3916 839 3994 qme
874 3893 959 3971 in
993 3893 1172 3969 navi
1207 3882 1460 3974 salvae
1514 3894 1866 3995 fuerunt,
1925 3896 2128 3975 refici
2173 3897 2563 3995 convenit3
2618 3923 2811 3977 nave
2849 3909 3104 3979 autem
3139 3899 3436 4003 perdita

646 4028 1137 4115 conservatae
1175 4046 1347 4099 oum
1388 4021 1763 4111 mercibus
1800 4022 2122 4125 scaphae
2163 4024 2352 4102 ratio
2391 4050 2548 4103 non
2581 4024 2920 4103 habetur.
2961 4024 3344 4108 Collatio
3323 4051 3432 4105 m·

648 4143 1079 4221 tributionis
1114 4146 1213 4222 ob
1239 4148 1529 4251 jactum
1565 4150 1778 4226 salva
1811 4174 2009 4227 nave
2049 4149 2208 4227 fieri
2258 4149 2506 4228 debet.
2586 4150 2966 4247 (Paulli
3023 4150 3284 4229 Sent.
3338 4148 3434 4247 ΙΙ,

651 4266 723 4367 ¹2,
765 4267 880 4346 ad
915 4268 1235 4371 legem
1269 4271 1812 4369 Rhodiam.)

864 4413 953 4490 In
993 4412 1289 4491 Libro
1337 4414 1809 4492 Juridico
1860 4414 2544 4527 Alphabetico
2592 4444 2750 4496 slve
2777 4419 3264 4527 Synopsi
3255 4419 3436 4500 Mi-

650 4560 887 4613 nore
946 4538 1104 4631 (ed.
1137 4539 1539 4617 Zachariae
1589 4568 1635 4619 a
1670 4540 2148 4644 Lingenthal.
2208 4543 2508 4646 Lipsiae
2549 4544 2801 4640 1856)
2846 4572 3120 4647 graece
3159 4546 3438 4648 scripta

647 4662 1120 4763 reperiuntur
1156 4666 1407 4767 capita
1443 4665 1672 4766 Legis
1708 4665 2084 4763 Rhodiae,
2125 4658 2204 4743 et
2233 4668 2535 4769 quidem
2573 4670 3002 4771 sequentia:

867 4787 1021 4866 1·0.
1078 4788 1339 4877 Ναῦς,
1398 4785 1537 4867 ἐὰν
1576 4787 2068 4891 προσκρούσῃ
2109 4796 2319 4893 ἑτέρᾳ
2357 4794 2496 4884 νηῒ
2523 4797 2664 4869 καὶ
2696 4795 3000 4895 βυθίσῃ
3039 4790 3317 4886 αὐτήν,
3365 4796 3438 4870 εἰ

642 4911 791 5009 μὲν
844 4908 1085 5004 πολλὴ
1139 4914 1300 5013 βία
1336 4912 1487 4991 τοῦ
1540 4909 1833 5014 ἀνέμου
1891 4921 2050 4993 ἐστὶ
2105 4920 2246 4996 καὶ
2304 4920 2670 5013 φαίνεται
2725 4913 2882 4998 ἀπὸ
2919 4915 3253 5011 τούτου,
3314 4914 3430 4998 ὅτι

654 5028 840 5122 οὖν,
882 5032 1053 5123 ,ἀπὸ
1108 5042 1397 5127 κακίας
1456 5034 1641 5118 οὔτε
1694 5039 1852 5122 ἀπὸ
1913 5040 2266 5143 ἀμελείας
2317 5044 2463 5125 τοῦ
2539 5042 3023 5147 κυβερνήτου
3077 5052 3220 5133 καὶ
3273 5044 3429 5132 τῶν

652 5162 962 5242 ναυτῶν
1017 5162 1173 5243 cdv
1226 5170 1315 5242 ἐν
1366 5164 1462 5264 τῇ
1517 5173 1907 5270 σωζομένη
1949 5161 2154 5263 νηῒῆ
2197 5166 2682 5272 ἀπολλυμένη
2738 5171 2931 5261 ναῦς
2985 5173 3422 5273 ἐβυθίσθη,
