3725 5850
1121 481 1219 531 DE
1262 478 1613 532 mannus
1650 476 2218 531 naason-Anus.
2897 454 3056 531 ³63

307 695 505 757 τινα,
559 670 634 742 εἰ
686 665 761 744 δὲ
807 664 967 768 μὴ,’
1021 666 1177 743 τῶν
1234 660 1496 743 ἄλλων
1555 660 1729 740 τινά
1789 662 2186 767 συγγενῶν
2241 664 2388 744 τὸν
2443 663 2694 743 αὐτὸν
2765 667 3054 766 τρόπον

308 798 453 891 περὶ
492 790 720 883 πάσης
756 793 883 886 τῆς
920 791 1191 883 οὐσίας
1230 790 1888 891 ἐπιδικασάμενον
1932 798 2130 883 ἕξειν
2161 789 2407 885 αὐτήν
2443 804 2808 897 γυναῖκα.

1721 924 2017 1014 (Isaeus
2058 922 2322 1024 Pyrrh.
2365 921 2520 999 her.
2562 918 2628 1025 ξ.
2671 922 2838 1016 74.)

1558 1082 1785 1160 1414.

496 1208 645 1287 Aut
678 1211 1123 1311 cognatione
1165 1211 1674 1311 proximorum
1712 1208 2052 1310 quisdam
2090 1207 2323 1286 filiam
2357 1208 2880 1285 hereditariam
2922 1210 3052 1286 ha-

300 1341 460 1415 beat
511 1338 652 1412 sibi
709 1363 753 1411 a
795 1336 1172 1438 judicibus
1231 1334 1731 1436 adjudicatam
1786 1359 2134 1429 uxorem,
2194 1345 2322 1409 aut
2377 1334 2440 1409 si
2493 1360 2747 1410 eorum
2803 1335 3052 1412 nullus

301 1490 451 1540 eam
488 1462 766 1538 habere
808 1462 1031 1556 velit,
1072 1459 1610 1537 avunculorum
1649 1458 1915 1559 aliquis
1955 1458 2217 1553 ducat,
2275 1460 2392 1535 sin
2443 1460 2897 1562 reliquorum
2933 1486 3052 1535 co-

299 1601 675 1688 gnatorum
717 1590 1104 1691 quisquam
1161 1589 1320 1690 pari
1380 1587 1601 1664 modo
1642 1586 1878 1689 petita
1908 1586 1985 1661 in
2017 1585 2182 1685 jure
2223 1587 2572 1665 universa
2609 1586 3044 1679 hereditate,

303 1741 453 1792 eam
490 1738 797 1792 uxorem
834 1711 1124 1789 habeat.

1563 1820 1789 1896 1415.

486 1942 1033 2021 Ἐπιδικασίαν
1070 1940 1264 2019 εἶναι
1301 1941 1459 2017 τῶν
1514 1939 1945 2041 ἐπικλήρων
2002 1932 2365 2032 άπασῶν,
2424 1946 2560 2016 καί
2619 1948 2858 2032 ξένων
2913 1946 3052 2015 καί

300 2067 542 2149 ἀστῶν
561 2130 584 2163 ,
642 2075 784 2147 καὶ
820 2074 987 2170 περὶ
1018 2073 1169 2171 μὲν
1205 2070 1362 2146 τῶν
1398 2070 1734 2147 πολιτῶν
1770 2063 1914 2144 τὸν
1951 2060 2297 2170 ἄρχοντα
2337 2067 2673 2173 εἰσάγειν
2710 2072 2846 2143 καὶ
2885 2074 3054 2143 ἐπι-

290 2202 704 2295 μελεῖσθαι,
746 2200 911 2295 περὶ
949 2192 1025 2273 δὲ
1069 2195 1228 2270 τῶν
1253 2197 1650 2295 μετοίκων
1684 2192 1829 2271 τὸν
1869 2199 2384 2293 πολέμαρχον,
2423 2200 2561 2273 καὶ
2595 2190 3056 2271 ἀνεπίδικον

288 2317 387 2421 μή
429 2330 703 2416 ἐξεῖναι
746 2323 954 2419 ἔχειν
980 2318 1171 2421 μήτε
1208 2320 1507 2423 κλῆρον
1532 2320 1723 2421 μήτε
1761 2324 2197 2419 ἐπίκληρον.

1440 2452 1870 2547 (Demosth.
1912 2452 1991 2525 in
2029 2448 2386 2553 Stephan.
2425 2451 2522 2547 ΙΙ,
2570 2449 2838 2543 1135.)

1562 2613 1789 2689 1415.

491 2738 1138 2840 Disceptationem
1207 2739 1325 2831 (id
1382 2750 1533 2835 est,
1610 2737 2280 2840 adjudicationem)
2360 2737 2518 2813 fieri
2593 2748 2890 2838 oportet
2963 2739 3052 2814 de

297 2862 576 2942 filiabus
635 2864 1093 2942 hereditariis
1154 2865 1500 2941 omnibus
1539 2875 1692 2941 tam
1732 2864 2022 2941 civibus
2062 2890 2286 2965 quam
2326 2862 2779 2965 peregrinis3
2836 2889 2924 2940 ac
2964 2862 3053 2952 dc

295 2989 569 3066 civibus
608 3017 907 3068 causam
943 2990 1417 3067 introducere
1456 2989 1894 3067 archontem
1933 2991 2467 3093 (eponymum)
2507 2999 2581 3064 et
2616 3014 2874 3065 curare
2901 3047 2918 3082 ‚
2957 2987 3050 3064 de

292 3115 662 3214 inquilinis
701 3128 948 3193 autem
986 3115 1587 3217 polemarchum3
1644 3142 1733 3191 ac
1770 3117 1930 3191 sine
1971 3113 2506 3216 disceptatione
2545 3140 2640 3192 ne
2676 3114 2898 3192 liceat
2934 3113 3055 3192 vel

294 3239 767 3319 hereditatem
804 3241 1081 3319 habere
1120 3243 1239 3317 vel
1278 3243 1505 3318 filiam
1544 3240 2091 3317 hereditariam.

1563 3401 1791 3476 1416.

485 3537 684 3617 Ἐάν
723 3541 791 3618 δ’
831 3541 1508 3642 ἐπιδεδικασμένου
1565 3541 2013 3643 ἀμφισβητῇ
2067 3541 2214 3618 τοῦ
2265 3538 2554 3642 κλήρου
2615 3537 2660 3636 ἢ
2717 3541 2846 3634 τῆς
2882 3550 3052 3620 ἐπι-

294 3665 624 3768 κλήρου,
684 3673 1274 3768 προσκαλείσθω
1312 3667 1458 3745 τὸν
1494 3667 2178 3767 ἐπιδεδικασμένον
2234 3665 2416 3768 πρὸς
2472 3663 2616 3744 τὸν
2673 3662 3050 3768 ἄρχοντα,

291 3789 646 3895 καθάπερ
684 3800 806 3871 ἐπὶ
842 3793 1001 3872 τῶν
1038 3789 1297 3872 ἄλλων
1335 3795 1618 3872 δικῶν·
1661 3791 2312 3896 παρακαταβολάς
2352 3793 2418 3869 δ’
2458 3793 2783 3896 εἶναιτῷ
2806 3793 3052 3896 ἀμφι-

291 3918 717 4019 σβητοῦντι.
783 3915 980 3995 Ἐάν
1054 3919 1129 3996 δὲ
1195 3917 1305 4021 μή
1376 3921 2088 4022 προσκαλεσάμενος
2157 3919 2730 4014 ἐπιδικάσηται,
2791 3919 3053 4014 ἀτελὴς

290 4048 491 4123 ἔσται
532 4037 573 4136 ἦ
616 4043 1061 4123 ἐπιδικασία
1094 4047 1235 4122 τοῦ
1284 4043 1599 4146 κλήρου.
1648 4045 1847 4123 Ἐάν
1902 4046 1978 4124 δὲ
2029 4044 2139 4146 μή
2203 4045 2290 4145 ζῇ
2331 4039 2374 4123 ὅ
2413 4045 3053 4148 ἐπιδικασάμενος

287 4171 421 4249 τοῦ
463 4170 805 4272 κλήρου,
863 4177 1453 4273 προσκαλείσθω
1498 4171 1703 4250 κατά
1761 4171 2053 4265 ταύτά,
2113 4163 2177 4275 ᾦ
2236 4167 2277 4266 ἦ
2341 4179 2780 4274 προθεσμία
2824 4174 3052 4273 μήπω

286 4295 570 4390 ἐξήκει·
627 4297 771 4391 τήν
808 4297 876 4375 δ’
916 4296 1482 4399 ἀμφισβήτησιν
1520 4297 1717 4378 εἶναι
1776 4301 1884 4401 τῷ
1944 4304 2250 4398 ἔχοντι,
2308 4307 2503 4376 καθ’
2564 4296 2608 4376 ὃ
2665 4331 2738 4377 τι
2795 4301 3050 4380 ἐπεδι-

286 4424 581 4502 κάσατο
602 4483 627 4516 ,
688 4415 786 4502 οὗ
826 4420 933 4502 ἂν
969 4428 1107 4524 ἔχῃ
1146 4423 1239 4500 τά
1268 4423 1653 4526 χρήματα.

1213 4553 1637 4649 (Demosth.
1678 4557 1847 4633 adv·
1888 4555 2196 4636 Macart.
2245 4557 2836 4652 1054—1055.)

1561 4717 1783 4793 1416.

495 4857 627 4936 Sin
665 4871 915 4937 autem
954 4863 1116 4960 quis
1155 4861 1362 4938 litem
1410 4861 1752 4938 intendat
1788 4861 2052 4958 alicui,
2113 4863 2239 4964 qui
2277 4860 2774 4965 adjudicatam
2809 4865 3044 4966 impe-

287 4986 511 5066 travit
547 4985 1031 5063 hereditatem
1071 4987 1192 5061 vel
1231 4987 1460 5063 filiam
1516 4987 2082 5084 hereditariam,
2141 4989 2368 5066 citato
2407 5015 2616 5085 eum,
2673 4989 2798 5091 qui
2839 4988 3046 5090 adju-

290 5112 599 5187 dicatam
639 5120 882 5207 tenet,
938 5111 1029 5186 ad
1069 5112 1502 5188 archontem
1527 5173 1544 5208 ‚
1585 5114 2210 5214 quemadmodum
2249 5118 2333 5190 fit
2369 5116 2446 5190 in
2484 5115 2746 5191 ceteris
2785 5115 3047 5190 causis.

290 5235 779 5341 Stipulatione
835 5249 1081 5315 autem
1139 5250 1481 5317 teneatur
1529 5243 1829 5345 petitor.
1907 5239 2040 5322 Sin
2097 5241 2255 5322 sine
2316 5242 2659 5321 citatione
2707 5239 3041 5345 petierit,
