3725 5850
1199 444 1754 502 mmmmm-us
1787 445 2231 500 saeuorum.
3006 416 3115 499 87

1627 632 1810 715 35⁸7.

535 770 978 876 ’Παράσιτοι
1013 785 1176 864 τοῖς
1201 779 1355 876 μὲν
1391 771 1724 876 ἄρχουσι
1779 769 1927 857 δύο
1964 779 2177 864 ’καθῗ
2218 775 2550 853 ἕκαστον
2586 781 2768 856 εἰσι·
2826 789 2989 866 τοῖς
3026 776 3107 856 δὲ

323 899 840 1004 πολεμάρχοις
874 897 1000 988 εἷς.
1086 909 1526 1008 Τεταγμένα
1581 901 1661 978 δὲ
1714 897 2206 1002 λαμβάνουσι
2247 910 2421 1003 παρ’
2461 895 2721 980 ἄλλων
2756 909 2834 980 τέ
2850 911 3108 980 ’τινων

319 1029 468 1102 καὶ
503 1023 658 1105 τῶν
695 1018 977 1108 ἁλιέων
1014 1019 1248 1130 ὄψον.
1715 1034 1723 1043 ’
1956 1031 2430 1126 (Athenaeus
2467 1032 2600 1130 VI,
2640 1033 2891 1130 235.)

1624 1155 1803 1235 857.

538 1295 851 1376 Parasiti
906 1299 1388 1378 archontibus
1457 1301 1605 1378 duo
1670 1311 1848 1378 sunt
1904 1299 2217 1399 singulis
2240 1359 2259 1394 ‚
2338 1299 2839 1402 polemarchis
2915 1301 3133 1378 vero‘

315 1449 533 1500 unus.
607 1422 1009 1527 Accipiunt
1063 1438 1316 1504 autem
1370 1437 1648 1505 statuta
1703 1424 2074 1532 quaedam
2110 1437 2272 1503 tum
2307 1425 2405 1504 ab
2444 1425 2604 1503 aliis
2630 1484 2648 1520 ‚
2709 1439 2867 1503 tum
2907 1451 2952 1502 a
2987 1427 3101 1530 pi-

313 1549 739 1627 scatoribus
779 1551 1195 1630 obsonium.
1621 1657 1779 1733 358

525 1794 1102 1897 Ἔπιμελεῖσθαι
1142 1798 1220 1877 δέ
1257 1796 1403 1875 τὸν
1435 1797 1953 1900 βασιλεύοντα
1991 1799 2148 1874 τῶν
2184 1795 2591 1898 ἀρχόντων
2612 1856 2633 1889 ,
2676 1795 2878 1886 ὅπως
2914 1795 3098 1885 τούς

315 1927 783 2022 παρασίτους
839 1932 930 2000 ἐκ
984 1925 1143 2000 τῶν
1198 1922 1462 2024 δήμιον
1515 1923 1882 2022 αἱρῶνται
1923 1920 2126 1998 κατὰ
2163 1921 2260 1998 τὰ
2302 1932 2807 2028 γεγραμμένα.
2894 1921 3097 2013 Totis

313 2045 398 2122 δὲ
439 2054 901 2147 παρασίτους
947 2055 1042 2126 ἐκ
1091 2049 1218 2141 τῆς
1255 2054 1341 2145 *)
1395 2051 1828 2147 βουκολίας
1886 2053 2227 2152 ἐκλέγειν
2281 2055 2375 2124 ἐκ
2427 2047 2573 2124 τοῦ
2622 2053 2899 2147 μέρους
2947 2047 3092 2124 τοῦ

311 2171 614 2247 ἑαυτῶν
645 2181 983 2250 ἕκαστον
1033 2179 1256 2250 ἑκτέα
1290 2174 1645 2276 κριθῶν,
1705 2169 2134 2250 δαίνυσθαί
2190 2203 2269 2250 τε
2320 2168 2508 2259 ,τούς
2564 2164 2793 2262 ὄντας
2839 2172 3093 2265 Ἀθη-

311 2301 582 2386 ναίους
617 2305 705 2376 ἐν
739 2299 850 2398 τῷ
890 2297 1064 2400 ἱερῷ
1103 2296 1307 2375 κατοὶ
1348 2295 1440 2374 τὰ
1483 2295 1779 2396 πάτρια.
1865 2295 2026 2374 Τὸν
2084 2295 2151 2372 δ’
2194 2301 2417 2372 ἑκτέα
2454 2303 2813 2398 ’παρέχειν
2851 2303 2957 2386 εἰς
2994 2295 3085 2375 w?

311 2419 584 2520 ἆρχε-ἴα
620 2424 732 2524 τῷ
771 2421 1218 2501 οΑπόλλωνι
1269 2423 1455 2512 τούς
1501 2421 1955 2524 Ἀχαρνέων
1994 2428 2460 2524 παρασίτους
2500 2421 2653 2500 ἀπὸ
2693 2423 2819 2517 τῆς
2857 2428 3090 2502 ἐκλο-

308 2547 448 2652 γῆς
483 2547 641 2624 τῶν
677 2547 1006 2648 κριθῶν.
1283 2643 1290 2657 .
1675 2531 2148 2646 (Athenaeus
2187 2551 2320 2648 VI,
2360 2551 2485 2630 27.
2529 2552 2792 2648 (235.)
2814 2555 2875 2672 Jt

1616 2712 1794 2792 358.

524 2855 753 2936 Ciu-et
805 2882 856 2933 e
905 2883 1216 2936 numero
1275 2857 1744 2940 archontum
1739 2881 1927 2950 rex,
1988 2866 2070 2931 ut
2106 2854 2425 2937 Parasiti
2462 2881 2503 2935 e
2538 2856 2761 2960 pagis
2799 2855 3081 2955 eligan-

305 2954 470 3074 tur,
523 2982 1154 3086 quemadmodum
1207 2982 1286 3061 iu
1339 2983 1637 3081 legibus
1699 2982 2065 3083 scriptum
2120 2992 2253 3061 est.
2328 2981 2647 3061 Parasiti
2693 3008 2874 3061 vero
2906 2981 3084 3087 abs-

307 3132 450 3207 que
489 3106 660 3182 dolo
695 3106 1084 3205 colligant,
1124 3109 1436 3208 quisque
1474 3133 1568 3184 ex
1605 3118 1818 3208 parte
1856 3107 1999 3183 sibi
2036 3106 2445 3198 adtributa,
2484 3106 2879 3183 sextarium
2916 3107 3084 3185 hor·

308 3231 470 3327 dei,
529 3258 678 3332 quo
716 3257 869 3309 una
905 3231 1302 3333 epulentur
1354 3232 1480 3333 qui
1518 3242 1692 3307 sunt
1729 3228 2270 3320 Athenienses,
2330 3230 2411 3306 in
2448 3229 2728 3333 templo
2766 3231 2912 3306 ritu
2949 3256 3082 3332 pa-

305 3356 470 3433 tric.
547 3354 971 3433 Sextarium
1025 3367 1277 3431 autem
1330 3355 1411 3431 in
1470 3356 1751 3431 curiam
1802 3353 2139 3457 Apollini
2190 3356 2611 3457 praebeant
2649 3354 3081 3434 Acharneu-

305 3482 498 3559 sium
533 3482 838 3586 parasiti
877 3509 970 3559 ex
1007 3480 1265 3558 hordei
1303 3480 1766 3560 collectione.

1609 3656 1787 3735 359.

506 3792 924 3897 Ἵεροποιοί
981 3803 1126 3875 εἰσι
1191 3803 1569 3899 κληρωτοί
1632 3790 2048 3899 ἄρχοντες·
2104 3804 2249 3875 εἰσὶ
2308 3797 2385 3875 δὲ
2437 3797 2623 3874 δέκα
2662 3797 2805 3875 τὸν
2841 3796 3076 3899 ἀριθ-

303 3922 507 4024 μὸν,
567 3928 647 4000 οί
682 3922 774 3999 τά
813 3955 893 3999 τε
922 3922 1427 4022 μαντεύματα
1465 3918 2005 4022 ἶεροθυτοῦσι,
2066 3954 2233 3999 καν
2267 3954 2340 3999 τι
2377 3924 2867 4021 καλλιερῆσαι
2907 3924 3076 4022 δέῃ,

310 4050 793 4150 καλλιεροῦσι
822 4078 1019 4150 μετα
1059 4048 1220 4125 τῶν
1248 4047 1652 4147 μάντεων,
1692 4078 1832 4124 και
1877 4055 2159 4137 θυσίας
2195 4079 2330 4137 τας
2367 4057 2873 4150 νομιζομένας
2910 4060 3077 4128 ἐπι-

311 4177 648 4267 τελοῦσι,
705 4180 846 4252 καὶ
900 4173 1035 4265 τὰς
1094 4176 1672 4277 πενταετηρίδας
1728 4168 2036 4265 ἁπάσας
2092 4174 2526 4267 διοικοῦσι,
2588 4174 2789 4267 πλὴν
2844 4180 3076 4253 Παν-

311 4307 728 4394 αθηναίων.
1894 4306 2119 4402 (Lex.
2158 4304 2466 4405 Seguer.
2504 4332 2578 4407 p.
2618 4306 2861 4397 2650.

1361 4480 1368 4485 ·
1399 4454 1408 4461 ’
1597 4448 1774 4524 359.

515 4587 846 4667 Sacrifici
901 4600 1076 4668 sunt
1132 4591 1612 4690 magistratus
1668 4600 1866 4668 sorte
1924 4592 2138 4684 lecti,
2215 4605 2531 4681 numero,
2583 4588 2881 4687 decem,
2950 4594 3073 4695 qui

309 4716 824 4793 vaticiniorum
880 4740 1107 4792 causa
1160 4739 1372 4791 sacra
1426 4715 1860 4813 instituunt,
1911 4728 1997 4792 ‘et
2051 4716 2113 4793 si
2162 4714 2380 4793 litare
2417 4726 2797 4819 oporteat,
2853 4716 3072 4793 litant

308 4868 476 4917 cum
507 4840 805 4919 vatibus
827 4900 846 4937 ,
903 4852 979 4917 et
1034 4840 1399 4917 sacrificia
1452 4865 1591 4917 usu
1651 4843 1939 4919 sancita
1985 4843 2311 4939 faciunt,
2374 4854 2449 4919 et
2486 4842 3071 4953 quinquennalia
3174 4928 3189 4943 .

307 4966 492 5043 festa
525 4964 892 5043 adornant
926 4964 1176 5042 omnia
1197 5022 1216 5061 ‚
1269 4979 1567 5068 praeter
1603 4966 2159 5054 Panathenaea.

389 5174 464 5263 ²)
495 5174 900 5273 conjectura
927 5142 1162 5253 Potiti}
1206 5177 1419 5269 ἐκτός.
