3725 5850
1095 423 1710 478 conmnumnms
1746 424 1856 476 An
1900 417 2059 476 138⁷.
2097 418 2255 476 1391.
2912 399 3069 489 609

295 613 470 690 dum
507 617 862 717 conjecit:
921 612 1062 691 ε’ἀν
1102 609 1317 712 δὲμὴ
1359 609 1685 708 ἀδελφοὶ
1725 603 1915 688 ὦσιν
1955 607 2002 702 ἢ
2040 607 2405 708 ἀδελφῶν
2444 608 2747 703 παῖδες,
2788 607 3067 688 ἀδελ-

294 734 484 832 φάς
540 743 710 812 καὶ
769 735 1136 827 παῖδας
1192 745 1288 830 ἐξ
1346 735 1730 828 αὐτῶν,
1791 731 1965 812 εὀὶν
2018 734 2276 836 δὲμὴ
2328 732 2778 834 ἀδελφαὶ
2827 729 3069 812 ὦσιν

293 858 342 953 ἢ
397 861 748 950 παῖδες
823 871 918 955 ἐξ
994 861 1370 953 αὐτῶν,
1449 858 1948 962 ἀνεψιούς
2014 869 2191 938 καὶ
2247 861 2617 951 παῖδας
2669 870 2751 956 ἐξ
2806 858 3068 940 αὐτῶν

293 985 496 1062 κατὰ
533 984 779 1064 ταύτά
823 989 1264 1095 λαγχάνειν.
1361 1061 1366 1066 ,

469 1137 758 1214 -Isaeus
814 1138 1114 1240 quidem
1168 1149 1338 1238 post
1393 1138 1654 1215 fratres
1701 1123 2002 1212 'sorores
2050 1135 2145 1212 ad
2182 1135 2726 1214 successionem
2764 1147 3066 1214 vocatas

291 1263 728 1339 nominatim
767 1263 1129 1361 affirmat3
1185 1277 1261 1340 at
1316 1263 1438 1340 ille
1497 1289 1652 1339 non
1689 1263 1934 1361 legem
1956 1321 1973 1356 ‚
2027 1263 2227 1339 utin
2262 1263 2517 1339 codice
2558 1273 2710 1357 est,
2766 1264 3068 1357 recitat,

289 1387 420 1462 sed
457 1387 1028 1489 interpretatur,
1087 1415 1314 1489 quare
1374 1399 1446 1465 et
1503 1413 1670 1464 cam
1707 1387 1955 1463 verbis
1994 1387 2229 1464 multo
2267 1387 2779 1483 brevioribus,
2837 1412 3061 1490 quam

293 1512 566 1611 quibus·
607 1515 767 1615 ipse
804 1516 882 1589 in
939 1513 1385 1615 explicanda
1441 1514 1609 1613 lege
1666 1537 1844 1590 usus
1882 1515 2011 1608 sit,
2070 1539 2114 1589 a
2152 1514 2579 1614 legislatore
2618 1525 3063 1616 conceptam

294 1637 522 1715 fuisse
561 1641 683 1717 ait.
761 1641 846 1720 In
884 1642 1050 1717 loco
1087 1641 1319 1740 igitur
1356 1641 1548 1718 Isaei
1585 1640 1770 1715 nihil
1809 1649 1962 1736 est,
2016 1640 2215 1740 quod
2252 1640 2421 1716 talis
2468 1641 3070 1742 interpolationis

291 1763 368 1838 in
427 1765 936 1844 Demosthene
995 1765 1386 1844 faciundae
1461 1765 1980 1842 necessitatem
2054 1765 2272 1842 nobis
2328 1768 2685 1868 imponat.
2760 1766 3065 1867 Itaque,

291 1916 519 1990 quum
558 1891 735 1968 alibi
774 1893 994 1970 etiam
1052 1890 1353 1993 pluralis
1411 1883 1736 1982 ἀδελφοὶ
1795 1890 2107 1991 perinde
2160 1890 2252 1967 de
2290 1891 2643 1968 fratribus
2682 1901 2757 1967 et
2794 1891 3064 1968 sorori-

291 2013 435 2092 bus
472 2017 550 2091 in
591 2044 728 2094 usu
765 2019 900 2113 sit,
961 2019 1039 2093 in
1079 2017 1416 2094 Soloneis
1455 2016 1749 2116 legibus
1792 2043 2079 2093 summa
2132 2016 2499 2093 brevitate
2558 2016 2945 2118 conceptis
2982 2039 3073 2090 ea

289 2141 594 2218 licentia
649 2142 952 2220 minime
1011 2142 1392 2219 offendere
1448 2153 1729 2243 potest3
1785 2169 2109 2244 namque
2170 2143 2399 2219 etiam
2444 2143 2523 2217 in
2562 2152 2819 2218 nostra
2857 2142 3065 2238 lege,

291 2269 581 2367 quoties
621 2262 876 2354 παῖδες
934 2267 1235 2370 γνήσιοι
1293 2271 1818 2362 nominantur,
1877 2270 2113 2345 verba
2150 2268 2242 2344 de
2283 2281 2595 2370 utroque
2634 2293 2817 2344 sexu
2856 2266 3071 2342 intel·

290 2392 592 2492 lig-enda
629 2393 871 2472 sunt.“
935 2393 987 2471 S
1013 2395 1322 2472 chelli
1345 2395 1636 2493 ngius
1684 2394 1776 2472 de
1818 2393 2115 2470 Solonis
2152 2393 2448 2494 legibus
2485 2421 2559 2494 p.
2602 2391 2778 2468 115.

509 2535 714 2613 Idem
771 2533 1270 2635 schellingius
1328 2565 1399 2638 p.
1446 2535 1596 2609 11⁷
1655 2537 1943 2611 initium
2000 2535 2187 2632 legis
2233 2537 2311 2610 in
2348 2535 2876 2613 Demosthenis
2915 2535 3069 2612 Ma-

293 2672 471 2737 cart.
511 2662 615 2737 ita
651 2659 1042 2738 emendat:
1101 2654 1239 2732 ἐάν
1299 2655 1374 2732 δὲ
1437 2653 1760 2752 ἀδελφοὶ
1819 2649 2011 2731 ὦσιν
2068 2648 2546 2757 ὁμοπάτορες
2606 2652 2653 2748 ἢ
2698 2654 2955 2743 παῖδες
2992 2663 3070 2748 ἐξ

295 2781 659 2879 ἀδελφῶν
715 2779 1012 2887 γνήσιοι
1053 2781 1194 2873 τὴν
1232 2783 1374 2858 τοῦ
1419 2782 1701 2881 πατρὸς
1749 2794 2037 2882 μοῖραν
2095 2779 2559 2887 λαγχάνειν·
2635 2779 2776 2858 ἐὰν
2834 2781 2911 2856 δὲ
2961 2780 3069 2881 μὴ

295 2889 622 3006 ἀδελφοὶ
673 2901 862 2985 ὦσιν
900 2905 947 3001 ἢ
986 2903 1350 3004 ἀδελφῶν
1407 2906 1706 2999 παῖδες,
1765 2905 2272 3009 ἀνεψιούς
2328 2913 2503 2984 καὶ
2562 2906 2931 2997 παῖδας
2984 2913 3063 3000 ἐξ

296 3032 561 3112 αὐτῶν
597 3033 799 3111 κατὰ
843 3031 1090 3111 ταύτὰ
1129 3034 1572 3141 λαγχάνειν.
1634 3039 1856 3133 Quod
1895 3042 2359 3141 superfluum
2396 3051 2547 3135 est3
2596 3062 2771 3115 nam
2809 3048 3073 3139 suapte

295 3165 735 3265 intelligitur
791 3160 976 3251 τούς
1029 3170 1107 3253 ἐξ
1169 3158 1431 3239 αὐτῶν
1482 3171 1794 3269 (nempe
1848 3159 2211 3259 ἀδελφῶν
2250 3156 2299 3253 ἢ
2335 3158 2697 3255 ἀδελφῶν
2735 3157 3074 3255 παίδων)

295 3318 446 3367 non
485 3292 668 3368 alios
709 3318 871 3369 esse
910 3318 1134 3392 quam
1173 3284 1547 3388 ἀνεψιούς
1587 3293 1724 3362 καὶ
1767 3286 2043 3375 παῖδας
2080 3284 2451 3388 ἀνεψιῶν.

513 3436 880 3535 Regulam
920 3436 1155 3536 juris,
1209 3446 1292 3509 ut
1346 3436 1423 3510 in
1480 3436 1947 3511 successione
2005 3434 2102 3511 ab
2160 3438 2511 3512 intestato
2551 3432 2882 3509 conditio
2922 3457 3073 3509 ma-

298 3563 492 3637 rium
527 3560 1114 3662 praehaberetur
1152 3551 1554 3635 conditioni
1592 3560 2057 3655 feminarum,
2090 3558 2497 3638 servabant
2528 3557 2801 3637 Graeci
2839 3582 3072 3657 usque

302 3689 398 3764 ad
439 3686 844 3763 secundam
881 3687 1034 3762 fere
1071 3684 1292 3785 hujus
1329 3686 1560 3761 seculi
1599 3698 1914 3787 partem.

515 3828 634 3905 cf.
672 3826 961 3904 Geib:
1001 3827 1484 3928 Darstellung
1520 3827 1648 3905 des
1686 3829 2360 3906 Rechtszustandes
2399 3830 2476 3904 in
2516 3825 3073 3947 Griechenland

301 3953 658 4031 wahrend
698 3950 830 4027 der
867 3951 1300 4029 turkischen
1339 3952 1781 4028 Herrschaft
1823 3953 1980 4030 und
2036 3953 2152 4028 bis
2189 3978 2321 4029 zur
2360 3952 2710 4031 Ankunft
2747 3951 2877 4027 des
2917 3952 3072 4027 Κὸ-

303 4081 475 4179 nigs
514 4076 692 4155 Otto
733 4078 788 4155 Ι.
849 4076 1445 4178 (Heidelbergae
1487 4077 1761 4171 1835.)

1459 4324 1613 4408 Ad
1655 4326 1925 4409 1³01.

519 4512 680 4591 Lex
736 4512 922 4588 haec
977 4513 1194 4590 tacite
1252 4514 1677 4590 continetur
1731 4513 1812 4587 in
1871 4512 2122 4588 verbis
2178 4510 2531 4587 oratoris:
2605 4508 2678 4610 ιί
2732 4503 2880 4611 γὰρ
2902 4561 2923 4596 ,
2978 4498 3079 4591 ὦς

307 4625 528 4710 οὗτοι
567 4640 910 4740 λέγουσι,
969 4634 1082 4733 τῷ
1127 4640 1275 4735 μὲν
1337 4630 1867 4732 Φιλοκτήμονι
1928 4636 2163 4730 (filio)
2211 4628 2321 4731 μή
2381 4626 2561 4725 ἐξῆν
2609 4628 3077 4721 διαθέσθαι,

303 4760 445 4835 τοῦ
489 4757 556 4833 δ’
596 4755 1100 4861 Εὕκτήμονὸς
1141 4765 1457 4865 (patris)
1496 4767 1704 4836 ἐστιν
1742 4752 1784 4835 o‘
1830 4759 2133 4859 κλῆρος.

523 4906 706 4985 Post
761 4906 1302 5011 descendentes
1361 4907 1690 4985 defuncti
1749 4907 1848 4983 ad
1907 4904 2399 4983 ascendentes
2454 4927 2502 4979 a
2546 4914 2759 5005 patre
2815 4925 3079 5004 perve-

305 5034 504 5110 nisse
545 5034 1068 5127 hereditatem,
1107 5033 1524 5111 doctissime
1567 5034 1894 5111 ostendit
1932 5029 2626 5130 Schellingius
2664 5027 2823 5125 (De
2864 5025 3075 5104 Solo-

303 5158 422 5237 nis
457 5159 748 5259 legibus
786 5186 858 5260 p.
905 5156 1391 5253 108—114.)
2572 5278 2660 5343 39
