3725 5850
602 450 761 539 420
1536 472 2156 529 COMMENTARJUS
2193 470 2302 525 AD
2339 464 2431 524 21.

604 664 973 767 equestris
1044 672 1579 762 trecentorum,
1656 664 1922 741 tertius
1994 674 2068 741 et
2139 664 2438 743 infimus
2503 660 2985 760 Zeugitarum
3007 718 3028 757 ,
3103 658 3356 739 ducen-

599 804 865 875 torum.
2399 860 2406 867 .

808 914 1097 1001 Eadem
1133 914 1311 997 dicit
1347 916 1617 998 Suidas
1654 946 1711 995 ε.
1753 944 1825 993 v.
1873 907 2145 1003 Ἴππάς
2165 971 2188 1006 ,
2233 906 2521 1001 Ἰππεῖς
2542 969 2564 1003 ,
2621 916 2716 989 ἐκ
2749 905 3214 1011 τιμημάτων.

811 1045 999 1131 Item
1038 1043 1456 1124 Scholiasta
1489 1044 1569 1121 in
1610 1044 1953 1147 Thucyd.
1993 1044 2130 1136 III,
2176 1044 2298 1119 16.

810 1204 969 1282 Sub
1026 1204 1321 1283 Theseo
1376 1205 1525 1281 alia
1578 1205 1719 1283 fuit
1772 1204 2050 1280 civium
2107 1202 2416 1301 divisi03
2471 1212 2657 1279 teste
2715 1200 2918 1278 enim
2973 1198 3372 1277 Plutarcho

599 1326 717 1423 (¹1³
738 1329 847 1407 he
868 1356 903 1405 s
924 1356 1033 1406 eu
1056 1358 1111 1407 s.
1168 1333 1337 1425 25.)
1393 1332 1676 1433 primus
1732 1329 2089 1407 discrevit
2145 1352 2472 1406 seorsum
2527 1326 2882 1430 patricios
2939 1320 3372 1422 (Εὐπατρι-

598 1452 815 1549 δας),
880 1456 1252 1557 agricolas
1308 1451 1859 1553 (Γεωμόρους)
1913 1470 1987 1533 et
2038 1455 2346 1557 opifices
2401 1447 3058 1557 (Δημιουργούς).
3128 1452 3372 1553 Atque

595 1568 830 1681 quum
866 1582 1197 1683 patriciis
1227 1587 1349 1679 jus
1392 1584 1884 1659 concessisset
1919 1606 2038 1659 res
2075 1581 2366 1657 divinas
2403 1578 2906 1679 cognoscendi
2927 1636 2946 1674 ,
2983 1578 3370 1677 magistra-

596 1716 713 1783 tus
754 1734 797 1783 e
834 1730 973 1783 suo
1010 1708 1270 1783 ordine
1308 1708 1654 1797 creandi,
1710 1718 1785 1785 et
1822 1718 1906 1785 ut
1951 1708 2158 1806 leges
2215 1705 2602 1800 docerent,
2659 1730 2874 1785 sacra
2909 1716 2986 1781 et
3019 1705 3368 1787 caerimo-

601 1832 763 1907 nias
800 1832 1103 1933 reliquis
1140 1832 1427 1909 civibus
1464 1832 2154 1935 interpretarentur,
2203 1833 2412 1934 quasi
2449 1830 2544 1907 ad
2579 1830 3188 1931 aequabilitatem
3227 1830 3370 1923 (εἰς

604 1954 821 2051 ἴσον)
876 1959 1262 2035 constituit
1316 1958 1896 2062 rempublicam,
1973 1960 2175 2060 quod
2231 1958 2598 2057 dignitate
2653 1957 2984 2060 patricii,
3061 1955 3370 2033 utilitate

592 2082 1002 2185 agricolae,
1042 2084 1366 2162 artifices
1404 2108 1709 2163 numero
1749 2084 2184 2162 viderentur
2221 2083 2697 2185 praecellere.

811 2244 1118 2324 Bekker
1172 2246 1449 2327 Anecd.
1501 2272 1612 2345 gr.
1652 2275 1724 2349 p.
1766 2247 1966 2322 257:
2025 2236 2503 2342 Εὕπατρίδαι
2560 2238 2991 2318 καλοῦνται
3049 2242 3122 2316 οἱ
3181 2232 3367 2316 αὐτὸ

594 2363 685 2442 τὸ
728 2360 927 2443 ιῗῖστυ
967 2368 1375 2455 οἰκοῦντες
1410 2373 1549 2444 καὶ
1579 2374 2030 2467 μετέχοντες
2084 2366 2500 2466 βασιλικοῦ
2559 2372 2829 2473 γένους
2864 2371 3004 2441 καὶ
3041 2364 3186 2458 τήν
3223 2364 3369 2441 τῶν

592 2492 815 2597 ἱερῶν
850 2498 1283 2592 ἐπιμέλειαν
1343 2491 1836 2593 ποιούμενοι·
1895 2522 2207 2597 γεωργ
2240 2498 2333 2568 οὶ
2391 2492 2470 2569 δὲ
2528 2495 2603 2569 οἱ
2656 2492 2784 2585 τῆς
2837 2486 3068 2584 ἄλλης
3117 2488 3366 2591 χώρας

594 2615 1024 2719 οἰκήτορες·
1082 2616 1441 2722 ἑπιγεώ
1454 2649 1518 2716 μ
1544 2646 1651 2717 ορ
1676 2648 1766 2693 οι
1808 2615 1887 2692 δὲ
1926 2614 2016 2692 τὸ
2054 2614 2430 2715 τεχνικὸν
2471 2620 2728 2706 ἔθνος.

804 2746 1305 2850 (Eupatridae
1362 2756 1729 2824 vocantur
1785 2747 1912 2847 qui
1969 2750 2209 2849 ipsam
2271 2748 2532 2825 urbem
2587 2748 2968 2843 incolunt,
3021 2746 3200 2845 regii
3239 2770 3362 2822 seu

590 2872 859 2950 nobilis
914 2874 1209 2972 generis
1268 2886 1440 2952 sunt
1494 2872 1901 2977 participes
1957 2887 2032 2953 et
2079 2900 2459 2952 sacrorum
2497 2900 2747 2953 curam
2784 2886 3075 2977 gerunt.
3153 2872 3360 2972 Agri-

514 3061 522 3069 .
590 3000 799 3075 colae
860 3023 1039 3076 vero
1096 2999 1421 3100 reliquae
1482 2999 1807 3102 regionis
1865 2999 2178 3078 incolae.
2263 3001 2739 3102 Epigeomori
2799 3001 3122 3101 denique
3183 3023 3360 3100 gens

588 3124 1006 3226 opificum.)

801 3281 1069 3360 Pollux
1128 3282 1347 3380 VIII,
1412 3283 1604 3360 111:
1701 3285 1894 3383 Τρία
1951 3275 2048 3374 ἦν
2100 3279 2196 3358 τοὶ
2253 3285 2447 3376 ἔθνη
2503 3282 2779 3373 πάλαι,
2861 3279 3354 3386 εὐπατρίδαι,

588 3405 955 3512 γεωμόροι
982 3463 1002 3496 ,
1063 3403 1537 3513 δημιουργοί.
1617 3411 1849 3503 (Tres
1890 3423 2103 3488 erant
2137 3423 2404 3511 gentes
2443 3415 2659 3490 olim:
2718 3413 3176 3517 Eupatridae
3235 3438 3356 3488 seu

586 3537 916 3638 patricii,
976 3533 1325 3612 Geomori
1385 3561 1515 3658 seu
1566 3537 1978 3635 agricolae,
2035 3539 2426 3639 Demiurgi
2461 3565 2591 3616 seu
2631 3540 3004 3643 opifices)

801 3695 1196 3799 Lycurgus
1238 3724 1505 3798 agrum
1542 3699 2222 3777 Lacedaemonium
2279 3700 2366 3778 iis
2425 3700 2550 3799 qui
2607 3700 2885 3777 circum
2934 3701 3197 3776 urbem
3236 3700 3356 3778 ha-

586 3822 965 3927 bitabant,
1032 3849 1173 3924 per
1230 3823 1478 3900 tricies
1534 3822 1737 3900 mille
1800 3835 2040 3901 sortes
2098 3825 2388 3919 divisit5
2467 3850 2730 3926 agrum
2787 3851 3006 3923 vero,
3087 3827 3213 3927 qui
3269 3824 3358 3902 ad

583 3951 823 4052 ipsam
866 3948 1129 4024 urbem
1168 3947 1515 4051 Spartam
1553 3950 2017 4052 pertinebat,
2078 3975 2212 4052 per
2269 3950 2574 4026 sortium
2609 3950 2846 4028 millia
2881 3977 3198 4028 novem:
3257 3961 3358 4026 tot

587 4076 783 4150 enim
840 4075 1141 4150 fuerunt
1196 4087 1434 4152 sortes
1492 4074 2059 4178 Spartanorum.
2135 4076 2466 4154 Tantum
2524 4102 2704 4154 vero
2763 4078 2922 4178 agri
2963 4077 3353 4176 unicuique

585 4211 781 4276 sorte
819 4199 1125 4298 obtigit,
1189 4211 1269 4276 ut
1326 4201 1439 4276 vir
1496 4201 1573 4275 in
1626 4199 1986 4278 reditibus
2043 4201 2352 4278 haberet
2405 4204 2887 4304 septuaginta
2947 4202 3352 4279 medimnos

584 4323 881 4418 hordei,
940 4321 1205 4400 mulier
1258 4323 1693 4420 duodecim,
1752 4325 1966 4426 eique
2024 4327 2291 4402 rationi
2354 4336 2428 4402 et
2481 4326 2928 4426 liquidorum
2984 4325 3354 4403 fructuum

583 4461 993 4553 proventus
1030 4448 1535 4550 responderet.
1612 4450 2009 4528 Traditum
2047 4464 2195 4548 est,
2251 4478 2419 4529 eum
2457 4464 2724 4554 postea
2759 4453 3110 4553 temporis
3147 4477 3348 4556 pere-

439 4627 451 4638 ·
580 4600 715 4675 gre
754 4575 1187 4653 redeuntem
1213 4635 1230 4670 ,
1273 4601 1441 4652 cum
1478 4603 1615 4678 per
1650 4605 1875 4678 agros
1913 4603 2174 4654 recens
2214 4577 2588 4654 demessos
2626 4580 2762 4655 iter
2799 4579 3114 4674 faceret,
3154 4603 3348 4654 acer-

588 4728 723 4777 vos
779 4699 1083 4802 paribus
1138 4701 1551 4782 intervallis
1608 4703 2007 4806 dispositos
2048 4715 2123 4780 et
2160 4704 2506 4804 aequales
2565 4705 3083 4808 conspicatum
3121 4703 3348 4780 subri-

586 4828 811 4924 sisse,
871 4839 1095 4924 atque
1155 4826 1426 4903 dixisse
1484 4839 1721 4905 totum
1759 4857 2018 4928 agrum
2060 4829 2738 4906 Lacedaemonium
2777 4829 3011 4906 videri
3051 4830 3350 4908 fratrum

586 4979 747 5029 esse
786 4951 1222 5047 multorum,
1294 4954 1417 5052 qui
1469 4981 1637 5030 eum
1674 4983 1918 5056 nuper
1955 4955 2150 5030 inter
2187 4981 2263 5030 se
2307 4954 2712 5032 diviserint.
2791 4955 3348 5047 (Plutarch.

586 5075 995 5181 Lycurg.
1058 5079 1171 5170 8.)
