3725 5850
1407 472 1510 522 nt
1551 471 1824 524 romu.
2841 437 2997 510 255

265 662 352 768 pli
385 664 666 762 gratia,
713 663 886 763 jure
942 662 1021 737 in
1075 662 1438 739 concione
1495 662 1734 738 verba
1785 660 2102 738 faciendi
2142 671 2272 736 aut
2308 657 2678 735 senatorio
2712 651 2999 730 honore

263 788 599 889 fungendi
637 799 912 864 carent.
991 786 1175 866 Aliis
1214 813 1362 862 non
1421 787 1597 864 licet
1653 813 2101 888 quemquam
2154 782 2561 885 majestatis
2616 801 3000 872 accusare3

263 913 406 990 aliis
456 939 610 989 non
668 914 846 990 licet
899 913 1089 991 alios
1145 911 1566 989 actionibus
1619 911 2093 995 iudicationis
2131 908 2517 1012 persequi3
2571 905 2736 983 aliis
2772 904 2997 980 inter-

265 1037 520 1115 dictum
555 1050 669 1115 est
705 1038 784 1114 in
821 1039 1395 1147 Hellespontum
1433 1037 1830 1141 navigare,
1893 1036 2058 1118 aliis
2112 1034 2189 1112 in
2228 1035 2282 1114 J
2287 1033 2575 1130 oniam3
2630 1030 2789 1110 aliis
2845 1027 2999 1106 adi-

266 1175 368 1240 tus
403 1162 537 1240 fori
576 1162 870 1244 clausus
907 1173 1040 1240 est.

1515 1270 1740 1347 1013.

459 1369 664 1462 Τούς
701 1367 1022 1474 ἀτίμους
1058 1371 1724 1475 ἐπιλαμβάνεσθαι
1773 1375 1901 1466 τῆς
1929 1371 2191 1474 χειρὸς
2227 1377 2366 1488 καὶ
2405 1367 2706 1475 ἐξάγειν
2745 1373 2837 1444 ἐκ
2872 1365 3001 1458 τῆς

265 1505 588 1601 θυμέλης.
1321 1500 1606 1598 (Schol.
1646 1504 1722 1580 in
1760 1505 2143 1583 Demosth.
2184 1502 2360 1582 Mid.
2404 1499 2580 1597 533,
2621 1499 2787 1590 29.)

1515 1666 1742 1742 1013.

456 1793 944 1894 Ignominiosi
983 1819 1209 1870 manu
1245 1790 1596 1895 prehensi
1633 1791 2046 1870 educantur
2080 1817 2122 1870 e
2158 1815 2405 1869 scena.

1505 1951 1738 2030 1014.

444 2055 792 2157 ’Λτίμων
825 2055 996 2136 ὅσοι
1037 2053 1298 2158 ἄτιμοι
1356 2053 1547 2154 ἦσαν
1601 2064 1780 2160 πρὶν
1841 2055 1887 2150 ἢ
1924 2063 2252 2135 Σολωνα
2290 2049 2509 2154 ἄρξαι
2532 2113 2553 2146 ,
2612 2059 3003 2156 ἐπιτίμους

261 2181 482 2275 εἶναι,
541 2181 739 2275 πλὴν
778 2179 948 2262 ὅσοι
985 2192 1064 2278 ἐξ
1111 2182 1424 2285 Ἀρείου
1463 2181 1716 2289 πάγου
1776 2180 1824 2276 ἢ
1881 2181 2051 2265 ὅσοι
2106 2190 2198 2260 ἐκ
2240 2179 2396 2256 τῶν
2439 2177 2789 2278 Ἐφετῶν
2830 2173 2877 2272 ἢ
2912 2186 3005 2256 ἐκ

261 2313 742 2408 Πρυτανέίου
777 2309 1482 2398 καταδικασθέντες
1519 2300 1678 2386 ὑπὸ
1718 2310 1875 2386 τῶν
1907 2313 2283 2411 βασιλέων
2300 2313 2421 2384 ἐπὶ
2452 2305 2677 2408 φόνῳ
2718 2300 2764 2398 ἢ
2800 2331 3005 2402 σφα-

259 2446 503 2540 γαῖσιν
535 2429 584 2530 ἢ
619 2440 742 2512 ἐπὶ
779 2433 1180 2534 τυραννίδι
1221 2439 1566 2540 ἔφυγον,
1624 2427 1752 2512 ὅτε
1795 2432 2079 2534 θεσμὸς
2114 2431 2361 2530 ἐφάνη
2400 2427 2551 2512 ὅδε.

796 2565 998 2658 (Lex
1035 2560 1334 2643 Solonis
1373 2563 1574 2668 apud
1613 2563 1985 2642 Plutarch.
2025 2565 2098 2639 in
2137 2563 2299 2639 vita
2335 2561 2586 2641 Solon.
2636 2561 2792 2654 19.)

458 2833 744 2912 Omnes
776 2834 902 2937 qui
939 2843 1114 2910 ante
1153 2829 1448 2911 Solonis
1503 2725 2020 2937 magistratum
2074 2833 2485 2935 ignominia
2540 2832 2838 2910 fuerunt
2872 2856 3002 2906 no-

259 2962 418 3056 tati,
472 2960 692 3039 liberi
725 2960 1137 3063 ignominia
1191 2968 1448 3055 sunt0,
1507 2962 1839 3062 exceptis
1896 2962 2027 3058 iis,
2088 2962 2211 3065 qui
2266 2959 2467 3063 apud
2508 2956 3005 3060 Areopagitas

259 3095 374 3162 aut
407 3085 740 3187 Ephetas
795 3096 928 3163 aut
976 3086 1057 3162 in
1112 3087 1492 3187 Prytaneo
1549 3113 1596 3161 a
1649 3086 1953 3191 regibus
2012 3085 2519 3163 clandestinae
2576 3082 2822 3161 caedis
2884 3083 3007 3158 vel

257 3209 609 3287 homicidii
647 3211 772 3290 vel
807 3212 1200 3290 affectatae
1239 3210 1654 3315 tyrannidis
1692 3212 2021 3290 damnati
2060 3212 2394 3304 fuerunt,
2450 3236 2619 3287 cum
2656 3209 2843 3287 haec
2878 3209 3003 3286 lex

258 3336 397 3413 lata
434 3344 564 3412 est.

1517 3445 1750 3525 1015.

457 3562 598 3656 Μὴ
639 3570 807 3665 περὶ
842 3565 1002 3643 τῶν
1038 3562 1340 3665 ἀτίμων
1367 3574 1913 3669 χρηματίζειν,
1970 3563 2175 3654 ὅπως
2216 3560 2371 3665 χρὴ
2422 3568 2815 3663 ἐπιτίμους
2854 3560 3004 3641 αὐ-

259 3689 428 3779 τούς
463 3688 704 3781 εἶναι,
760 3687 907 3768 ἐᾶν
933 3689 1043 3791 μὴ
1085 3700 1640 3794 ψηφισαμένων
1687 3690 2144 3785 Ἀθηναίων
2198 3688 2341 3786 τὴν
2396 3682 2667 3769 ὄῖδειαν
2704 3691 3008 3795 πρῶτον

251 3812 350 3911 μή
405 3818 728 3892 ἔλαττον
785 3822 1367 3914 ἑξακισχιλίων,
1441 3814 1555 3907 οἷς
1613 3814 1715 3895 ἂν
1771 3816 1955 3916 δόξῃ
2010 3814 2359 3916 κρύβδην
2419 3819 3003 3916 ψηφιζομένοις·

259 3940 416 4017 τότε
473 3938 540 4019 δ’
578 3948 858 4034 ἐξεῖναι
900 3946 1404 4044 χρηματίζειν
1457 3950 1652 4019 καθ’
1709 3938 1758 4020 ὅ
1809 3974 1885 4019 τι
1942 3937 2045 4018 ἂν
2098 3940 2189 4039 τῇ
2246 3939 2494 4041 βουλῇ
2541 3940 2826 4041 καὶτῷ
2868 3938 3004 4034 δή-

251 4096 368 4168 μῳ
406 4065 622 4166 δοκῇ.
1377 4070 1806 4167 (Demosth.
1843 4098 1906 4149 0.
1946 4071 2266 4149 Timocr.
2306 4066 2793 4162 714-715.)

1509 4232 1734 4311 1015.

459 4352 574 4433 Ne
611 4356 840 4434 liceat
875 4355 967 4434 de
1005 4356 1515 4456 ignominiosis
1553 4354 1815 4458 agere,
1855 4356 2250 4461 pristinam
2285 4356 2377 4433 iis
2413 4355 2851 4458 dignitatem
2890 4382 3001 4435 re-

260 4482 696 4560 stituendam
732 4507 892 4558 esse
915 4541 934 4578 ,
990 4484 1132 4560 nisi
1188 4485 1394 4586 prius
1441 4485 1913 4563 decreverint
1952 4482 2445 4560 Athenienses
2496 4508 2625 4560 sex
2684 4480 3007 4560 millibus

265 4634 410 4683 non
447 4609 881 4709 pauciores,
938 4608 1164 4684 licere
1201 4609 1278 4684 id
1300 4667 1319 4704 ,
1376 4611 1648 4708 quibus
1683 4612 1975 4686 occulte
2037 4608 2603 4687 decernentibus
2640 4608 2747 4685 ita
2782 4610 3006 4686 fuerit

259 4732 510 4809 visum.
582 4732 782 4809 Tum
815 4756 998 4809 vero
1033 4758 1258 4831 agere
1295 4733 1511 4830 licet,
1570 4745 1935 4836 quatenus
1970 4734 2261 4811 senatui
2298 4734 2721 4837 populoque
2762 4735 3005 4811 visum

261 4854 490 4933 fuerit.

1518 4968 1554 5042 1
1566 4968 1746 5046 016.

365 5122 396 5137 ··
473 5087 645 5171 Τόν
679 5082 1134 5198 φευγόντων
1167 5093 1250 5167 αἱ
1287 5086 1552 5167 οὐσίαι
1589 5089 2066 5191 δημεύονται.

1334 5200 1628 5299 (Schol.
1667 5203 1747 5281 in
1783 5200 2262 5305 Aristophan.
2302 5202 2529 5309 Vesp.
2571 5202 2807 5298 947.)
