3725 5850
655 401 810 501 '58‘4
1173 447 1794 499 COMMENTAnms
1835 447 1945 497 An
1986 439 2146 494 1221.
2192 433 2353 494 1222.
2400 447 2557 501 1223.
2600 437 2757 496 1232.
2801 437 2961 498 1231.

1814 651 1966 734 Ad
2019 637 2289 738 1221.

869 820 1181 896 niodo
1207 847 1261 893 r.
1307 817 1531 894 siou
1553 821 1597 895 1.
1637 823 1848 916 xm,
1892 824 2033 896 24:
2098 821 2408 899 Graecis
2445 805 2871 898 ininfiici'tiae
2913 820 3007 896 ad
3049 819 3435 896 victoriam

653 973 889 1046 usque
928 972 1008 1022 se
1047 943 1448 1020 extendant
1486 956 1816 1044 oportet,
1877 959 1952 1022 et
2008 975 2295 1048 poenae
2352 975 2505 1023 non
2567 948 2843 1023 diutius
2900 957 3435 1046 exposcantur,

619 1097 880 1171 quam
936 1069 1341 1146 adversarii
1399 1069 1673 1144 suerint
1733 1072 1810 1144 in
1860 1083 2309 1172 potestatem
2345 1073 2647 1149 redacti.
2726 1071 2869 1164 Qui
2912 1071 3223 1145 ulterius
3262 1071 3438 1146 sub-

657 1208 902 1274 actum
960 1209 1033 1272 et
1091 1195 1186 1270 ad
1243 1195 1654 1290 benignam
1715 1197 2016 1273 victoris
2056 1198 2320 1290 fidem,
2378 1210 2735 1296 tanquam
2772 1197 3113 1297 asylum,
3176 1197 3437 1271 confu-

659 1325 990 1422 gientem
1013 1319 1437 1412 ulciscitur,
1497 1347 1650 1396 non
1688 1317 2015 1422 samplius
2065 1323 2357 1398 hostem
2415 1323 2663 1422 punit,
2726 1322 2856 1399 sed
2896 1322 3265 1398 humanae
3305 1349 3429 1422 po-

657 1449 804 1524 tius
843 1446 1332 1523 imbecillitati
1374 1471 1510 1546 per
1549 1447 1897 1547 injuriam
1935 1449 2255 1524 insultat.

875 1590 1432 1665 Pausanias
1493 1589 1662 1684 VII,
1721 1593 1848 1687 25,
1898 1593 1980 1666 1:
2042 1592 2269 1669 Extat
2323 1591 2719 1668 Dodonaei
2780 1591 2999 1666 Jovis
3060 1589 3441 1666 oraculum

659 1713 1244 1792 Atheniensibus
1285 1711 1735 1814 Aphidantis
1787 1727 2026 1792 aetate
2086 1717 2495 1808 redditum,
2556 1743 2705 1816 quo
2760 1717 3139 1816 supplices
3196 1741 3439 1792 sacro-

658 1852 956 1918 sanctos
995 1864 1155 1914 esse
1197 1838 1468 1915 debere
1510 1840 1624 1915 his
1662 1842 2002 1918 versibus
2041 1853 2472 1917 monentur:

878 1981 1033 2058 Ara
1071 1984 1204 2058 tibi
1247 1983 1742 2062 Eumenidum
1781 1987 2073 2062 fumans
2114 1998 2185 2061 et
2225 1987 2433 2061 curia
2470 1985 2728 2061 Martis

877 2109 1046 2185 Sint
1081 2109 1307 2184 cordi.
1369 2110 1536 2186 Huc
1574 2113 1623 2186 b
1649 2112 1850 2187 ello
1893 2113 1939 2187 d
1964 2140 2007 2186 o
2030 2113 2241 2186 miti
2283 2137 2453 2186 nam
2496 2111 2689 2186 forte
2732 2113 3073 2186 Lacones

879 2232 1334 2335 Suppliciter
1369 2237 1616 2310 tristes
1657 2238 1979 2312 venient.
2058 2236 2171 2312 Ne
2210 2239 2495 2312 confice
2537 2238 2773 2328 ferre,

875 2358 1040 2435 Neu
1075 2359 1294 2433 viola.
1373 2358 1813 2461 Supplex
1872 2387 2153 2437 sacer
2209 2373 2355 2436 est
2414 2371 2483 2436 et
2524 2361 2829 2436 crimine
2872 2385 3116 2458 purus.

1818 2586 1969 2670 Ad
2004 2590 2292 2674 1222.

877 2751 1104 2827 Teste
1144 2748 1526 2825 Herodoto
1587 2749 1761 2842 (VI,
1805 2751 1949 2844 ¹79)
2006 2752 2205 2852 apud
2248 2753 2839 2853 Peloponnesios
2888 2765 3249 2830 statutum
3292 2769 3448 2832 erat

660 2875 982 2979 pretium
1035 2875 1632 2977 redemptionis3
1717 2902 1987 2977 nempe
2050 2875 2197 2955 duo
2256 2877 2499 2954 minae
2558 2905 2696 2979 pro
2758 2879 3071 2979 singulis
3130 2881 3447 2983 captivis

663 3001 1122 3104 pendendae.

1822 3103 1973 3188 Ad
2006 3105 2295 3188 1223.

883 3270 1090 3343 Haec
1128 3270 1451 3369 Lycurgi
1494 3270 1806 3344 oratoris
1844 3270 1967 3345 lex
2002 3270 2173 3347 ideo
2214 3271 2509 3347 videtur
2546 3274 2699 3348 lata
2736 3274 2994 3365 fuisse,
3036 3286 3117 3349 ut
3154 3274 3449 3350 facilius

668 3393 1021 3496 posthac,
1064 3394 1124 3469 si
1162 3394 1348 3468 forte
1387 3394 1659 3495 captivi
1701 3394 2259 3485 redimerentur,
2304 3397 2623 3472 inveniri
2665 3410 2939 3497 posset,
2980 3400 3179 3501 apud
3225 3426 3446 3499 quem

665 3519 1054 3595 servirent.
1133 3524 1172 3610 (
1193 3517 1244 3594 S
1267 3518 1376 3593 ch
1396 3544 1441 3592 o
1463 3543 1501 3592 e
1525 3546 1596 3592 m
1621 3544 1664 3592 a
1684 3545 1733 3592 n
1755 3545 1804 3592 n
1829 3546 1844 3592 ε
1918 3518 2417 3618 Antiquitates
2468 3520 2657 3619 juris
2715 3520 2917 3622 publ,
2984 3523 3447 3601 Graecorum

667 3674 739 3746 p.
783 3644 1006 3737 3¹70.)

1812 3747 1965 3831 Ad
2020 3748 2305 3832 1232.

885 3912 1057 3987 Pol
1079 3939 1126 4012 y
1151 3912 1373 3988 bius
1412 3914 1545 4007 IV,
1587 3912 1728 3987 67:
1770 3914 2287 4007 DorimachuS‚
2334 3912 2759 3992 Aetolorum
2799 3926 3116 4017 praetor,
3159 3916 3254 3994 ad
3291 3922 3439 3997 Do-

669 4040 1038 4116 donaeum
1079 4039 1336 4115 fanum
1375 4050 1458 4114 ut
1493 4041 1736 4132 venit,
1796 4050 1871 4113 et
1928 4040 2259 4139 porticus
2316 4042 2677 4117 cremavit
2734 4053 2808 4116 ct
2863 4040 3175 4120 donaria
3212 4048 3443 4124 multa

672 4166 1042 4266 corrupit;
1095 4166 1334 4267 ipsam
1393 4162 1708 4264 denique
1769 4192 2061 4241 sacram
2112 4166 2376 4242 aedem
2414 4166 2744 4245 funditus
2784 4170 3073 4245 evertit.
3152 4171 3447 4273 Quippe

673 4287 919 4367 Aetoli
957 4314 1196 4390 neque
1235 4290 1444 4391 pacis
1483 4316 1724 4390 neque
1751 4280 1939 4366 ‘belli
1984 4294 2190 4389 leges
2228 4307 2545 4388 norunt;
2594 4295 2725 4369 sed
2764 4306 3079 4395 utroque
3118 4310 3445 4398 tempore

673 4426 938 4491 contra
963 4417 1090 4515 Jus
1127 4416 1459 4513 gentium
1499 4428 1575 4491 et
1613 4416 1949 4493 omnium
1988 4417 2369 4494 hominum
2410 4420 2748 4496 instituta
2790 4415 3035 4514 (παρὰ
3076 4417 3169 4492 τά
3214 4416 3441 4495 κοινοὶ

671 4538 825 4611 τῶν
863 4533 1302 4636 ἀνθρώπων
1341 4540 1485 4628 ἔθη
1523 4544 1660 4612 καὶ
1705 4535 2035 4636 νόμιμα)
2072 4546 2365 4643 quidvis
2406 4546 2647 4620 facere
2686 4544 2986 4621 audent.

885 4917 1221 5018 Thucyd.
1268 4919 1359 5011 V,
1403 4919 1543 4994 47:
1603 4912 2017 5014 ὀμνύντων
2077 4918 2153 4995 δὲ
2207 4916 2351 4995 τὸν
2390 4919 2803 5017 ἐπιχώριον
2844 4916 3095 5021 ὅρκον
3134 4933 3433 5002 ἕκαστοι

669 5040 811 5119 τὸν
839 5049 1210 5146 μέγιστον
1245 5039 1446 5115 κατὰ
1487 5040 1710 5139 ἱερῶν
1747 5046 2071 5119 τελείων.
2122 5037 2225 5120 ‘O
2264 5044 2339 5119 δὲ
2380 5042 2615 5144 ὅρκος
2654 5048 2846 5121 ἔστω
2886 5042 3053 5123 ὅδε·
3100 5051 3435 5152 »ἐμμενῶ

669 5165 758 5263 τῇ
798 5168 1196 5267 ξυμμαχίᾳ
1236 5164 1440 5241 κατὰ
1483 5163 1576 5242 τοὶ
1613 5172 2085 5269 ξυγκείμενα
2142 5169 2457 5259 δικαίως
2494 5176 2633 5245 καὶ
2673 5166 3038 5273 ἀβλαβῶς
3076 5182 3215 5255 καὶ
3254 5173 3431 5251 ‹idci-
