3725 5850
1519 535 1893 604 Quanam.
2922 502 3083 581 2⁰3

1620 729 1798 806 814.

549 844 618 914 T
613 835 746 924 οὐς
803 834 1202 937 πρυτάνεις
1259 846 1510 912 ποιεῖν
1565 837 1989 922 ἐκκλησίαν
2044 838 2129 910 ἐν
2166 828 2554 910 Διονύσου
2594 829 2681 928 τῇ
2725 823 3083 930 ὑστεραίᾳ

321 962 484 1048 ,τῶν
527 961 902 1040 Πανδίων
954 970 1039 1042 ἐν
1093 959 1170 1038 δὲ
1231 960 1471 1058 ταύτῃ
1519 963 2025 1060 χρηματίζειν
2080 955 2384 1057 πρῶτον
2432 957 2581 1054 μὲν
2616 962 2783 1058 περὶ
2822 955 3085 1056 ἱερῶν·

332 1093 584 1166 ἔπειτα
622 1086 756 1176 τὰς
809 1083 1194 1188 προβολὰς
1251 1081 1878 1186 παραδιδότωσαν
1931 1079 2067 1174 τὰς
2124 1068 2621 1186 γεγενιμιένας
2676 1087 2909 1158 ἕνεκα
2962 1077 3089 1172 τῆς

332 1213 670 1312 πομπῆς,
733 1207 778 1302 ἢ
813 1212 970 1290 τῶν
1025 1210 1350 1318 ἀγώνων
1403 1212 1561 1290 τῶν
1596 1217 1682 1290 ἐν
1717 1219 1880 1295 τοῖς
1919 1212 2397 1296 Διονυσίοις,
2458 1201 2632 1282 ὅσαι
2671 1201 2776 1282 ἄν
2803 1203 2911 1305 μὴ
2952 1213 3089 1282 ἐκ-

321 1345 746 1440 τετισμέναι
787 1330 992 1414 ὦσιν.
1703 1334 2131 1432 (Demosth.
2169 1336 2246 1411 in
2286 1333 2610 1414 Midiam.
2654 1333 2875 1430 517.)

540 1616 912 1715 Prytanes
951 1615 1381 1692 concionem
1420 1502 1863 1688 habmSlgo‘lin
1902 1608 2178 1709 templo
2200 1605 2472 1683 Bacchi
2511 1603 2866 1712 postridie
2888 1603 3081 1680 Pan·
3166 1661 3177 1674 ,

331 1740 472 1816 dia.
552 1742 642 1818 In
701 1767 789 1818 ea
845 1741 1205 1816 concione
1263 1739 1584 1839 primum
1643 1736 1738 1814 de
1785 1735 2011 1810 saeris
2048 1744 2372 1831 agunt0,
2432 1741 2603 1832 post
2639 1730 2731 1806 de
2772 1728 3092 1829 querelis

331 1889 654 1968 pompae
711 1891 938 1946 causa
998 1867 1214 1944 factis
1269 1876 1398 1942 aut
1451 1875 1758 1969 propter
1813 1860 2027 1944 ludos
2082 1860 2161 1939 in
2216 1856 2805 1940 Bacchanalibus
2825 1908 2849 1950 ‚
2905 1879 3093 1957 quae

331 1991 728 2070 mulctatae
765 2017 918 2070 non
957 1992 1252 2068 fuerint.

523 2171 528 2175 ,
1627 2099 1805 2174 815.

523 2197 785 2280 “va
825 2195 864 2294 ἦ
907 2200 1165 2302 πομπή
1224 2195 1274 2300 ᾗ
1328 2199 1436 2302 τῷ
1495 2201 1850 2301 Διονύσῳ
1889 2208 1974 2276 ἐν
2014 2206 2367 2300 Πειραιεῖ
2417 2206 2553 2276 καὶ
2614 2202 2687 2273 οἱ
2726 2195 3091 2300 κωμῳδοὶ

334 2335 468 2403 καὶ
509 2331 585 2404 οἱ
623 2327 1009 2436 τραγῳδοὶ
1035 2388 1054 2420 ,
1112 2334 1249 2403 καὶ
1307 2333 1426 2404 ἐπὶ
1484 2333 1790 2428 Λιναίῳ
1830 2323 2087 2426 πομπὴ
2128 2332 2267 2402 καὶ
2308 2329 2382 2402 οἱ
2419 2324 2806 2432 τραγῳδοῖ
2839 2327 2982 2398 καὶ.
3020 2325 3094 2398 οἱ

336 2452 746 2554 κωμῳδοὶ,
805 2459 942 2530 καὶ
991 2465 1149 2540 τοῖς
1208 2461 1293 2530 ἐν
1347 2447 1556 2529 ἄστει
1616 2457 2052 2539 Διονυσίοις
2110 2443 2147 2543 ἦ
2212 2447 2470 2550 πομπή
2528 2457 2667 2525 καὶ
2726 2453 2800 2523 οὶ
2840 2447 3097 2536 παῖδες

335 2584 467 2652 καί
509 2569 552 2652 ὅ
593 2577 857 2678 κῶμος
913 2585 1049 2653 καί
1107 2581 1180 2652 οὶ
1239 2577 1605 2678 κωμῳδοὶ
1661 2581 1799 2652 καί
1860 2580 1933 2651 οὶ
1980 2575 2410 2682 τραγῳδοὶ,
2470 2582 2605 2649 καί
2654 2579 3099 2679 Θαργηλίων

336 2701 420 2800 τῇ
459 2703 726 2800 πομπῇ
766 2709 901 2779 καὶ
941 2703 1049 2804 τῷ
1091 2701 1332 2810 ἀγῶνι
1363 2702 1471 2804 μή
1511 2735 1575 2778 τι
1620 2711 1901 2796 ἐξεῖναι
1948 2701 2135 2800 μήτε
2192 2699 2644 2802 ἐνεχυράσαι
2672 2700 2859 2800 μήτε
2900 2707 3097 2800 λαμ-

334 2826 606 2927 βάνειν
641 2835 898 2927 ἕτερον
939 2833 1227 2930 ἑτέρου,
1277 2827 1467 2928 μηδὲ
1507 2827 1666 2904 τῶν
1705 2821 2209 2929 ὑπερημέρων,
2250 2835 2335 2904 ἐν
2372 2824 2680 2916 ταύταις
2720 2839 2880 2916 ταῖς
2918 2817 3098 2927 ἦμέ-

337 2984 516 3053 ραις.
585 2952 784 3031 Ἐὰν
840 2954 920 3032 δέ
973 2986 1082 3045 τις
1141 2954 1439 3031 τούτων
1493 2986 1562 3030 τι
1617 2957 2107 3055 παραβαίνῃ,
2163 2945 2541 3043 ’ὑπόδικος
2580 2956 2765 3029 ἔστω
2804 2953 2911 3054 τῷ
2950 2982 3099 3029 πα-

341 3078 562 3155 θόντι
590 3138 610 3170 ,
670 3087 805 3156 καὶ
865 3086 1242 3179 προβολαί
1304 3078 1552 3157 αὐτοῦ
1615 3082 1956 3158 ἔστωσαν
1992 3088 2079 3156 ἐν
2114 3078 2205 3178 τῇ
2247 3086 2619 3182 ἐκκλησίᾳ
2659 3077 2747 3177 τῇ
2788 3082 2873 3156 ἐν
2912 3084 3095 3157 Διο-

339 3204 580 3281 νύσου
635 3198 734 3292 ὦς
792 3202 1303 3296 ἀδικοῦντος,
1363 3202 1586 3283 καθὰ
1646 3211 1810 3307 περὶ
1868 3204 2027 3283 τῶν
2082 3198 2341 3281 ἄλλων
2402 3205 2557 3281 τῶν
2613 3200 3104 3283 ἀδικούντων

341 3336 770 3435 γέγραπται.
1453 3334 1878 3429 (Demosth.
1916 3332 1995 3411 in
2035 3332 2355 3413 Midiam.
2400 3332 2885 3429 517—518.)

553 3606 804 3698 Quum
842 3573 1117 3681 ᾗῆοοᾙί
1155 3633 1434 3708 pompa
1471 3608 1547 3681 in
1587 3495 1900 3683 PSiila5eeo
1942 3614 2093 3701 est,
2154 3616 2227 3683 et
2274 3606 2609 3683 comoedi
2650 3616 2725 3682 et
2762 3604 3097 3707 tragoedi

347 3743 418 3806 et
453 3758 682 3831 quum
719 3730 798 3805 in
836 3730 1138 3808 Lenaeo
1179 3758 1454 3833 pompa
1490 3740 1642 3825 est,
1699 3746 1771 3808 et
1828 3732 2163 3831 tragoedi
2214 3744 2288 3809 et
2326 3732 2703 3827 comoedi,
2762 3741 2835 3807 et
2874 3756 3102 3830 quum

346 3856 644 3933 urbanis
684 3856 1277 3932 Bacchanalibus
1335 3884 1612 3959 pompa
1660 3868 1809 3950 est,
1869 3870 1943 3932 et
1980 3858 2186 3959 pueri
2226 3867 2299 3932 et
2337 3856 2611 3933 Comus
2650 3872 2725 3932 et
2762 3854 3099 3932 comoedi

347 3992 416 4055 et
450 3980 834 4077 tragoedi,
894 3992 970 4057 et
1005 3978 1572 4080 Thargeliorum
1619 3983 1698 4057 in
1732 4009 2018 4085 pompa
2057 3992 2135 4057 et
2170 3980 2345 4059 ludo
2369 4042 2385 4075 ‚
2446 4009 2540 4057 ne
2579 3982 2801 4058 liceat
2836 3975 2955 4057 vel
2997 3980 3103 4081 pi-

345 4132 578 4202 gnora
614 4106 736 4181 vel
775 4105 1209 4206 quicquam,
1269 4106 1468 4206 quod
1525 4106 1620 4183 sit
1676 4106 2021 4199 alteriuS,
2082 4132 2347 4208 capere
2373 4164 2391 4198 ‚
2448 4134 2543 4182 no
2602 4106 2897 4182 illorum
2943 4105 3099 4205 qui-

347 4232 503 4306 dem
527 4290 544 4325 ,
610 4231 735 4331 qui
775 4230 868 4307 ad
907 4230 1104 4305 diem
1143 4257 1297 4306 non
1341 4232 1745 4325 solverint,
1803 4234 1881 4307 in
1923 4232 2121 4308 hisce
2173 4231 2453 4308 diebus,
2533 4230 2633 4310 At
2668 4231 2729 4307 si
2768 4232 2933 4331 quis
2972 4231 3102 4306 ho-

345 4380 496 4431 rum
533 4355 834 4457 aliquod
871 4356 1360 4451 commiserit,
1401 4359 1501 4449 ei,
1542 4358 1666 4458 qui
1705 4382 1974 4459 passus
2011 4368 2123 4432 est
2158 4358 2530 4459 injuriam,
2566 4358 2693 4457 jus
2733 4368 2891 4432 esto
2932 4382 3104 4455 que-

347 4481 540 4557 rendi
581 4480 676 4558 de
711 4478 841 4557 illo
880 4480 956 4555 in
995 4483 1354 4557 concione
1413 4482 1492 4558 in
1549 4484 1832 4587 templo
1870 4482 2141 4558 Bacchi
2190 4493 2685 4584 congregata,
2752 4508 2975 4583 quem
3012 4480 3107 4557 ad

352 4606 642 4682 modum
681 4607 774 4682 de
812 4606 1112 4707 reliquis
1149 4608 1296 4683 illis
1334 4607 1708 4707 injuriosis
1748 4610 2106 4711 scriptum
2146 4621 2277 4723 est.

1643 4769 1820 4847 816.

535 4883 758 4965 ’Ἐστι
815 4888 884 4963 δ’
923 4883 1156 4978 αὑτὸς
1222 4890 1452 4989 νόμος
1519 4893 1714 4991 τῷδε
1769 4892 1878 4993 τῷ
1938 4900 2101 4989 περὶ
2160 4894 2313 4968 τῶν
2374 4898 2804 4969 Διονυσίων
2850 4886 2894 4969 ὁ
2942 4898 3104 4990 περὶ

70 5021 81 5106 ξ
353 5014 500 5097 τῶν
526 5020 982 5117 μυστηρίων.
1728 5022 2153 5115 (Demosth.
2192 5024 2270 5099 in
2308 5024 2634 5107 Midiam.
2677 5022 2895 5113 571.)

558 5272 974 5354 fluitantem
1013 5274 1276 5355 eadem
1313 5274 1434 5355 lex
1483 5274 1578 5353 de
1629 5167 2041 5377 galgadis,
2098 5226 2285 5381 quae
2348 5274 2439 5351 de
2502 5272 3103 5355 Bacchanalibus.
