3725 5850
1070 469 1174 523 nu
1213 469 1514 522 eumuna
1545 465 1642 520 ΒΤ
1680 463 2199 522 οοωιᾼτιοπε.
2879 427 3049 520 339,

1535 656 1764 734 1311.

469 805 870 904 Hucusque
909 803 1388 884 ascendendo
1425 813 1500 878 et
1538 800 2057 880 descendendo
2096 829 2337 902 genus
2376 803 2735 906 procedit.

1530 981 1758 1057 1312.

455 1113 556 1198 ‘O
593 1119 669 1199 δὲ
713 1119 991 1221 πατρὸς
1029 1117 1361 1218 ἀδελφὸς
1383 1179 1406 1212 ,
1469 1127 1679 1206 θεῖος
1741 1115 1784 1211 ἢ
1841 1117 2369 1220 ἀδελφόθερος
2409 1114 2453 1212 ἢ
2494 1119 3024 1220 πατράδελφος

287 1245 324 1339 ἢ
358 1245 672 1346 πάτρως·
731 1241 775 1324 ὅ
819 1245 894 1322 δὲ
935 1245 1222 1348 μητρὸς
1277 1243 1653 1342 ἀδελφὸς,
1718 1251 1929 1333 θεῖος
1990 1241 2034 1336 ἢ
2079 1243 2611 1346 μητράδελφος
2653 1241 2699 1339 ἢ
2726 1243 3019 1346 μήτρως

285 1369 321 1463 ἢ
354 1381 632 1462 νέννος·
697 1367 738 1466 ἦ
782 1372 858 1448 δὲ
900 1369 1176 1473 πατρὸς
1215 1369 1506 1468 ἀδελφή
1533 1431 1552 1462 ,
1613 1377 1788 1448 θεῖα
1829 1367 1875 1462 ἢ
1916 1369 2438 1470 πατράδελφος
2467 1394 2484 1412 ·
2546 1364 2586 1462 ἦ
2631 1369 2707 1449 δὲ
2738 1369 3021 1472 μητρὸς

284 1497 540 1596 ἀδελφὴ
563 1557 586 1590 ,
650 1507 830 1575 θεῖα
873 1495 916 1592 ἢ
942 1497 1470 1601 μητράδελφος
1507 1491 1554 1592 ἢ
1591 1503 1833 1590 τηθίς.
2110 1501 2417 1598 (Pollux
2456 1501 2592 1595 III,
2633 1501 2800 1594 22.)

1520 1680 1750 1757 1312.

462 1827 706 1904 Patris
744 1827 974 1903 frater
1008 1823 1210 1926 :vero
1265 1837 1574 1926 patruus
1596 1883 1614 1920 ,
1673 1825 1931 1902 matris
1986 1837 2237 1901 autem
2294 1824 2557 1918 frater,
2612 1824 3023 1900 avunculus

281 1954 538 2030 dicitur.
616 1951 862 2028 Patris
899 1952 1097 2028 idem
1135 1977 1386 2046 soror,
1427 1952 1696 2048 amita3
1731 1951 1991 2028 matris
2029 1961 2279 2028 autem
2319 1975 2557 2044 soror,
2594 1958 3033 2028 matertera.-

1525 2131 1751 2206 1313.

451 2265 554 2348 ‘O
592 2269 669 2346 δὲ
711 2267 1060 2366 ἀδελφοῦ
1101 2267 1146 2362 ἢ
1187 2269 1521 2366 ἀδελφῆς
1569 2269 1734 2360 υἱὸς
1755 2330 1777 2362 ,
1841 2267 2353 2366 ἀδελφιδοῦς,
2412 2276 2551 2346 καὶ
2589 2263 2631 2362 ἦ
2677 2266 3020 2374 θυγάτηρ

277 2393 552 2487 αὐτῶν,
629 2391 1039 2492 ἀδελφιδῆ·
1115 2393 1439 2492 ἀδελφοὶ
1499 2395 1620 2488 δὲ,
1701 2400 1774 2472 οὶ
1824 2399 1975 2496 μὲν
2028 2403 2121 2473 ἐκ
2180 2397 2329 2472 τοῦ
2384 2392 2633 2472 αὐτοῦ
2693 2393 3012 2495 πατρὸς,

276 2515 704 2621 ὁμοπάτριοι
743 2527 880 2597 καὶ
921 2514 1431 2622 ὁμοπάτορες·
1492 2526 1566 2597 οὶ
1625 2522 1702 2600 δὲ
1761 2530 1852 2599 ἐκ
1901 2523 2024 2615 τῆς
2064 2521 2299 2615 αὐτῆς
2328 2519 2655 2622 μητρὸς,
2715 2512 3018 2620 ὁμομή-

275 2678 444 2747 τριοι
495 2653 631 2723 καὶ
689 2640 1173 2746 ὃμομήτορες.
1243 2643 1461 2724 Ἀλλ’
1517 2649 1591 2723 οἱ
1637 2649 1790 2748 μὲν
1844 2656 1938 2725 ἐκ
1984 2646 2245 2747 μόνου
2305 2644 2584 2748 πατρὸς
2641 2643 3014 2742 ἀδελφοὶ,

277 2773 639 2874 διαφόρων
679 2773 755 2850 δὲ
787 2779 1172 2873 μητέρων,
1225 2770 1790 2874 ἀμφιμήτορες·
1853 2778 1926 2849 οὶ
1969 2773 2042 2850 δὲ
2084 2783 2176 2852 ἐκ
2215 2771 2614 2873 διαφόρων
2653 2776 3015 2872 πατέρων,

269 2899 425 2997 μιᾶς
462 2897 536 2978 δὲ
567 2896 892 3001 μητρὸς,
951 2895 1494 2999 ἀμφιπάτορες.
1892 2903 2202 3000 (Pollux
2242 2905 2378 2999 III,
2422 2899 2803 2995 22—23.)

1521 3062 1748 3143 1313.

457 3210 744 3287 Fratris
817 3207 935 3284 vel
1011 3208 1288 3285 sororis
1378 3208 1572 3285 filius
1613 3267 1631 3303 ‚
1730 3210 2155 3307 fratruelis;
2246 3210 2727 3310 ipsorumque
2820 3209 3009 3305 filia,

273 3336 503 3436 neptis.
582 3335 884 3409 Fratres
941 3358 1119 3409 vero
1177 3335 1303 3433 qui
1369 3333 1635 3410 eodem
1674 3344 1887 3434 patre
1927 3346 2101 3410 sunt
2144 3332 2420 3433 geniti,
2478 3344 2901 3435 compatres
2940 3346 3023 3426 et¹

273 3460 580 3560 paterni,
661 3457 789 3556 qui
845 3466 1089 3533 autem
1145 3456 1407 3533 eadem
1465 3470 1698 3535 matre
1755 3470 1932 3535 sunt
1988 3460 2183 3553 nati,
2253 3460 2568 3535 materni
2627 3468 3010 3538 vocantur.

273 3584 396 3677 Qui
431 3612 611 3660 vero
651 3582 914 3658 eodem
951 3595 1201 3684 patre,
1260 3583 1390 3659 sed
1445 3593 1679 3660 matre
1739 3584 2033 3661 diversa
2088 3585 2243 3659 nati
2283 3596 2494 3677 sunt,
2552 3586 2819 3663 fratres
2856 3612 3009 3661 non

269 3712 577 3805 germani
635 3712 945 3789 duarum
998 3724 1357 3808 matrum3
1415 3714 1539 3812 qui
1596 3725 1846 3790 autem
1903 3740 2052 3792 una
2107 3725 2342 3789 matre
2366 3773 2385 3809 ‚
2446 3713 2577 3789 sed
2632 3726 2844 3817 patre
2904 3713 3009 3789 di-

273 3861 464 3913 verso
501 3838 738 3939 geniti
775 3848 987 3933 sunt,
1048 3838 1316 3915 fratres
1373 3864 1524 3915 non
1569 3840 1909 3939 germani
1949 3839 2261 3916 duorum
2298 3853 2592 3943 patrum
2630 3830 3017 3917 vocanturss

1515 4021 1740 4099 1314.

457 4159 718 4237 Πάλιν
755 4166 1029 4238 τοίνυν
1067 4160 1424 4258 ἀδελφῶν
1484 4162 1787 4254 παῖδες,
1848 4162 2206 4266 ἀνεψιοὶ,
2264 4165 2414 4241 εἴτε
2452 4172 2544 4241 ἐκ
2583 4163 3005 4265 mmmm-

268 4312 420 4377 ᾳων
472 4285 619 4363 εἶεν
675 4288 826 4363 εἴτε
882 4294 974 4363 ἐκ
1019 4287 1616 4387 μητραδέλφων,
1678 4290 1828 4365 εἴτε
1888 4298 1967 4382 ἐξ
2028 4286 2373 4386 ἀδελφοῦ
2430 4297 2567 4367 καὶ
2626 4288 3016 4387 ἀδελφῆς.

267 4410 384 4485 εἴτ’
421 4418 506 4487 ἐκ
543 4412 770 4487 δυοῖν
807 4410 1142 4511 ἀρρένων
1176 4410 1579 4508 ἀδελφῶν,
1639 4414 1777 4490 εἴτ’
1815 4422 1909 4491 ἐκ
1952 4413 2175 4492 δυοῖν
2218 4416 2547 4507 θηλειῶν
2570 4440 2586 4459 ·
2649 4409 3005 4505 ὦσαύτως

271 4534 332 4609 δὲ
367 4544 495 4613 καὶ
535 4534 902 4639 ἀνεψιαὶ,
942 4540 1020 4613 αἶ
1063 4537 1382 4629 θήλειαι.
2102 4544 2407 4637 (Pollux
2444 4546 2582 4641 III,
2622 4546 2789 4640 28.)
2878 4564 2887 4572 '

1511 4688 1735 4764 1314.

451 4830 770 4907 Rursum
823 4831 1136 4907 fratrum
1193 4830 1406 4907 liberi
1434 4890 1450 4923 ‚
1510 4831 1773 4908 fratres
1847 4832 2222 4933 patrueles
2298 4834 2681 4931 dicuntur,
2738 4836 2895 4911 sive
2956 4862 2995 4910 e

265 4954 583 5031 fratribus
640 4955 904 5031 eodem
951 4966 1162 5056 patre
1199 4957 1614 5057 progenitis
1637 5014 1654 5049 ‚
1715 4956 1873 5034 sive
1912 4986 2005 5035 ex
2044 4961 2389 5054 uterinis,
2452 4960 2609 5037 sive
2666 4986 2707 5035 e
2764 4962 2998 5037 fratre

267 5090 326 5151 et
374 5107 658 5175 sorore,
720 5080 876 5156 sive
937 5107 976 5155 e
1035 5080 1324 5157 duobus
1381 5082 1745 5159 fratribus
1795 5085 1917 5159 vel
1974 5112 2015 5161 e
2054 5085 2341 5163 duabus
2400 5085 2797 5161 sororibus,
2872 5084 2997 5163 Sic

268 5203 460 5283 etiam
514 5206 767 5310 proles
824 5205 1210 5303 femellae,
1272 5233 1564 5285 sorores
1601 5210 2385 5313 patrueles‘diountur.

2436 5332 2565 5400 22*
