3725 5850
1431 423 1706 476 Aesrm
1727 422 1923 482 mo,
2846 439 2854 446 ·
2897 385 3049 460 185

1575 623 1750 700 752.

501 755 600 831 In
634 753 1009 830 delatione
1065 752 1346 826 mulcta
1391 751 1780 826 aestimata
1815 749 2033 826 datur
2070 751 2341 851 injuria
2382 750 2704 842 affectiS‚
2764 747 3047 822 etiamsi

254 878 462 955 alius
507 879 816 956 nomine
855 877 1182 982 ipsorum
1221 874 1674 954 delationem
1711 875 1986 953 fecerit.

1583 1035 1759 1112 753.

483 1155 510 1183 ‘
531 1165 596 1238 0
631 1157 938 1237 διώκων
963 1157 1455 1260 χρηματικήν
1487 1187 1662 1236 τινα
1701 1156 1933 1249 δίκην
1961 1155 2070 1256 μὴ
2103 1155 2565 1258 μεταλαβών
2586 1156 2675 1234 τὸ
2709 1163 3051 1234 πέμπτον

249 1293 506 1384 μέρος
555 1285 708 1363 τῶν
747 1285 1072 1388 ψήφων,
1113 1283 1250 1378 τὴν
1280 1289 1714 1388 ἐπωβελίαν
1753 1282 2403 1385 προσοφλισκάνει
2428 1307 2444 1326 ·
2504 1287 2657 1362 ἔστι
2700 1283 2775 1361 δὲ
2816 1291 3050 1362 ἕκτον

261 1413 418 1486 τοῦ
461 1411 902 1512 τιμήματος.
1125 1428 1132 1436 “

581 1525 688 1618 (Ε
727 1523 981 1601 lexicis
1019 1522 1494 1626 Seguerianis
1533 1551 1604 1630 p.
1647 1524 1843 1622 2553
1882 1533 1959 1600 et
1997 1549 2036 1602 e
2077 1520 2379 1602 Polluce
2419 1522 2627 1620 VIII,
2670 1525 2835 1618 48.)

1589 1683 1766 1760 753.

506 1812 650 1906 Qui
687 1812 768 1886 in
805 1811 1324 1911 persequenda
1376 1810 1667 1886 actione
1725 1811 2019 1914 privata
2074 1836 2229 1885 non
2284 1811 2565 1911 potitur
2601 1812 2859 1912 quinta
2893 1811 3046 1888 suf-

272 1937 698 2037 fragiorum
733 1947 967 2037 parte,
1008 1935 1426 2038 epobeliam
1465 1932 1846 2038 persolvit,
1887 1960 2078 2036 quae
2102 1946 2213 2012 est
2248 1947 2461 2012 sexta
2498 1937 2813 2013 mulctae
2854 1962 3049 2038 pars,

1585 2093 1762 2174 754.

491 2212 905 2318 ςΟπότερος
978 2213 1080 2294 ἂν
1153 2226 1238 2296 ἐν
1312 2219 1400 2318 τῇ
1479 2219 1947 2324 παραγραφῇ
2024 2211 2351 2317 ἡττηθῇ,
2430 2219 2569 2311 τήν
2624 2223 3053 2320 ἐπωβελίαν

281 2340 656 2438 ὀφείλειν.
1165 2367 1176 2376 ·
1426 2399 1432 2406 ·
1547 2350 1896 2442 (Isocrat.
1936 2347 2104 2424 adv.
2142 2347 2570 2425 callimach.
2612 2344 2679 2450 ξ.
2722 2349 2840 2444 3.)

1584 2509 1764 2586 754.

353 2696 368 2714 ,
449 2676 458 2683 -
503 2619 692 2698 Uter
727 2619 806 2697 in
858 2617 1295 2719 exceptione
1355 2617 1865 2714 succubuerit,
1922 2587 1985 2694 ie
2040 2629 2327 2696 sextam
2381 2620 2700 2699 mulctae
2758 2630 3050 2721 partem

282 2745 556 2822 solvat.

1576 2849 1756 2926 755.

506 2974 906 3075 Λαμβὰνει
970 2972 1044 3049 δὲ
1104 2966 1147 3050 ὃ
1207 2973 1521 3079 φεύγων
1572 2970 1724 3049 ἀπὸ
1783 2975 1926 3049 τοῦ
1977 2973 2441 3071 διώκοντος,
2499 2978 2571 3049 εἰ
2622 2971 2765 3065 τὴν
2821 2973 3051 3067 δίκην

289 3093 735 3207 ἀποφεύγει.
1542 3102 1888 3195 (Bekker
1930 3100 2212 3179 Anecd.
2252 3128 2361 3201 gr.
2404 3104 2459 3179 I.
2500 3130 2570 3203 p.
2614 3102 2835 3196 256.)

1582 3263 1762 3339 755.

503 3370 793 3475 Accipit
851 3398 1026 3447 vero
1079 3371 1502 3474 epobeliam
1556 3396 1726 3448 reus
1785 3370 1881 3447 ab
1939 3381 2231 3466 actore,
2292 3372 2353 3447 si
2407 3397 2633 3448 causa
2670 3370 3052 3449 absolutus

293 3496 528 3574 fuerit.

1577 3606 1755 3683 756.

493 3724 692 3803 Ἐάν
726 3724 1040 3819 ἐπεξιών
1076 3758 1184 3815 τις
1213 3724 1320 3825 μὴ
1353 3727 1753 3829 μεταλάβῃ
1790 3725 1881 3804 τὸ
1904 3734 2248 3826 πέμπτον
2276 3736 2502 3833 μέρος
2540 3726 2697 3805 τῶν
2743 3727 3071 3828 ‘phou-ms

289 3857 541 3945 χιλίας
579 3851 1020 3943 ἀποτίνειν,
1077 3848 1238 3929 κᾶν
1275 3852 1384 3952 μή
1427 3860 1726 3953 ἐπεξίῃ,
1773 3860 2038 3951 χιλίας
2076 3860 2365 3955 ἑτέρας,
2422 3860 2553 3931 ἵνα
2582 3852 2767 3953 μήτε
2808 3880 3051 3929 συκο-

292 3982 538 4079 φαντῇ
586 3980 848 4081 μηδείς
893 3980 1072 4081 μήτ’
1129 3975 1402 4059 ἄδειαν
1456 3986 1662 4080 ἔχων
1713 3986 2099 4089 ἐργολαβῇ
2156 3990 2293 4059 καί
2352 3988 2755 4079 καθυφείη
2788 3982 2883 4059 τά
2923 3985 3052 4078 τῆς

297 4102 587 4195 πόλεως.
1553 4112 1983 4207 (Demosth.
2026 4140 2087 4189 c.
2128 4113 2525 4190 Theocrin.
2572 4114 2840 4207 1323.)

1584 4274 1760 4351 756.

491 4379 573 4455 Si
613 4382 778 4479 quis
817 4382 1190 4458 actionem
1248 4394 1720 4483 persecutus,
1779 4384 2116 4482 quintam
2181 4384 2705 4482 suffragiorum
2761 4396 3053 4485 partem

289 4527 426 4579 non
464 4506 739 4597 tulerit,
781 4506 982 4611 mille
1022 4506 1416 4581 drachmas
1455 4508 1714 4583 solvat.
1767 4508 1845 4583 Si
1887 4534 2037 4583 non
2079 4520 2579 4607 persequatur,
2620 4510 2802 4585 alias
2824 4510 3045 4603 mille,

291 4642 364 4703 ut
415 4656 558 4705 nec
617 4630 1226 4707 calumniatorem
1281 4646 1460 4731 agat
1515 4632 1907 4731 quisquam
1964 4659 2105 4708 nec
2162 4634 2607 4733 impunitate
2667 4636 3051 4737 proposita

288 4766 666 4851 quaestum
703 4756 925 4832 faciat
961 4768 1035 4833 ct
1072 4760 1624 4858 praevaricetur
1657 4759 1964 4859 publica
2001 4760 2335 4858 negotia.-

1573 4918 1749 4995 757.

489 5042 590 5113 Εἰ
623 5036 698 5115 δὲ
738 5028 784 5115 o‘
825 5038 1254 5143 κατήγορος
1299 5040 1880 5143 μεταλαμβάνει
1935 5041 2025 5117 τὸ
2083 5051 2473 5143 πέμπτον,
2535 5038 2842 5135 ἡττᾶται
2875 5047 3048 5142 μὲν,

292 5158 376 5236 οὐ
405 5160 569 5261 μὴν
607 5166 1028 5265 ζημιοῦται.
1125 5169 1412 5266 (Schol.
1458 5172 1536 5249 in
1575 5174 1962 5253 Demosth.
1986 5172 2421 5253 Androtion.
2467 5174 2643 5269 593,
2666 5174 2835 5269 240
