3725 5850
724 392 879 473 556
1434 418 2052 470 COMMENTARIUS
2093 413 2200 463 An
2243 407 2400 465 1082.
2439 408 2596 466 1084.
2637 408 2798 467 1092.

720 614 986 707 Melio,
1046 612 1243 715 quod
1288 612 1781 689 Athenienses
1840 612 1905 685 ei
1949 608 2070 706 qui
2113 608 2324 682 illum
2361 606 2772 702 occideret,
2829 610 3200 684 talentum
3239 608 3491 682 datum

716 740 805 814 iri
866 739 1108 815 edicto
1169 736 1872 840 pronunciaverint,
1935 743 2196 833 utpote
2254 732 2376 831 qui
2437 758 2692 808 eorum
2749 734 3104 833 mysteria
3159 732 3492 809 deridere

719 865 1114 940 ferebatur.

1869 964 2022 1046 Ad
2055 962 2342 1046 1082.

929 1137 1015 1210 In
1076 1134 1450 1211 Eleusinio
1509 1134 1965 1211 consedebat
2019 1142 2322 1211 senatus
2377 1108 2736 1231 postridie
2811 1132 3380 1229 mysteriorum,
3453 1157 3492 1205 e

716 1260 879 1356 lege
920 1255 1241 1335 Solonis.
1300 1259 1490 1337 Vide
1531 1255 1597 1361 §.
1640 1262 1764 1335 96.

1832 1436 1835 1439 ’
1872 1415 2026 1497 Ad
2060 1414 2342 1498 1084.

930 1584 993 1657 Ε
1033 1582 1496 1683 praescripto
1544 1581 1796 1680 legum
1836 1581 2172 1657 Platonis
2230 1580 2452 1673 (764,
2495 1578 2596 1669 Β)
2657 1578 2798 1654 fori
2859 1578 3190 1678 magistri
3251 1573 3492 1681 (ἆγο-

716 1702 1087 1801 ρανόμοι)
1126 1705 1409 1807 templa
1445 1706 1881 1805 fontesque,
1933 1707 2057 1807 qui
2094 1707 2172 1780 in
2211 1706 2374 1781 foro
2413 1715 2627 1797 sunt,
2688 1714 2984 1796 curent,
3041 1732 3136 1779 ne
3175 1704 3337 1804 quis
3375 1706 3488 1780 in-

704 1834 951 1931 juriae
995 1833 1399 1931 quidquam
1436 1831 1744 1927 inferat,
1784 1834 2228 1910 inferentem
2265 1840 2518 1907 autem
2558 1830 2912 1929 puniant,
2970 1828 3032 1903 si
3069 1855 3329 1904 servus
3365 1832 3493 1905 vel

714 1959 1158 2057 peregrinus
1188 1968 1323 2051 est,
1362 1956 1801 2031 verberibus
1841 1968 1916 2033 et
1951 1954 2284 2051 vinculis,
2326 1957 2442 2031 sin
2477 1955 2855 2051 indigena,
2898 1980 3132 2053 usque
3175 1954 3270 2029 ad
3309 1981 3486 2030 ecn-

714 2094 871 2157 tum
910 2083 1297 2159 drachmas
1354 2081 1494 2181 ipsi
1555 2092 2003 2182 potestatem
2061 2082 2388 2158 habeant
2443 2079 2890 2174 mulctandi,
2948 2106 3180 2179 usque
3220 2079 3314 2154 ad
3357 2080 3491 2155 du-

712 2209 918 2307 plum
978 2233 1154 2282 vero
1208 2233 1361 2283 una
1414 2234 1583 2284 cum
1638 2209 1844 2285 urbis
1905 2208 2279 2307 magistris
2339 2200 2576 2302 (μετὰ
2617 2200 3118 2302 ἀστυνόμων)
3149 2205 3496 2306 judicent

712 2334 1217 2433 mulctentque
1258 2343 1715 2434 peccantem.

926 2476 1112 2550 Item
1154 2475 1374 2569 (907,
1416 2475 1519 2567 E)
1576 2476 1637 2551 si
1693 2477 1855 2575 quis
1913 2478 2264 2577 pietatem
2321 2473 2552 2551 violat
2597 2474 2844 2550 verbis
2882 2475 3004 2550 vel
3044 2477 3300 2573 factis,
3361 2478 3490 2577 qui

711 2601 1114 2677 intervenit
1149 2600 1543 2702 prohibeto
1582 2603 2138 2701 mag-jstratibus
2175 2602 2532 2679 indicium
2567 2601 2870 2695 faciens,
2911 2602 3486 2699 magistratuum

714 2738 961 2803 autem
998 2727 1123 2827 qui
1160 2727 1379 2827 primi
1418 2727 1891 2822 resciverint,
1951 2754 2108 2803 rem
2145 2728 2242 2805 ad
2287 2728 2657 2829 judicium
2709 2726 3124 2805 deferunto.
3199 2727 3281 2805 Si
3318 2730 3490 2828 quis

712 2861 961 2928 autem
1013 2852 1491 2950 magistratus
1548 2878 1627 2930 re
1686 2863 2076 2955 comperta
2130 2879 2342 2930 secus
2399 2852 2617 2948 facit,
2675 2852 2836 2952 ipse
2875 2851 3278 2953 impietatis
3315 2880 3488 2932 reus

713 2987 869 3052 esto
926 2979 1137 3077 leges
1190 2979 1447 3054 ulcisci
1504 2981 1807 3057 volenti.
1888 2979 1968 3056 Si
2006 2983 2169 3082 quis
2205 2990 2454 3056 autem
2505 2979 3042 3056 condemnatus
3077 2993 3231 3075 est,
3279 2983 3486 3084 judi-

712 3102 904 3179 cium
942 3104 1255 3200 singulis
1295 3104 1751 3204 singulorum
1791 3108 2018 3207 impie
2058 3107 2273 3183 factis
2331 3105 2661 3204 singulas
2708 3130 2988 3207 poenas
3027 3109 3484 3186 constituito,

925 3246 1208 3324 Petitus
1244 3249 1324 3322 in
1364 3250 1691 3347 Legibus
1732 3249 1996 3327 Atticis
2038 3253 2130 3346 (Ι,
2181 3252 2248 3346 1,
2291 3253 2380 3342 6)
2420 3251 2615 3326 hanc
2655 3276 2948 3351 quoque
2987 3251 3282 3326 laudat:
3337 3247 3488 3324 τὸν

711 3362 1015 3444 ἁλόντα
1047 3366 1499 3445 &andorra
1535 3377 1621 3446 ἐν
1657 3370 1767 3470 τῷ
1816 3376 2104 3470 τεμένει
2159 3371 2302 3446 τοῦ
2351 3367 2848 3460 ’Λπόλλωνος
2907 3371 3186 3449 ἑαυτὸν
3221 3373 3482 3449 αἰτιά-

713 3500 1000 3569 σασθαι
1038 3501 1175 3570 καὶ
1218 3493 1612 3587 θνήσκειν.
1674 3497 1799 3594 (Id
1836 3511 1987 3575 est:
2047 3501 2192 3592 Qui
2230 3501 2308 3574 in
2345 3499 2528 3575 aede
2570 3498 2932 3601 Apollinis
2971 3513 3314 3580 ventrem
3353 3531 3480 3581 ex-

714 3626 1137 3699 oneraverit
1160 3683 1178 3718 ,
1236 3649 1315 3699 se
1351 3625 1593 3725 ipsum
1630 3625 1708 3697 in
1736 3623 2022 3723 judicio
2061 3623 2384 3719 deferat,
2443 3625 2656 3725 eique
2696 3625 2968 3724 capital
3005 3627 3229 3718 est0.)

924 3769 1039 3841 De
1078 3766 1219 3844 hac
1256 3793 1334 3842 re
1382 3767 1701 3864 legimus
1760 3767 1958 3867 apud
1998 3765 2302 3842 Suidam
2360 3794 2414 3843 s.
2459 3794 2530 3844 v.
2586 3770 2672 3839 ἐν
2717 3767 3011 3864 Πυθίῳ
3035 3797 3057 3839 .·
3116 3797 3286 3848 cum
3323 3775 3479 3873 qui-

711 3893 875 3968 dam
938 3889 1367 3992 Apollinem
1425 3903 1994 3968 contemnerent
2051 3903 2124 3967 et
2180 3893 2258 3967 in
2316 3895 2472 3995 ejus
2523 3893 2700 3971 fano
2739 3905 3074 3970 ventrem
3114 3925 3478 3976 exonera-

708 4027 913 4110 rent,
971 4017 1401 4094 Pisistratus
1436 4017 1603 4116 lege
1643 4020 1795 4094 lata
1834 4019 2152 4121 capitale
2206 4019 2651 4121 supplicium
2706 4021 2780 4093 in
2840 4045 3009 4095 eum
3049 4025 3478 4120 constituit,

712 4143 834 4241 qui
871 4143 949 4218 in
987 4143 1130 4217 isto
1171 4144 1499 4220 facinore
1540 4143 2246 4246 deprehenderetur.
2326 4145 2473 4222 Sed
2513 4169 2770 4219 omnes
2807 4144 2882 4221 id
2923 4145 3244 4223 edictum
3281 4149 3478 4226 deri-

711 4267 1011 4344 debant.
1054 4311 1152 4324 ·--
1191 4269 1530 4371 Populus·
1584 4271 1808 4368 igitur
1860 4295 2010 4344 non
2067 4271 2326 4346 tribuit
2385 4272 2534 4346 vim
2572 4271 2760 4369 legis
2801 4271 3042 4350 edicto
3084 4273 3478 4352 Pisistrati.

710 4394 907 4468 Hinc
943 4421 1085 4471 nec
1120 4405 1367 4495 potest
1404 4422 1538 4496 pro
1573 4395 1738 4496 lege
1782 4396 2028 4473 Attica
2064 4395 2344 4472 haberi.

1854 4605 2008 4688 Ad
2039 4610 2328 4691 1002.

928 4769 1305 4847 Demosth.
1348 4773 1519 4848 adv,
1560 4773 1853 4874 Leptin.
1897 4775 2093 4848 498:
2154 4772 2358 4846 ἔστιν
2396 4763 2588 4870 ὑμῖν
2625 4769 2860 4872 νόμος
2899 4769 3261 4875 ἀρχαῖος,
3321 4807 3476 4852 κα-

708 4891 855 4979 λῶς
910 4890 1071 4968 τῶν
1124 4891 1575 4969 δοκούντων
1636 4899 1884 4991 ἔχειν·
1960 4894 2094 4973 ἐάν
2150 4929 2262 4984 τις
2309 4889 2844 4998 ὑποσχόμενός
2898 4930 2969 4973 τι
3023 4897 3166 4975 τὸν
3221 4899 3481 5000 δῆμον

708 5016 1177 5116 ἐξαπατήσῃ,
1232 5023 1578 5120 κρίνειν,
1632 5015 1793 5098 κᾶν
1830 5014 2044 5123 ἁλῷ,
2107 5020 2426 5123 θανάτῳ
2467 5023 2812 5122 ζημιοῦν.
2881 5029 3056 5122 (Est
3091 5030 3307 5108 vobis
3347 5057 3472 5107 ve·

706 5157 825 5224 tus
856 5147 976 5226 lex
998 5205 1019 5244 ,
1078 5174 1117 5224 e
1155 5148 1639 5250 probatarum
1690 5177 2046 5228 numero:
2105 5153 2167 5228 si
2219 5152 2380 5253 quis
2437 5151 2712 5253 aliquid
2767 5153 3132 5254 pollicitus
3154 5215 3172 5252 ,
3230 5181 3468 5259 popu-
