3725 5850
1372 470 1471 524 nn
1514 467 1881 526 momnis,
2853 442 2997 528 3'7'1

1520 666 1745 741 1412.

449 802 847 882 Parentum
886 818 1350 886 mortuorum
1388 810 1733 909 sepulcra
1770 820 2149 885 ornentur.

1510 969 1737 1043 1443.

429 1099 679 1181 ’Ἑστω
716 1105 793 1181 δὲ
834 1103 1109 1207 νόμος·
1166 1106 1275 1207 τῷ
1308 1111 1457 1204 μὲν
1498 1104 1583 1199 δὴ
1622 1107 1766 1182 τοῦ
1799 1110 2174 1211 μεγίστου
2219 1110 2636 1208 τιμήματος
2694 1112 2800 1196 εἰς
2855 1106 2996 1195 τὴν

262 1231 489 1307 πᾶσαν
520 1230 778 1329 ταφὴν
818 1231 1393 1333 ἀναλισκόμενα
1423 1232 1531 1331 μή
1576 1239 1811 1309 πλέον
1848 1241 2066 1310 πέντε
2093 1235 2343 1333 μνῶν,
2384 1236 2491 1335 τῷ
2533 1234 2609 1310 δὲ
2650 1234 2793 1309 τοῦ
2819 1232 2996 1309 δευ-

262 1364 455 1455 τέρου
489 1368 681 1457 τρεῖς
709 1370 929 1459 μναῖ,
969 1368 1108 1435 καὶ
1150 1360 1293 1436 δύο
1334 1359 1443 1459 τῷ
1478 1360 1950 1463 τοῦ,τρι’του,
1985 1360 2154 1457 μνᾶ
2191 1359 2266 1436 δὲ
2304 1360 2415 1459 τῷ
2454 1358 2600 1435 τοῦ
2640 1358 3002 1459 τετάρτου

256 1486 511 1580 μέτρον
550 1479 651 1560 ἄν
692 1488 857 1582 ἔγω
894 1485 1052 1563 τῶν
1100 1482 1648 1585 ἀναλωμάτων.
1777 1487 2036 1583 (Plato
2077 1488 2319 1589 Leges
2359 1490 2531 1585 XII,
2571 1490 2790 1580 959.)

1518 1650 1745 1725 1443.

450 1793 629 1869 Esto
666 1804 914 1869 autem
949 1794 1113 1871 lex:
1171 1793 1297 1894 qui
1359 1793 1680 1870 maximo
1740 1820 1969 1870 censu
2027 1804 2178 1889 est,
2234 1794 2310 1868 in
2371 1804 2608 1871 totum
2647 1795 2870 1869 funus
2911 1818 3004 1869 ne

260 1918 550 2018 amplius
589 1918 911 2018 quinque
950 1919 1209 2013 miniS,
1252 1920 1375 2019 qui
1412 1916 1779 2013 secundo‘,
1822 1930 1973 1995 tres
2011 1920 2291 2013 minas,
2335 1919 2459 2018 qui
2497 1921 2750 2013 tertie,
2793 1918 3000 2010 duas,

259 2042 364 2139 qui
400 2054 693 2144 quart0,
751 2072 975 2121 unam
1035 2040 1520 2145 impendens,
1583 2044 2000 2121 moderatas
2040 2046 2261 2121 faciet
2300 2070 2692 2144 expensas.

430 2358 572 2451 ‘⁹03
610 2358 712 2439 ἂν
750 2360 1024 2462 ᾆτάφῳ
1063 2358 1427 2464 περιτύχῃ
1466 2360 1752 2460 σώματι
1793 2358 2223 2462 ἀνθρώπου
2243 2421 2264 2454 ,
2327 2360 2624 2450 πάντως
2681 2359 3004 2463 ἐπιβάλ-

257 2492 398 2563 λειν
432 2486 644 2589 αὐτῷ
681 2489 864 2594 γῆν·
928 2488 1252 2565 θάπτειν
1292 2486 1369 2565 δὲ
1410 2484 1594 2585 πρὸς
1634 2484 1924 2587 δυσμάς
1961 2492 2405 2588 βλέποντας.

1709 2617 2039 2712 (Aelian.
2083 2646 2234 2695 var.
2278 2619 2442 2694 hist.
2484 2618 2578 2713 V,
2624 2619 2787 2709 14.)

1509 2763 1735 2838 1444.

448 2906 527 2984 Si
582 2906 741 3010 quis
796 2906 874 2982 in
931 2906 1383 3008 insepultum
1441 2907 1765 2988 cadaver
1821 2905 2142 2982 hominis
2199 2904 2496 3000 incidit,
2575 2906 2878 2982 omnino
2938 2905 3002 2980 ei

255 3041 508 3108 terram
544 3032 857 3133 injiciat,
898 3032 1212 3133 sepeliat
1257 3057 1432 3107 vero
1470 3032 1595 3128 ita,
1636 3043 1719 3108 ut
1740 3033 2095 3125 (mortui)
2133 3031 2227 3106 ad
2266 3056 2610 3106 occasum
2647 3041 3002 3134 spectent.

1506 3195 1735 3272 1445.

456 3332 562 3411 Τὸ
602 3331 879 3411 λοιπόν
906 3332 1097 3434 μήτε
1133 3333 1759 3427 ἐναποθνήσκειν
1796 3341 1882 3411 ἐν
1921 3333 2139 3433 Δήλῳ
2171 3331 2362 3433 μήτε
2383 3335 2788 3422 ἐντίκτειν,
2831 3327 2998 3406 ἀλλ’

250 3465 315 3546 ἐς
348 3457 483 3552 τὴν
507 3455 864 3554 ςΡὴνειαν
902 3457 1515 3561 διακομίζεσθαι.
1963 3465 2343 3566 (Thucyd.
2384 3465 2518 3558 III,
2563 3463 2778 3554 104.)

1510 3629 1738 3705 1445.

450 3769 560 3850 Ne
617 3774 780 3873 quis
836 3784 1219 3874 posterum
1275 3773 1353 3847 in
1389 3771 1585 3850 Delo
1631 3771 1989 3848 moriatur
2028 3771 2554 3877 (sepeliatur),
2614 3793 2804 3844 neve
2841 3789 2996 3842 mu·

250 3895 376 3972 lier
409 3897 485 3975 in
524 3925 614 3975 ca
649 3910 949 4001 pareat,
1010 3897 1141 3974 sed
1176 3900 1253 3973 in
1290 3897 1675 3975 Rheneam
1714 3896 2032 3973 insulam
2070 3905 2679 3996 transportentur.

1510 4059 1736 4135 1446.

446 4197 587 4291 Μὴ
628 4204 976 4298 νομίζειν
1014 4191 1328 4303 ἁγνούς,
1359 4195 1539 4295 μηδ’
1580 4199 1719 4274 ε’·ἇν
1757 4199 1983 4295 ἱεροῖς
2023 4192 2481 4289 πλησιάζειν,
2525 4188 2644 4283 οἷς
2696 4192 2994 4295 ἐκφορά

249 4323 527 4427 γεγόνει
566 4331 703 4401 καὶ
742 4323 987 4421 τάφος
1026 4317 1126 4412 ὦς
1162 4320 1601 4414 τεθνηκόσι.
1702 4411 1710 4418 ,

300 4447 305 4452 ’
1668 4433 2080 4528 (Plutarch.
2122 4445 2403 4532 quaest.
2447 4458 2626 4508 rom.
2671 4435 2779 4526 5.)

1504 4597 1732 4674 1446.

444 4741 753 4820 Profani
804 4743 1258 4836 habeantur,
1317 4767 1559 4841 neque
1598 4741 1693 4836 ad
1732 4740 2098 4832 sacrificia
2136 4738 2662 4833 admittantur,
2724 4737 2992 4838 quibus

256 4863 515 4944 factum
552 4869 793 4946 fuerat
828 4868 1049 4945 funus
1088 4879 1163 4941 et
1200 4865 1674 4969 sepulchrum
1713 4877 2094 4964 tamquam
2129 4864 2459 4940 mortuis.

2439 5325 2570 5392 24*

3551 5613 3628 5763 Α
