3725 5850
685 455 844 531 410
1591 476 2207 531 ooMMssN'rAnms
2242 475 2350 530 An
2388 473 2443 530 3.
2481 473 2533 530 4.

683 671 1285 770 administratum
1333 695 1809 749 communem
1845 681 2091 749 autem
2132 670 2377 770 legem
2416 671 2879 748 constituunt
2914 696 3043 768 ea,
3084 699 3463 774 quaecun-

682 824 827 897 que
865 825 1016 874 non
1055 799 1332 900 scripta
1369 799 1667 898 probari
1708 799 2039 876 omnium
2078 797 2416 894 gentium
2460 823 2827 874 consensu
2866 798 3229 878 videntur.
3306 801 3463 878 Sed

681 923 906 1023 paulo
943 935 1116 1025 post
1155 924 1320 1018 (13,
1361 925 1452 1016 2)
1491 924 1714 999 etiam
1751 922 2133 1026 propriam
2189 921 2439 1020 legem
2493 921 2673 998 dicit
2720 947 2883 1000 esse
2920 934 3051 1000 aut
3086 951 3240 1002 non
3278 927 3463 1003 scri-

680 1061 890 1153 ptam
927 1063 1057 1129 aut
1101 1053 1377 1156 scripto
1433 1049 2091 1153 comprehensam3
2150 1073 2628 1126 communem
2682 1059 2935 1125 autem
2986 1073 3155 1127 eam
3179 1109 3198 1148 ,
3258 1077 3459 1152 quae

678 1177 1036 1254 naturalis
1075 1178 1213 1276 sit;
1269 1203 1432 1255 esse
1491 1177 1691 1255 enim
1747 1199 2155 1254 commune.
2203 1172 2578 1274 quoddam
2602 1173 2891 1274 justum
2928 1185 3197 1254 natura
3229 1187 3307 1254 et
3344 1177 3459 1253 in-

665 1303 989 1404 justum,
1045 1303 1247 1404 quod
1287 1327 1544 1387 omnes
1583 1299 2137 1404 quodammodo
2194 1299 2733 1398 vaticinentur,
2792 1300 3085 1379 etiamsi
3120 1299 3327 1383 nulla
3362 1302 3459 1378 de

679 1454 767 1536 eo
801 1430 1000 1508 inter
1034 1429 1198 1510 illos
1236 1429 1806 1508 communicatio
1843 1440 1975 1508 aut
2012 1427 2262 1532 pactio
2299 1425 2820 1504 intercesserit.

889 1553 1047 1640 Has
1085 1581 1242 1634 non
1277 1556 1593 1660 scriptas
1630 1556 1840 1658 leges
1878 1551 2315 1634 Aristoteles
2373 1554 2593 1632 etiam
2649 1551 2727 1627 in
2775 1552 3109 1630 moribus
3144 1553 3460 1654 positas,

675 1671 882 1750 κατὰ
917 1671 1012 1750 τοὶ
1054 1677 1199 1768 ἔθη
1236 1691 1459 1759 vocat
1495 1681 1825 1776 (Polit.
1868 1681 2005 1774 III,
2052 1678 2174 1774 11,
2217 1679 2325 1776 6).
2394 1675 2631 1754 Simili
2669 1675 2895 1756 modo
2936 1671 3457 1756 Artemidorus

679 1801 1256 1899 (onirocrit.
1296 1803 1444 1900 IV,
1473 1805 1603 1900 2J:
1659 1803 1848 1892 ἔθος
1876 1785 2045 1879 ’ἐστὶ
2084 1797 2323 1899 νόμος
2362 1791 2734 1904 ἄγραφος.

825 2004 832 2014 .
889 1929 1315 2009 Secundum
1371 1926 1844 2010 Aristotelem
1906 1929 2259 2024 (Ethio.
2319 1929 2392 2006 N
2410 1928 2677 2006 icom.
2719 1929 2821 2021 V,
2859 1926 2933 2024 7,
2976 1927 3065 2022 1)
3098 1929 3227 2032 jus
3266 1953 3455 2032 quo-

672 2079 816 2156 que
847 2035 1060 2131 civile
1100 2047 1552 2149 (πολιτικόν
1589 2047 1951 2151 δίκαιον)
1990 2053 2196 2139 aliud
2233 2051 2570 2130 naturale
2606 2064 2724 2130 est
2763 2048 3213 2150 (φυσικόν),
3250 2053 3457 2132 aliud

672 2179 1086 2280 legitimum
1125 2176 1590 2281 (νομικόν).
1678 2181 2082 2276 Naturale,
2140 2175 2353 2282 {quod
2409 2178 2687 2282 ubique
2738 2179 3082 2280 gentium
3137 2179 3457 2258 eandem

672 2305 828 2380 vim
882 2303 1204 2400 obtinet,
1232 2353 1240 2360 ·
1265 2332 1420 2382 non
1474 2289 1680 2406 quod¹
1729 2307 1834 2382 ita
1889 2307 2014 2384 vel
2071 2306 2456 2384 decretum
2513 2305 2611 2381 sit
2664 2304 2787 2382 vel
2843 2331 2998 2381 non
3048 2305 3455 2384 decretum.

673 2431 1118 2543 Legitimum
1155 2440 1447 2526 autem,
1499 2429 1702 2532 quod
1759 2431 1854 2508 ab
1912 2431 2127 2508 initio
2184 2430 2329 2507 hoc
2366 2455 2463 2508 an
2501 2431 2631 2508 illo
2669 2428 2897 2508 modo
2938 2433 3070 2510 fiat
3106 2430 3291 2510 nihil
3330 2457 3451 2510 re-

672 2555 855 2633 fer-:t
913 2582 1156 2666 quum
1177 2583 1356 2636 vere
1397 2558 1887 2640 constitutum
1924 2557 2184 2651 fuerit,
2242 2569 2424 2634 tunc
2462 2555 2763 2636 demum
2798 2556 3049 2636 refert.

885 2681 1257 2762 stobaeus
1295 2709 1510 2762 serm.
1551 2683 1695 2760 37.
1754 2669 2075 2758 οὐδὲν
2030 2709 2264 2772 ηττον
2299 2678 2457 2756 τῶν
2493 2677 2759 2780 νόμων
2793 2684 2933 2756 καὶ
2970 2675 3066 2756 τὰ
3104 2681 3251 2772 ἔθη
3286 2709 3457 2778 φυ-

670 2810 1001 2883 λακτέον
1054 2801 1238 2910 τάγε
1292 2836 1536 2894 οντως
1589 2803 1870 2908 πάτρια
1922 2837 2063 2882 και
2118 2803 2323 2904 τάχα
2379 2835 2533 2882 που
2586 2803 3055 2910 πρεσβύτερα
3110 2812 3253 2884 καὶ
3289 2804 3457 2884 τῶν

673 2929 937 3031 νόμων
973 2926 1258 3011 αὐτῶν.
1332 2936 1548 3030 (Νοιι
1585 2936 1830 3013 minus
1868 2935 2167 3037 legibus
2206 2936 2428 3013 etiam
2465 2960 2709 3013 mores
2748 2945 2923 3013 sunt
2959 2934 3453 3031 custodiendi,

672 3061 797 3159 qui
855 3085 1031 3137 vere
1085 3060 1389 3164 quidem
1442 3060 1664 3163 patrii
1720 3072 1896 3139 sunt
1956 3071 2030 3139 et
2084 3060 2273 3138 forte
2331 3059 2656 3163 quodam
2709 3060 2933 3139 modo
2988 3062 3455 3201 antiquiores

666 3186 849 3287 ipsis
886 3212 1182 3286 quoque
1219 3186 1574 3286 legibue.)

841 3310 1180 3415 Syrian.
1219 3312 1299 3391 in
1335 3314 1794 3412 Hermogen.
1835 3322 2006 3391 stat.
2048 3312 2188 3389 27.
2246 3310 2433 3397 ἔθος
2490 3305 2560 3383 δ’
2597 3312 2756 3385 ἐστὶ
2814 3304 3150 3409 νόμιμον
3196 3337 3455 3414 αγρα-

670 3460 874 3527 (por,
927 3438 1022 3509 ἐκ
1079 3432 1454 3541 συλλογῆς
1511 3431 2074 3533 συνιστάμνον
2128 3430 2785 3541 παραδειγμάτων.
2867 3437 3231 3531 (Mosvel
3267 3464 3453 3543 0031-

669 3561 987 3650 svetudo
1041 3574 1155 3643 est
1193 3562 1321 3667 jus
1377 3591 1529 3643 non
1585 3565 1949 3672 scriptum
1985 3590 2029 3641 e
2076 3563 2516 3645 collectione
2574 3562 3087 3666 exemplorum
3134 3590 3453 3668 compo-

668 3688 955 3785 situm.)
2138 3764 2145 3775 .

882 3814 1361 3894 Justinianus
1397 3801 1689 3895 hb'ro‘I.
1743 3816 2350 3911 Institutionum,
2405 3814 2619 3893 titulo
2660 3816 2750 3891 2:
2808 3828 3156 3915 „constat
3192 3828 3457 3897 autem

655 3941 782 4040 jus
818 3950 1196 4038 nostrum,
1255 3968 1402 4044 quo
1441 3943 1753 4039 utimur,
1813 3954 1945 4020 aut
1998 3932 2277 4044 scripto
2336 3954 2465 4020 aut
2520 3943 2682 4019 sine
2738 3943 3021 4046 scripto
3042 4000 3061 4038 ,
3119 3954 3203 4021 ut
3236 3945 3453 4049 apud

671 4060 1006 4144 Graecos
1040 4060 1201 4140 τῶν
1238 4061 1503 4164 νόμων
1539 4094 1616 4141 σι
1643 4068 1798 4165 μὲν
1829 4066 2259 4173 ἔγγραφοι,
2317 4067 2417 4157 οὶ
2430 4064 2507 4141 δὲ
2546 4090 2912 4173 αγραφοι.

881 4192 1272 4296 Lycurgus
1309 4194 1693 4275 interdixit
1728 4196 2384 4294 Lacedaemoniis,
2439 4198 2735 4299 legibus
2774 4196 3072 4302 scriptis
3108 4196 3239 4276 uti.
3300 4190 3453 4289 Μὴ

655 4312 1010 4413 χρῆσθαι
1047 4312 1312 4415 νόμοις
1347 4316 1779 4425 ἐγγράφοις.

877 4443 1420 4541 (Plutarch.
1475 4448 1901 4550 Lycurg.
1965 4447 2128 4543 13.)

1909 4656 2061 4741 Ad
2112 4658 2211 4743 4.

876 4840 1306 4921 Semndum
1362 4845 1756 4938 Platonem
1811 4846 1927 4940 (G
1949 4876 1993 4924 o
2014 4847 2305 4946 rgias.
2370 4846 2549 4943 525,
2608 4848 2713 4941 Β)
2770 4848 3125 4925 convenit
3170 4870 3445 4946 quem-

663 4992 844 5067 que,
899 4970 1028 5068 qui
1065 4969 1161 5046 ab
1200 4972 1345 5048 alio
1383 4984 1588 5049 recte
1621 4974 1967 5075 punitur,
2026 4975 2147 5051 vel
2196 4975 2449 5075 ipsum
2498 4974 2661 5049 fieri
2716 4976 3097 5053 meliorem
3156 4975 3445 5052 utilita-

662 5103 963 5193 temque
997 5096 1384 5198 percipere
1421 5098 1546 5174 vel
1581 5099 1744 5175 aliis
1782 5099 2129 5200 exemplo
2178 5124 2341 5175 esse
2362 5158 2381 5195 ,
2440 5109 2523 5175 ut
2558 5098 2681 5176 alii
2717 5124 3001 5201 poenas
3038 5126 3211 5179 eum
3248 5128 3437 5206 pen-

664 5217 966 5297 dentem
997 5221 1586 5327 conspicientes,
1643 5224 1987 5321 meliores
2026 5225 2125 5302 ob
2162 5223 2498 5303 timorem
2538 5224 2977 5305 efficiantur.
