3725 5850
683 441 838 516 226
1787 459 1913 510 ms
1948 453 2365 506 Punmcnu.

687 657 884 732 cium
921 641 1140 732 jovis
1179 653 1640 748 ServatoriS,
1700 649 1961 742 PaciS,
2006 647 2059 722 J
2066 647 2229 721 ovis
2268 643 2688 742 Ammonii‚
2728 644 3445 740 Panathenaeorum,

685 779 977 860 Cereris
1017 790 1092 856 et
1125 779 1628 881 Proserpinae
1667 774 2011 854 Scicntis.

1896 1054 2121 1144 Μέρος
2166 1051 2245 1122 ε’.

1235 1182 1720 1276 Πρόσοδος
1783 1175 1958 1250 doto*
2026 1173 2195 1245 τῶν
2262 1179 2909 1269 δικαστηρίων.

1926 1416 2123 1480 Pars
2171 1417 2231 1478 5.

1606 1541 1991 1609 Reditus
2046 1563 2085 1606 e
2131 1534 2544 1627 judiciis.

1990 1724 2170 1800 895.

885 1862 1110 1944 ’Ἐστι
1160 1897 1270 1954 τις
1331 1864 1701 1967 πρόσοδος
1761 1861 1916 1940 ἀπὸ
1974 1861 2130 1939 τῶν
2185 1861 2743 1963 δικαστηρίων,
2804 1860 2932 1938 οἷα
2993 1855 3035 1954 ἦ
3098 1859 3252 1938 ἀπὸ
3309 1865 3463 1938 τῶν

692 1993 1014 2099 γραφῶν
1073 1990 1591 2092 δωροδοκίας,
1667 1987 1999 2091 ὕβρεως,
2078 1995 2651 2086 συκοφαντίας,
2702 1993 3103 2088 μοιχείας,
3168 1987 3460 2090 ψευδο-

693 2123 1024 2225 γραφιάς
1061 2122 1171 2213 *),
1215 2121 1861 2218 παραπρεσβείας,
1904 2120 2505 2217 λειποστρατίου.
2548 2119 2701 2189 Καὶ
2739 2111 2831 2189 τά
2874 2121 2965 2190 ἐκ
3002 2112 3159 2190 τῶν
3194 2112 3461 2190 τοιού-

693 2275 851 2324 των
887 2241 1268 2344 ἀφορμῶν
1292 2243 1650 2344 χρήματα
1688 2245 1778 2342 τῇ
1820 2242 2031 2319 πόλει
2072 2241 2394 2318 δίδοται.

2004 2371 2293 2466 (Schol.
2332 2373 2411 2450 in
2448 2369 2866 2472 Thucydid.
2908 2369 3037 2468 VI,
3082 2371 3247 2464 91.)

1994 2536 2173 2610 895.

907 2661 1218 2739 Reditus
1269 2661 1630 2761 quosdam
1686 2661 2055 2761 praebent
2096 2659 2417 2761 judicia,
2478 2669 2561 2734 ut
2597 2659 2927 2734 actiones
2965 2661 3465 2760 corruptionis

695 2815 832 2890 per
869 2789 1105 2881 dona,
1162 2787 1478 2887 injuriae
1502 2844 1520 2879 ‚
1579 2786 2085 2862 calumniosae
2126 2785 2562 2876 delationiS‚
2627 2783 3009 2877 adulterii,
3072 2787 3463 2862 ementitae

693 2915 1238 3017 inscript-ionis,
1275 2915 1474 2992 mala
1513 2914 1657 2991 fide
1695 2927 1956 3013 gestae
1994 2914 2415 3013 legationis,
2456 2914 2760 2991 militiae
2800 2911 3263 2990 desertionis,
3327 2913 3465 2989 Pe-

697 3045 960 3120 cuniae
1001 3068 1094 3119 ex
1129 3039 1245 3116 his
1287 3042 1526 3118 causis
1564 3054 1772 3135 ortae
1812 3044 2095 3119 cedunt
2130 3041 2436 3117 civitati.

2008 3204 2188 3280 896.

901 3336 1242 3491 ςςΟμοίως
1280 3340 1551 3418 καὶτὰ
1593 3355 2053 3442 πρυτανεῖα,
2113 3336 2155 3435 ἦ
2217 3340 2919 3443 παρακατάστασις,
2983 3334 3022 3433 ἦ
3079 3338 3472 3440 παράστα-

702 3496 853 3563 σις,
918 3462 957 3561 ἦ
1000 3465 1606 3568 παρακαταβολῆ
1649 3474 1786 3543 καὶ
1824 3465 1919 3543 τά
1962 3466 2456 3567 δημιόπρατα.

915 3598 1150 3691 (Vide
1191 3593 1306 3701 ἐξ.
1349 3600 1544 3695 649,
1585 3599 1782 3694 650,
1825 3597 2018 3693 651,
2062 3598 2259 3693 652,
2302 3595 2499 3690 653,
2542 3597 2717 3671 654.
2777 3588 3253 3699 Aristophan.

2764 3720 2992 3825 Vesp.
3034 3721 3256 3815 656.)

1995 3832 2172 3905 896.

919 3953 1159 4031 Simili
1195 3958 1417 4033 modo
1459 3968 1532 4032 et
1569 3966 2158 4050 sacramentum,
2218 3954 2681 4057 depositum,
2732 3954 3128 4049 exhibitio,
3166 3954 3477 4054 sponsio

707 4096 781 4158 et
818 4107 1006 4183 quae
1047 4082 1540 4183 publicantur.

2008 4187 2185 4263 897.

928 4324 1036 4404 Τὸ
1076 4322 1307 4429 ἥμισυ
1344 4327 1485 4405 τοῦ
1523 4328 1940 4431 τιμήματος
1979 4325 2323 4425 ὀφείλειν
2359 4326 2469 4428 τῷ
2508 4325 2847 4428 δημοσίῳ
2887 4319 2969 4416 ὃς
3008 4322 3111 4404 ὂῖν
3149 4325 3336 4427 δόξῃ
3363 4324 3476 4427 μὴ

713 4450 1031 4555 δικαίως
1067 4458 1172 4543 εἰς
1208 4450 1353 4546 τήν
1391 4458 1845 4555 ἐλευθερίαν
1881 4452 2329 4551 ἀφελέσθαι.

1986 4582 2407 4678 (Demosth.
2448 4608 2509 4659 c.
2549 4581 2949 4661 Theocrin.
2994 4582 3261 4679 1328.)

2002 4743 2179 4820 897.

929 4868 1327 4946 Semissem
1383 4868 1919 4945 aestimationis
1975 4871 2248 4947 debeat
2302 4872 2589 4946 aerario
2654 4868 2953 4974 publico
3009 4870 3111 4965 is,
3168 4870 3294 4971 qui
3347 4896 3483 4971 per

711 4996 1061 5099 injuriam
1097 5018 1428 5072 asserere
1468 4996 1544 5069 in
1582 4996 2010 5073 libertatem
2050 4998 2410 5074 videatur.

803 5206 878 5289 ¹¹³)
923 5206 1124 5276 Forte
1165 5197 1704 5299 ψευδιγγραφῆς.
