3725 5850
1398 494 1499 546 DE
1538 496 1839 549 MUwo,
2848 478 3004 554 387

1505 690 1731 764 1505.

420 824 569 920 Μὴ
612 828 1045 929 λαμβάνειν
1086 828 1421 917 πολλούς
1461 828 1764 917 τόκους.

1120 960 1405 1055 (Sohol.
1447 960 1544 1033 in.
1584 960 1963 1035 Demosth.
2003 959 2404 1037 Timocrat.
2448 962 2625 1058 766,
2672 964 2782 1056 5.)

1490 1118 1719 1198 1505.

413 1262 831 1340 Pecuniam
872 1265 1161 1363 ingenti
1199 1265 1505 1341 foenore
1545 1290 1640 1339 ne
1681 1261 1987 1341 elocato.

1483 1424 1712 1499 1506.

391 1555 744 1667 ’Ἒγγαια
775 1562 1133 1664 χρήματα
1156 1622 1177 1654 ,
1235 1565 1328 1639 τὰ
1368 1568 1487 1640 ἐπὶ
1530 1556 1904 1660 ὑποθήκῃ
1947 1561 2334 1664 διδόμενα.

1463 1691 1841 1787 (Bekkerz
1883 1691 2158 1769 Aneod.
2195 1720 2307 1791 gr.
2348 1696 2404 1769 Ι.
2442 1720 2517 1794 p.
2561 1694 2776 1785 251.)

1488 1855 1719 1931 1506.

418 1997 851 2077 Terrestres
888 2004 1248 2103 pecuniae
1287 2009 1465 2075 sunt
1502 2026 1687 2099 quae
1730 1997 2068 2102 pignoris
2109 2024 2335 2077 causa
2376 2002 2664 2080 dantur.

1490 2179 1717 2253 1507.

404 2310 425 2337 ⁶
450 2296 817 2411 Υιιοθὴκη
858 2316 941 2396 δέ
972 2326 1177 2396 ἐστιν
1198 2378 1219 2410 ,
1288 2313 1481 2395 ὅταν
1521 2318 1961 2411 δανείσηταί
1998 2350 2108 2407 τις
2148 2315 2522 2424 ἀργύριον
2577 2325 2698 2397 ἐπὶ
2758 2322 2983 2420 οἰκίᾳ

200 2434 242 2529 ἢ
269 2448 553 2543 χωρίῳ
596 2440 643 2537 ἢ
678 2442 1185 2547 ἀνδραπόδῳ,
1246 2438 1294 2537 ἢ
1330 2450 1467 2520 καὶ
1515 2450 1721 2531 θέσις
1757 2451 2127 2523 καλεῖ-ται.

1448 2573 1830 2669 (Bekker.
1873 2574 2154 2655 Aneod.
2193 2602 2304 2673 gr.
2343 2578 2400 2653 I.
2441 2604 2514 2678 p.
2555 2577 2772 2669 263.)

1491 2738 1715 2813 1507.

392 2872 707 2974 'Pignus
744 2888 989 2955 autem
1028 2890 1180 2974 est,
1220 2906 1447 2982 quum
1486 2880 1651 2981 quis
1690 2879 2090 2982 pecuniam
2127 2892 2386 2958 mutuo
2423 2882 2698 2984 accipit
2733 2884 2812 2958 in
2851 2883 2978 2959 do-

202 3027 407 3080 mum
434 3061 452 3096 ,
495 3005 616 3078 vel
658 3005 973 3081 fundum
1016 3008 1134 3082 vel
1174 3032 1510 3101 servum,
1560 3007 1758 3107 quod
1800 3007 2028 3082 etiam
2065 3009 2337 3108 positio
2381 3021 2713 3084 vocatur.

406 3317 743 3420 ‘'Oqog,
800 3320 892 3398 τὰ
954 3320 1237 3412 ἐπόντα
1292 3333 1457 3412 ταῖς
1512 3317 2054 3423 ὑποκειμέναις
2113 3328 2400 3415 οἰκίαις
2459 3330 2600 3404 καί
2662 3333 2980 3428 χωρίοις

208 3445 644 3548 γράμματα,
704 3441 756 3522 δι’
796 3447 1015 3542 δηλοῖ
1050 3444 1168 3525 ὅτι
1193 3443 1645 3527 ὑπόκεινται
1668 3449 2048 3549 δανειστῇ.
2161 3458 2766 3558 (Ηειτροοιατὶο.)

1481 3635 1515 3708 1
1535 3634 1708 3712 508.

418 3775 815 3854 Terminus
853 3789 1025 3853 sunt
1061 3777 1255 3855 tituli
1292 3777 1603 3855 aedibus
1642 3791 1715 3855 et
1754 3778 1956 3876 agris
2011 3779 2526 3881 oppigneratis
2566 3782 2812 3878 affixi,
2877 3783 2970 3858 si-

204 3900 644 3994 gnificantes
685 3928 773 3979 ea
809 3903 1299 3980 creditoribus
1338 3904 1670 4002 obligata
1707 3930 1893 3980 esse.

1483 4082 1519 4156 1
1536 4082 1711 4158 509.

416 4215 556 4311 Μη
596 4217 1227 4296 ἐπιδανείσασθαι
1268 4226 1389 4297 ἐπι
1428 4233 1588 4309 τοῖς
1627 4218 1893 4310 αὐτοῖς
1931 4221 2345 4323 ἐνεχύρως.

416 4348 734 4439 (Lexioa
770 4349 1075 4447 Seguer.
1116 4376 1187 4451 p.
1232 4353 1407 4427 259.
1448 4347 1833 4428 Demosth.
1877 4353 2043 4428 adv.
2081 4354 2511 4431 Phormion.
2575 4355 2752 4432 908.

1764 4477 1976 4554 Idem
2015 4479 2184 4556 adv.
2226 4480 2494 4557 Laorit.
2535 4483 2764 4575 930.)

1462 4636 1693 4713 1509.

411 4777 525 4856 Ne
584 4777 805 4857 liceat
862 4790 1195 4854 mutuum
1254 4779 1590 4882 accipere
1630 4780 1707 4856 in
1746 4784 1949 4859 bona
1975 4783 2132 4883 jam
2173 4782 2672 4886 oppignorata
2733 4787 2967 4866 alteri.

1466 4959 1692 5038 1510.

414 5095 830 5196 Μάρτυρας
868 5107 1215 5196 παρεῖναι
1254 5093 1381 5175 ὅτε
1421 5097 1751 5191 δανείζει
1787 5104 1900 5188 τίς
1940 5130 2090 5178 τινι
2129 5098 2528 5209 ἀργύριον.

1538 5232 1976 5324 (Demosth.
2017 5235 2182 5310 adv,
2221 5235 2492 5312 Lacrit.
2533 5235 2756 5328 927.)

2412 5357 2542 5421 25*
