3725 5850
673 442 828 517 538
1340 469 1961 525 connum-Amos
2007 468 2106 519 „m
2146 466 2273 521 91⁴.
2312 468 2439 523 91⁶.
2476 468 2607 523 ωε.
2648 469 2774 522 927.

1858 649 2012 738 Ad
2058 656 2271 739 014.

881 818 1280 897 Suidas:
1339 814 2099 919 διαγράμματα·
2160 811 2355 891 ὅταν
2409 814 2775 913 εἰσφορᾶς
2832 811 3167 906 δεήσειεν
3212 821 3315 906 εἰς
3352 814 3447 893 τὸ

667 938 993 1030 κοινὸν,
1034 945 1372 1039 πολέμου
1411 934 1638 1029 ὄντος
1661 998 1681 1031 ,
1723 937 1811 1016 *to*
1855 938 2157 1041 ἑκάστῳ
2192 938 2819 1045 ἐπιγραφόμενον
2857 936 3237 1044 ἀργύριον
3274 940 3449 1018 διά-

665 1094 980 1170 γραμμα
1023 1072 1393 1147 καλεῖται.
1475 1070 1714 1164 (Cum
1768 1079 2109 1174 tempore
2164 1070 2342 1147 belli
2400 1072 2679 1147 tributo
2715 1070 2797 1146 in
2834 1094 3231 1147 commune
3292 1072 3449 1148 col-

664 1192 816 1271 lato
855 1220 1046 1295 opus
1084 1206 1247 1271 erat
1265 1253 1284 1291 ‚
1342 1195 1588 1297 portio
1625 1194 1985 1295 pecuniae
2044 1193 2358 1294 singulis
2414 1197 2795 1295 assignata
2832 1188 3283 1297 διάγραμμα
3316 1224 3449 1273 vo-

665 1320 1042 1413 cubatur.)

883 1444 1000 1523 Cf.
1040 1444 1316 1525 Lexica
1351 1444 1660 1543 Seguer.
1699 1471 1772 1546 p.
1813 1444 1971 1519 236
2010 1454 2086 1519 et
2122 1442 2301 1520 241.

1846 1649 2000 1738 Ad
2058 1655 2269 1739 010.

879 1821 1292 1899 Universos
1323 1822 1748 1923 ‘proventus
1805 1832 2189 1899 enumerat
2229 1818 2773 1921 Aristophanes
2808 1820 2887 1895 in
2916 1810 3201 1922 ‘Vespis
3237 1822 3447 1916 (655

672 1946 1011 2039 --660):
1060 1938 1490 2042 Ἀκρόασαι
1545 1938 1691 2017 τὸν
1743 1940 2001 2040 φόρον
2054 1933 2243 2039 ἡμῖν
2278 1936 2433 2016 ἀπὸ
2472 1936 2630 2016 τῶν
2666 1936 2965 2019 πόλεων
3000 1940 3449 2042 συλλήβδην

641 2063 807 2147 ,τὸν
843 2064 1260 2168 προσιόντα
1284 2094 1299 2110 ·
1339 2060 1556 2158 κᾶξω
1595 2062 1883 2141 τούτου
1920 2061 2014 2141 τοὶ
2055 2068 2223 2155 τέλη
2249 2068 2491 2165 χωρὶς
2514 2120 2533 2154 ,
2574 2069 2714 2140 καὶ
2748 2060 2887 2152 τὰς
2923 2063 3213 2154 πολλὰς
3252 2072 3445 2143 ἑκα-

662 2187 976 2282 τοστάς,
1032 2202 1492 2291 πρυτανεῖα,
1541 2194 1885 2289 μέταλλ’,
1940 2186 2277 2294 ὦγοράς,
2332 2192 2685 2287 λιμένας,
2734 2187 3083 2288 μισθούς
3120 2197 3261 2267 καὶ
3304 2190 3442 2285 δη-

653 2315 1062 2416 μιόπρατα.
1160 2315 1481 2393 Τούτων
1551 2312 1915 2419 πλήρωμα
1985 2314 2300 2393 τάλαντ’
2374 2313 2605 2421 ἑγγύς
2680 2313 3021 2413 δισχίλια
3093 2320 3445 2421 γίγνεται

662 2436 868 2541 ἡμῖν.
941 2446 1343 2541 (Ausculta
1397 2444 1677 2521 tributa
1731 2445 2079 2523 universa
2098 2503 2117 2539 ‚
2176 2471 2367 2546 quae
2424 2444 2519 2523 ab
2578 2446 2891 2523 urbibus
2925 2445 3145 2524 nobis
3182 2447 3439 2523 confe-

659 2584 964 2667 runtur3
1019 2586 1401 2673 praeterea
1455 2570 1856 2671 vectigalia
1908 2596 2246 2649 seorsum
2267 2630 2287 2663 ,
2344 2582 2424 2649 et
2458 2570 2727 2649 multas
2772 2570 3219 2649 centesimas
3240 2628 3258 2665 ‚
3314 2597 3433 2647 ss-

661 2707 1078 2798 crumenta‚
1135 2695 1474 2791 metalla,
1531 2696 1734 2791 fora,
1791 2709 2053 2799 portus
2075 2753 2093 2790 ,
2130 2694 2511 2775 mercedes
2535 2753 2555 2791 ‚
2593 2695 3165 2798 publicationes.
3238 2696 3429 2774 Isto-

657 2844 818 2897 rum
853 2820 1222 2899 redituum
1261 2846 1554 2899 summa
1588 2830 1704 2899 est
1739 2821 2037 2899 circiter
2073 2820 2188 2899 bis
2228 2820 2431 2899 mille
2469 2820 2819 2915 talenta.)

1836 3031 1990 3114 Ad
2030 3033 2262 3116 02³.

873 3198 1030 3276 Sub
1070 3197 1310 3276 Gallia
1345 3197 1702 3276 archonte
1725 3257 1744 3294 ‚
1801 3213 1999 3276 anno
2056 3199 2213 3273 406
2254 3225 2317 3275 a.
2358 3197 2493 3276 Oh.
2553 3199 2836 3301 placuit
2892 3196 3175 3300 populo
3220 3204 3305 3271 ut
3343 3219 3441 3274 ex

659 3349 813 3404 una
847 3325 1046 3402 tribu
1083 3322 1243 3400 bini
1281 3322 1586 3422 choragi
1622 3324 2160 3426 Dionysiorum
2214 3323 2423 3400 festis
2482 3335 2825 3426 sumptus
2880 3321 3439 3422 tragoediarum

659 3460 736 3524 et
806 3446 1363 3525 comoediarum
1435 3447 2022 3554 suppeditarent.
2116 3449 2289 3526 Non
2347 3447 2583 3527 multo
2640 3474 2818 3526 vero
2872 3459 3047 3551 post
3097 3444 3437 3524 Cinesias

659 3571 1050 3672 choi-egiss
1105 3597 1410 3676 prorsus
1465 3571 1782 3651 sustulit.
1861 3572 2082 3649 Unde
2120 3572 2419 3652 Strattis
2474 3574 2555 3649 in
2610 3573 2867 3652 fabula
2902 3597 3128 3674 quam
3168 3579 3433 3647 contra

659 3723 829 3774 eum
867 3696 1202 3799 scripsit,
1251 3697 1632 3775 Oinesiam
1668 3697 1874 3774 chori
1910 3697 2459 3774 interfeotorem
2497 3695 2850 3802 appellat.
2908 3693 3139 3793 (Sch
3158 3695 3273 3773 ol.
3312 3693 3421 3772 ad

660 3821 1304 3926 Aristophan.
1360 3821 1582 3900 Ran.
1641 3821 1865 3916 404.)

873 3949 1056 4028 Post
1094 3948 1411 4027 Calliam
1465 3944 1900 4024 archontem
1956 3948 2143 4025 duos
2200 3945 2427 4024 fuisse
2468 3972 2561 4024 ex
2596 3971 2749 4024 uns
2784 3945 2983 4022 tribu
3020 3944 3423 4043 chon-egos,

664 4071 884 4150 docet
921 4075 1144 4151 etiam
1180 4073 1565 4176 inscriptio
1603 4072 1828 4172 baem
1872 4075 2391 4170 Μνησίμαχος
2437 4067 3030 4171 Μνησιστρὰτου
3073 4064 3427 4165 Θεότιμος

662 4199 1039 4292 Διοτίμου
1084 4191 1751 4299 Ἐχορὴγουν,
1822 4225 2043 4299 quam
2096 4198 2245 4275 luci
2301 4198 2645 4300 publicae
2703 4198 2910 4275 dedit
2988 4193 3425 4273 Pittakis

659 4322 736 4396 in
777 4345 911 4398 suo
945 4322 1138 4403 libro
1195 4323 1763 4403 Anciennes
1822 4323 2263 4404 Athones
2318 4351 2492 4430 pag.
2539 4324 2711 4399 113.

1837 4535 1991 4624 Ad
2031 4535 2260 4624 02⁷.

878 4681 1368 4784 Anonymi
1444 4710 1799 4782 argum.
1874 4684 1970 4761 in
2042 4683 2539 4760 Demosth.
2616 4680 3008 4758 Midian.
3090 4711 3163 4785 p.
3226 4683 3420 4757 510:

663 4807 888 4886 Moris
927 4819 1123 4902 erat,
1177 4820 1262 4884 ut
1295 4809 1580 4887 archon
1618 4836 1768 4886 uno
1823 4835 2083 4888 mense
2136 4821 2312 4886 ante
2367 4808 2639 4886 festum
2661 4865 2681 4902 ,
2735 4807 3069 4885 omnium
3102 4807 3421 4886 tribuum

661 4933 1006 5032 choragia
1045 4937 1516 5032 convocatis,
1567 4935 1911 5014 tibicines
1948 4936 2193 5015 sortiri
2215 4933 2539 5036 juberet.

878 5059 1006 5134 Lis
1045 5057 1133 5134 de
1172 5085 1262 5135 eo
1284 5113 1302 5150 ,
1361 5060 1703 5159 quisnam
1758 5060 2029 5137 debeat
2082 5059 2385 5157 choragi
2439 5083 2707 5136 munus
2742 5057 2975 5152 obire,
3014 5058 3417 5136 vocabatur

665 5177 1134 5261 διαδικασία.
1191 5182 1559 5278 (Schol.
1614 5187 1708 5262 in
1762 5185 2255 5264 Demosth.
2294 5185 2679 5289 Leptin.
2719 5183 2899 5280 502,
2938 5183 3052 5279 3.)
