3725 5850
617 376 719 449 56
1719 394 1844 447 ms
1878 390 2303 447 PUBLICUM.

607 581 715 686 μὴ
754 580 1194 677 ἐπιτήδειον
1229 578 1481 683 νόμον
1514 575 1877 686 γράψειε,
1915 580 2063 658 καὶ·
2088 589 2531 685 στρατηγοῖς
2566 574 2933 671 εὐθύνας.
2975 580 3400 688 Εἰσάγουσι

621 710 698 789 δὲ
739 714 877 788 καὶ
900 708 1396 810 ιδοκιμασίαν
1449 717 1612 797 ταῖς
1670 702 1945 806 ἀρχαῖς
1982 709 2119 781 καὶ
2157 700 2340 795 τούς
2378 702 3053 811 ἀπεψηφισμένους
3088 712 3227 786 καὶ
3262 704 3401 797 τὰς

619 844 714 915 ἐκ
746 836 874 930 τῆς
909 831 1205 937 βουλῆς
1242 829 1785 938 καταγνώσεις.
1863 836 2023 906 Καὶ
2058 840 2223 919 ταῖς
2262 826 2537 933 ἀρχαῖς
2572 830 3086 935 ’ἐπικληροῦσι
3143 829 3239 911 τὰ
3278 831 3403 909 δι·-

619 962 998 1060 καστήρια
1029 1018 1054 1053 ,
1111 957 1206 1035 τοὶ
1252 956 1416 1035 ἴδια
1447 962 1589 1034 καὶ
1625 952 1720 1031 τοὶ
1764 950 2091 1055 δημόσια
2118 984 2134 999 ·
2194 961 2332 1033 καὶ
2385 954 2480 1034 τα
2520 954 2879 1061 σύμβολα
2915 955 3013 1036 τοὶ
3050 952 3232 1058 πρὸς
3267 954 3404 1047 τοὶς

623 1084 874 1174 πόλεις
910 1082 1274 1186 κυροῦσι.
2182 1085 2493 1179 (Pollux
2533 1087 2743 1185 VIII,
2784 1089 3187 1182 85-88.).

1935 1248 2115 1325 212.

841 1395 1554 1474 Thesmothetarum
1585 1394 1948 1473 discussio
1986 1393 2083 1469 sit
2118 1392 2345 1470 haec:
2384 1421 2567 1473 num
2606 1422 2698 1477 ex
2736 1410 3050 1501 utroque
3090 1408 3405 1501 parente

628 1522 1125 1603 Athenienses
1162 1523 1314 1599 sint
1350 1547 1397 1597 a
1431 1521 1652 1596 tertia
1704 1543 1941 1619 usque
1998 1518 2484 1615 generatione
2542 1532 2617 1598 et
2674 1547 2767 1599 ex
2822 1550 2971 1625 quo
3022 1547 3224 1625 pago
3263 1522 3401 1598 ori-

631 1649 815 1726 undi
835 1644 873 1721 ⁸?
925 1673 1110 1723 num
1157 1644 1434 1749 Apollo
1492 1645 1676 1749 ipsis
1731 1643 1828 1721 sit
1888 1643 2183 1719 Patrius
2240 1654 2315 1721 et
2370 1645 2676 1747 Jupiter
2728 1648 3113 1727 Hercaeus
3134 1649 3171 1725 ἵ
3226 1672 3411 1723 num

633 1784 985 1877 parentes
1023 1775 1216 1850 bene
1254 1772 1636 1848 tractent?
1692 1795 1875 1847 num
1927 1796 2065 1871 pro
2122 1770 2367 1871 patria
2420 1771 2963 1851 militaverint?
3016 1798 3197 1851 num
3234 1796 3405 1851 cen-

631 1926 798 1975 sum
852 1896 1181 1974 habeant
1200 1896 1238 1972 P
1312 1897 1741 1993 Interrogat
1795 1906 2048 1969 autem
2106 1906 2409 1971 senatus
2432 1954 2451 1991 ,
2516 1896 2592 1972 hi
2644 1924 2826 1976 vero
2892 1900 3155 2002 jurant
3207 1897 3409 1999 apud

632 2025 1004 2127 porticum
1060 2021 1382 2121 regiam,
1443 2019 1567 2097 vel
1622 2046 1850 2123 supra
1904 2019 2273 2122 lapidem,
2349 2045 2429 2097 se
2485 2023 2693 2123 leges
2753 2026 3282 2103 observaturos
3337 2036 3413 2098 et

634 2174 949 2226 munera
984 2174 1144 2225 non
1178 2156 1590 2242 sumturos,
1649 2156 1779 2221 aut
1833 2169 2139 2222 auream
2174 2144 2684 2246 persoluturos
2722 2159 3082 2225 statuam:
3140 2145 3410 2226 deinde

635 2276 717 2349 in
751 2272 1169 2374 acropolim
1205 2269 1568 2372 profecti,
1627 2268 1889 2347 eadem
1912 2270 2197 2370 jurant.
2272 2268 2524 2369 Myrto
2561 2282 2806 2350 autem
2844 2284 3300 2350 coronantur
3338 2282 3415 2351 et

638 2397 1130 2477 communiter
1166 2397 1422 2474 mortis
1457 2404 1913 2497 potestatem
1948 2396 2265 2491 habent,
2306 2395 2369 2471 si
2405 2396 2610 2499 quie,
2654 2424 2800 2499 quo
2838 2425 2995 2477 non
3029 2398 3245 2494 licet,
3283 2396 3413 2475 de-

535 2518 542 2525 ’
637 2524 964 2604 scendat.
1038 2521 1232 2600 Item
1254 2520 1551 2623 judices
1588 2520 1835 2598 sortiri
1873 2529 1949 2597 et
1986 2516 2477 2618 athlothetas,
2536 2547 2771 2600 unum
2807 2550 2847 2601 e
2886 2525 3227 2603 tribubus
3264 2523 3414 2599 sin-

637 2650 875 2759 gulis3
929 2650 1420 2751 imperatores
1470 2645 1746 2747 eligere
1805 2671 1901 2723 ex
1960 2645 2353 2743 omnibus3
2407 2647 2821 2725 secundum
2866 2649 3201 2751 singulas
3236 2674 3413 2753 pry-

639 2776 883 2852 tanias
919 2774 1336 2873 inquirere,
1373 2797 1556 2847 num
1593 2771 1871 2871 sing-uli
1907 2770 2103 2846 bene
2140 2769 2511 2872 imperare
2548 2771 2985 2873 videantur3
3040 2786 3118 2851 et
3150 2775 3415 2853 suffra-

639 2900 784 3000 giis
841 2898 1117 2976 civium
1170 2896 1532 2998 rejectum
1572 2896 1960 2998 judicant3
2014 2920 2240 2998 porro
2298 2897 2630 2999 equitum
2683 2900 3081 3000 magistros
3135 2897 3422 3000 eligunt

505 3071 510 3074 ·
642 3029 862 3119 duos,
919 3035 996 3102 et
1049 3023 1473 3126 praefectos
1529 3023 1867 3124 equitum
1920 3021 2183 3098 decem
2241 3032 2317 3098 et
2352 3022 2688 3101 tribunos
2745 3025 3027 3103 decem.
3102 3027 3200 3102 Et
3230 3023 3423 3103 haec

644 3151 945 3254 quidem
978 3145 1296 3251 publice.
1369 3145 1736 3222 Privatim
1790 3171 1971 3223 vero
2028 3145 2613 3245 thesmothetae‚
2672 3149 2977 3250 quando
3002 3151 3128 3253 jus
3164 3150 3422 3227 dicen-

647 3277 826 3354 dum
860 3275 996 3372 sit,
1054 3270 1616 3376 praescribunt,
1669 3281 1750 3349 et
1798 3271 2141 3375 publicas
2176 3273 2689 3352 accusationes
2724 3276 2803 3352 in
2840 3277 3207 3380 populum
3242 3302 3421 3379 pro—

645 3399 1029 3501 mulgant,
1085 3409 1310 3500 atque
1347 3397 1726 3498 suffragia.
1803 3397 2002 3474 Tum
2060 3409 2137 3476 et
2185 3399 2561 3476 actionum
2595 3401 3051 3480 intentiones
3082 3399 3423 3480 inu-odu-

649 3538 828 3604 cunt
863 3535 940 3602 et
972 3522 1382 3626 iniquitatis
1420 3520 1794 3620 actiones,
1833 3531 2061 3622 atque
2098 3523 2329 3626 siquis
2362 3521 2608 3623 legem
2642 3552 2797 3605 non
2833 3525 3093 3606 utilem
3126 3525 3383 3604 tulerit
3403 3583 3423 3623 ,

649 3655 962 3752 insuper
999 3657 1076 3724 et
1107 3646 1566 3725 belliducum
1601 3645 2211 3726 examinationes.
2278 3649 2517 3728 Porro
2553 3652 3119 3751 magistratibus
3154 3671 3424 3730 censu-

649 3803 812 3854 ram
845 3772 1412 3868 administrant,
1461 3760 1762 3850 causam
1793 3773 1877 3850 in
1914 3773 2257 3852 examine
2295 3775 2621 3876 civilegii
2655 3779 3103 3879 refectorum
3141 3787 3217 3854 et
3250 3801 3425 3854 sen-

648 3901 920 3981 tentias
976 3927 1024 3979 a
1075 3909 1344 3977 senatu
1399 3909 1666 3977 contra
1721 3898 2049 4000 aliquem
2103 3901 2295 3977 latas
2326 3901 2620 4002 judiciis
2656 3915 3111 4008 proponunt.
3185 3902 3425 4004 Magi-

651 4026 1011 4107 stratibus
1051 4023 1336 4127 judicia
1379 4025 1792 4102 sortiuntur
1828 4035 1906 4102 et
1940 4025 2240 4127 privata
2276 4037 2351 4104 et
2384 4028 2731 4131 publica3
2784 4040 2861 4106 et
2898 4030 3194 4109 urbium
3228 4053 3426 4107 com-

653 4153 934 4234 mercia
967 4162 1132 4230 rata
1165 4149 1467 4230 faciunt.

1949 4276 2129 4354 213.

879 4414 1110 4520 ΤούςΙ
1145 4421 1624 4517 θεσμοθέτας
1694 4413 1879 4506 τούς
1932 4423 2057 4495 ἐπὶ
2110 4416 2294 4508 τούς
2349 4419 2635 4521 νόμους
2688 4427 3254 4524 κληρουμένους
3312 4423 3429 4514 δὶς

658 4545 1278 4646 δοκιμασθέντας
1315 4535 1632 4644 ἄρχειν,
1694 4545 1784 4619 ἕν
1821 4573 1901 4620 τε
1937 4545 2028 4644 τῇ
2065 4541 2315 4646 βουλῇ
2357 4551 2497 4622 καὶ
2533 4553 2619 4623 ἐν
2642 4547 2759 4648 τῷ
2795 4545 3281 4651 δικαστηρίῳ.

1401 4671 1831 4769 (Demosth.
1871 4673 2042 4750 adv·
2082 4672 2374 4776 Leptin.
2414 4676 2594 4753 484.
2650 4674 2813 4756 Lex
2849 4677 3214 4773 Solonis.)

1956 4851 2134 4929 213.

873 4993 1499 5090 Thesmothetae,
1555 4996 1682 5098 qui
1737 4995 1990 5098 legum
2042 4997 2287 5096 gratia
2339 5007 2538 5076 sorte
2589 5011 2983 5097 creantur,
3044 5025 3139 5078 ne
3176 5001 3437 5080 ineant

661 5119 868 5225 prius
905 5121 1442 5223 magistratum,
1482 5145 1702 5222 quam
1739 5121 1855 5200 bis
1891 5122 2187 5225 probati
2226 5123 2393 5221 sint,
2416 5125 2589 5204 etin
2610 5137 2878 5204 senatu
2923 5135 3001 5206 et
3016 5126 3097 5204 in
3120 5126 3431 5230 judicio.
