3725 5850
650 445 807 522 5⁰6
1406 471 2020 525 connum-Amos
2065 475 2164 525 An
2203 472 2329 527 695.
2369 472 2496 527 696.
2533 472 2657 527 697.

1811 658 1964 745 Ad
2003 660 2236 745 095.

856 822 1051 902 Har
1066 827 1533 928 pocratio
1573 855 1628 904 s,
1668 854 1738 902 v,
1778 822 2201 923 Κλητῆρες.·
2258 828 2352 905 de
2385 827 2701 905 testibus
2741 828 3010 905 dicitur
3044 824 3399 915 κλητεύε-

644 950 834 1019 σθαι
889 959 963 1025 61;
1008 945 1651 1040 ἐκκλητεύεσθαι,
1712 978 1943 1052 quum
2000 954 2094 1030 ad
2149 954 2652 1031 testimonium
2709 952 3098 1030 dicendum
3149 954 3226 1028 in
3273 952 3392 1053 jus

643 1075 897 1153 venire
933 1077 1419 1171 recusabant3
1470 1079 1549 1153 in
1608 1102 1736 1155 eos
1790 1078 2070 1155 mulcta
2106 1088 2386 1157 statuta
2424 1089 2583 1155 erat
2619 1078 2820 1155 mille
2860 1078 3394 1156 drachmarum.

852 1200 1213 1280 Pollux
1268 1202 1475 1299 VIII,
1528 1202 1671 1279 37:
1728 1197 2241 1291 κλητεύεσθαι
2281 1215 2394 1281 est
2425 1204 2508 1279 in
2545 1203 3054 1281 testimonium
3089 1228 3402 1298 vocare3

639 1322 771 1401 sed
824 1321 1425 1413 ἐκκλητεύεσθαι
1480 1339 1593 1405 est
1648 1354 1855 1407 reum
1912 1331 2072 1406 fieri
2128 1329 2218 1407 de
2273 1331 2474 1409 mille
2513 1329 3029 1407 drachmarum
3066 1328 3400 1430 persolu-

638 1447 855 1525 tione.
916 1449 1035 1543 (Si
1075 1452 1420 1529 nimirum
1458 1454 1622 1555 quis
1660 1455 2168 1532 testimonium
2203 1455 2450 1534 dicere
2485 1453 2934 1548 recusaret.)

850 1575 1113 1653 Idem
1151 1577 1359 1675 VIII,
1402 1582 1542 1654 55:
1598 1580 2013 1681 Ejurabant
2050 1575 2574 1679 (ἐξώμνυντο)
2616 1580 2819 1657 citati
2877 1590 3138 1674 testes,
3196 1578 3257 1654 si
3298 1579 3403 1652 ni-

635 1700 741 1777 hil
781 1725 1039 1779 eorum
1073 1703 1167 1779 ad
1208 1728 1396 1803 quae
1436 1715 1917 1801 vocarentur,
1977 1706 2164 1782 scire
2203 1732 2282 1783 se
2319 1706 2808 1785 affirmarent.

666 1888 686 1895 -
848 1826 1135 1908 Eadem
1168 1828 1450 1907 habent
1485 1830 1762 1907 Lexica
1800 1830 2266 1931 Segueriana
2300 1859 2370 1933 p.
2400 1831 2556 1907 188
2593 1844 2669 1909 et
2706 1832 2882 1907 272.
2943 1831 3134 1909 Item
3169 1825 3400 1905 Scho-

634 1951 737 2029 lia
769 1952 848 2029 iu
884 1951 1231 2033 Aeschin.
1280 1954 1653 2033 Timarch.
1694 1958 1799 2032 45
1837 1968 1914 2033 et
1951 1959 2073 2033 46.

850 2076 1279 2157 Secundum
1330 2080 1576 2181 Leges
1630 2080 2094 2159 Platonis
2153 2082 2373 2179 (936,
2415 2083 2562 2174 EJ:
2619 2082 2681 2158 si
2736 2080 2899 2183 quis
2957 2105 3094 2157 sua
3137 2088 3404 2181 sponte

636 2203 1137 2283 testimonium
1172 2206 1419 2285 dicere
1456 2234 1609 2285 non
1646 2209 1844 2300 vult,
1901 2208 2246 2311 indigens
2299 2234 2468 2287 eum
2517 2207 2872 2303 advocet,
2931 2218 3238 2283 vocatus
3279 2231 3404 2281 au—

636 2337 782 2405 tem
822 2342 1121 2430 praesto
1160 2330 1257 2409 ad
1299 2332 1667 2434 judicium
1706 2345 1906 2431 esto,
1967 2346 2042 2411 et
2079 2335 2142 2411 si
2181 2334 2318 2411 scit
2353 2344 2432 2411 et
2468 2332 2628 2411 vult
2663 2333 3082 2426 testificari,
3147 2331 3406 2409 testifi-

637 2463 881 2548 cator,
942 2456 1055 2531 sin
1110 2457 1293 2535 scire
1348 2485 1431 2535 66
1482 2470 1751 2557 negat,
1807 2486 1946 2561 per
2000 2472 2148 2537 tres
2205 2460 2384 2539 deos
2421 2460 2698 2538 Jovem
2755 2472 2830 2534 et
2864 2458 3292 2559 Apollinem
3331 2467 3404 2533 et

637 2578 960 2657 Themin
996 2564 1279 2661 nescire
1336 2612 1415 2661 se
1458 2586 1755 2689 juratus
1792 2586 2180 2664 dimittitor
2217 2613 2258 2664 e
2285 2586 2590 2689 judicio.
2649 2586 2980 2663 Vocatus
3016 2595 3270 2659 autem
3307 2580 3404 2657 ad

636 2706 1137 2785 testimonium
1174 2712 1235 2785 si
1276 2711 1384 2808 ei,
1425 2712 1550 2812 qui
1593 2716 1931 2809 vocavit,
1969 2726 2269 2815 praesto
2309 2740 2466 2791 non
2503 2726 2658 2809 est,
2699 2711 2950 2789 damni
2989 2708 3402 2789 arcessitur.

1804 2905 1956 2990 Ad
1999 2905 2232 2990 696.

849 3066 1119 3146 Pollux
1160 3068 1365 3164 VIII,
1406 3071 1547 3146 36:
1604 3070 2320 3167 Λειπομαρτυρίου,
2381 3066 2584 3145 κατὰ
2641 3069 2800 3146 τῶν
2857 3067 3186 3144 ἰδόντων
3230 3067 3406 3163 μὲν,

632 3193 769 3264 καὶ
799 3189 1317 3288 μαρτυρήσειν
1357 3185 2054 3299 ὁμολογησάντων,
2111 3201 2196 3272 ἐν
2245 3193 2322 3272 δὲ
2363 3194 2472 3295 τῷ
2511 3194 2758 3294 καιρῷ
2798 3190 2940 3286 τὴν
2965 3193 3408 3291 μαρτυρίαν

632 3313 1165 3392 ἐκλειπόντων.
1244 3321 1726 3417 (Testimonii
1782 3323 2106 3399 desertio
2149 3333 2257 3400 est
2294 3324 2485 3400 actio
2525 3333 2783 3398 contra
2816 3323 2984 3399 illos
3025 3321 3150 3420 qui
3190 3321 3402 3396 vide-

630 3456 805 3519 runt
843 3455 917 3520 et
953 3455 1349 3524 testaturos
1387 3475 1465 3526 se
1501 3447 1811 3550 polliciti
1850 3460 2060 3546 sunt,
2121 3451 2200 3525 in
2235 3450 2400 3552 ipso
2441 3460 2692 3528 autem
2727 3450 3039 3528 actionis
3077 3447 3400 3524 articulo

630 3569 1133 3646 testimonium
1170 3571 1615 3673 denegant.)

847 3694 959 3772 Cf.
1000 3697 1273 3775 Lexica
1312 3698 1618 3798 Seguer.
1662 3729 1734 3802 p.
1777 3701 1926 3775 191
1974 3713 2049 3777 et
2088 3701 2264 3776 276.

1804 3910 1957 3995 Ad
1997 3912 2228 3996 09⁷.

843 4072 1194 4150 Pollux
1233 4075 1441 4173 VIII,
1508 4078 1645 4152 17:
1694 4071 2006 4170 Ἐχῖνος
2069 4089 2181 4154 est
2238 4103 2503 4180 capsa,
2561 4077 2640 4151 in
2695 4099 2916 4175 quam
2975 4074 3406 4152 testimonia

626 4199 955 4276 immissa
994 4201 1606 4298 obsignabantur.

843 4326 1198 4403 Suidas
1252 4353 1309 4402 6.
1348 4355 1419 4402 v.
1468 4321 1831 4420 Ἐχῖνος.·
1889 4329 2180 4430 Capsa,
2241 4330 2320 4404 in
2370 4354 2517 4428 qua
2569 4331 3064 4404 instrumenta
3100 4323 3250 4400 litis
3289 4351 3404 4402 re-

623 4453 1119 4550 ponebantur.

840 4576 1104 4652 Idem
1160 4605 1217 4654 s.
1276 4603 1346 4654 ν.
1397 4572 1747 4673 Ἐχῖνοι.·
1806 4579 2102 4681 Capsae
2150 4577 2531 4681 judiciales
2587 4581 2776 4656 aliae
2835 4589 3048 4655 erant
3100 4600 3406 4672 aereae,

624 4701 815 4777 aliae
854 4725 1035 4776 vero
1078 4701 1380 4798 fictiles,
1437 4705 1517 4780 in
1556 4731 1738 4807 quas
1777 4706 2031 4782 arbitri
2073 4707 2387 4783 tabellas
2425 4707 3016 4783 testimoniorum
3055 4708 3406 4808 conjicie-

623 4828 847 4919 bant,
906 4851 1176 4928 easque
1216 4840 1519 4928 postea,
1580 4832 1642 4906 si
1698 4832 1866 4930 quis
1924 4830 2020 4906 ab
2081 4831 2380 4906 arbitris
2427 4843 2909 4931 provocaret,
2969 4832 3406 4931 obsignatas

610 4953 989 5054 judicibus
1026 4953 1447 5031 tradebant.

838 5079 1159 5156 Lexic.
1222 5079 1337 5155 Se
1358 5107 1617 5178 guer.
1679 5109 1749 5183 p.
1792 5083 1990 5157 258:
2040 5075 2354 5175 Ἐχῖνος
2407 5075 2786 5165 καδίσκος
2829 5079 3236 5176 χαλκοῦς,
3295 5083 3406 5166 εἰς

620 5193 717 5275 ὃν
754 5200 847 5276 αἴ
875 5233 955 5277 τε
985 5208 1404 5309 μαρτυρίαι
1444 5208 1585 5284 καὶ
1628 5207 1707 5279 αἱ
1746 5203 2196 5308 προκλήσεις
2255 5207 2626 5314 ἔγγραφοι
2686 5202 3201 5306 ἐνεβάλλοντο
3241 5197 3400 5280 ὑπὸ
