3725 5850
601 476 764 569 648
1213 498 1833 571 consummamus
1870 499 1979 557 An
2024 496 2181 555 1026.
2224 498 2387 557 1029.
2428 498 2585 554 1030.
2630 498 2785 555 1031.

600 697 807 796 diae,
845 699 1346 793 collocarunt,
1387 698 1587 775 unde
1623 698 1873 773 nullus
1910 704 2163 795 posset
2196 693 2491 771 abduci.
2549 693 2963 771 Pausanias
3009 694 3108 789 (Ι,
3138 692 3257 788 17,
3282 695 3363 785 1)

599 827 963 927 templum
1019 824 1162 900 hoc
1237 836 1459 901 vocat
1531 848 1795 901 aram
1878 819 2637 899 Misericordiae
2706 820 2984 914 (ἐλέου
3019 811 3366 915 βωμός),

601 976 788 1051 quae
828 951 907 1026 in
944 950 1103 1027 foro
1143 962 1301 1028 erat
1335 950 1600 1051 posita.

813 1072 1126 1177 Asylum
1176 1086 1426 1151 tamen
1482 1101 1637 1153 non
1691 1074 1833 1151 fuit
1890 1071 1967 1147 in
2015 1072 2359 1149 omnibus
2397 1070 2736 1175 templis,
2795 1068 2929 1147 sed
2968 1068 3263 1147 nonnisi
3298 1068 3369 1143 in

598 1200 726 1295 iis,
770 1201 1042 1301 quibus
1079 1200 1156 1279 id
1193 1198 1774 1279 consecrationis
1813 1199 1983 1297 lege
2024 1222 2455 1275 concessum
2498 1208 2711 1273 esset.
2771 1194 3223 1289 (Servius
3282 1192 3367 1268 ad

600 1323 908 1401 Aeneid.
948 1326 1045 1415 Π,
1088 1324 1312 1418 761).
1389 1324 1470 1403 Si
1529 1324 1724 1401 enim
1787 1324 2039 1401 omnia
2094 1321 2405 1400 deorum
2460 1334 2685 1425 atque
2744 1323 3059 1399 heroum
3095 1318 3369 1418 templa

449 1434 458 1441 ⁸
594 1449 786 1550 asyli
811 1452 938 1552 jus
976 1451 1438 1545 habuissent,
1478 1450 1802 1526 inaniter
1837 1447 2149 1524 dixisset
2184 1446 2558 1525 Diodorus
2602 1446 2893 1524 Siculus
2932 1444 3106 1540 (IV,
3134 1444 3258 1538 62,
3284 1445 3365 1533 4)

601 1573 1096 1652 Athenienses
1136 1574 1430 1675 asylum
1467 1574 1730 1650 fecisse
1768 1572 2043 1649 Thesei
2081 1570 2461 1673 templum.

809 1698 922 1776 Cf.
961 1698 1386 1777 Wallon:
1444 1701 1566 1774 Du
1607 1698 1802 1774 droit
1841 1696 1908 1772 d’
1946 1697 2149 1773 asile.
2208 1697 2459 1789 (Paris
2504 1696 2775 1789 1837.)
2826 1739 2931 1749 ——
2986 1695 3361 1795 Maury:

594 1820 922 1901 Histoire
981 1821 1111 1901 des
1159 1823 1510 1923 religions
1552 1823 1645 1900 de
1684 1824 1759 1899 la
1797 1822 2045 1899 Grece
2102 1823 2429 1923 antique.
2487 1822 2700 1899 Tom.
2740 1824 2839 1919 II,
2896 1852 2968 1925 p.
3010 1822 3135 1897 68.
3194 1822 3365 1916 (Pa-

591 1950 689 2023 ris
729 1950 997 2044 1857.)
1749 2051 1901 2135 Ad
1934 2054 2191 2135 1020

807 2203 1187 2280 Aristotel.
1227 2198 1528 2276 Rhetor.
1573 2202 1631 2294 I,
1673 2201 1793 2293 10,
1837 2200 1927 2275 3:
1969 2193 2276 2272 ἀδικεῖν
2313 2192 2401 2271 τὸ
2440 2194 2810 2297 βλάπτειν
2848 2192 3132 2271 ἑκόντα
3174 2193 3361 2293 παρὰ

591 2321 731 2399 τὸν
771 2322 1038 2421 νόμον.
1101 2327 1502 2426 (Injuriam
1559 2326 1804 2402 facere
1866 2337 1979 2401 est
2034 2338 2303 2427 sponte
2362 2326 2655 2403 laedere
2704 2324 3063 2401 adversus
3103 2326 3359 2423 legem.

807 2452 952 2547 Qui
992 2444 1253 2523 ἀδικεῖ
1287 2451 1642 2526 adversus
1685 2477 1852 2526 eum
1893 2451 2084 2526 actio
2134 2441 2454 2523 ἀδικίου
2504 2452 2757 2543 datur,
2817 2462 2899 2526 ut
2939 2452 3195 2527 dicunt
3232 2451 3359 2525 Le-

592 2576 757 2653 xica
794 2576 1252 2675 Segueriana
1290 2578 1502 2677 (pag.
1547 2576 1764 2671 199),
1821 2577 2250 2678 mulctaque
2289 2576 2717 2677 pecuniaria
2755 2576 3087 2671 (τίμημα
3126 2569 3359 2677 ἀργυ-

591 2702 805 2799 ρίου)
845 2704 1334 2798 constituitur,
1376 2727 1566 2804 quae
1607 2703 1667 2777 si
1699 2714 1869 2804 post
1905 2703 2135 2779 latam
2173 2705 2624 2781 sententiam
2665 2715 2837 2780 ante
2878 2728 3156 2779 nonam
3195 2728 3357 2803 pry-

589 2830 866 2905 taniam
905 2830 1197 2905 reddita
1235 2855 1387 2905 non
1426 2828 1725 2921 fuisset,
1785 2828 2334 2931 duplicabatur.

804 2960 974 3035 Non
1015 2958 1254 3036 omnis
1295 2949 1566 3028 ἀδικία
1604 2957 1833 3055 igitur
1870 2955 2227 3036 adversus
2267 2959 2630 3060 populum
2670 2957 3085 3050 commissa,
3129 2965 3354 3030 morte

589 3081 1124 3174 mulctabatur,
1191 3081 1322 3158 sed
1394 3081 1698 3160 minoris
1777 3083 2134 3158 momenti
2209 3083 2634 3184 iniquitates
2708 3083 3031 3182 pecunia
3105 3080 3353 3183 punie-

594 3207 888 3284 bantur.

1743 3307 1897 3390 Ad
1928 3313 2217 3394 1020.

801 3455 1328 3534 Themistoclis
1384 3485 1553 3536 ossa
1607 3459 2017 3562 propingui
2074 3461 2306 3562 ipsius
2362 3459 2669 3535 domum
2743 3469 3221 3560 reportarunt
3290 3471 3359 3537 et

587 3581 786 3659 clam
822 3582 1404 3659 Atheniensibus
1444 3583 1520 3658 in
1561 3611 1742 3682 agro
1787 3581 2029 3662 Attico
2084 3585 2524 3681 humarunt3
2581 3613 2629 3660 n
2654 3616 2697 3662 ο
2720 3612 2769 3659 11
2827 3613 2865 3661 0
2890 3587 2985 3661 ni
3010 3613 3080 3658 111
3142 3585 3269 3658 110
3291 3611 3347 3657 e-

585 3708 751 3784 bat
805 3709 1288 3812 sepelire,
1345 3721 1444 3784 ut
1500 3711 1660 3808 qui
1719 3721 1986 3788 esset
2039 3712 2661 3813 proditionis
2716 3737 2960 3788 reuS.

799 3831 1259 3936 (Thucydid.
1298 3835 1356 3931 Ι,
1405 3833 1619 3928 138.)

1733 3974 1886 4058 Ad
1924 3976 2212 4061 1030.

799 4121 1044 4198 Etiam
1101 4121 1676 4202 Lacedaemonii
1732 4126 1979 4223 legem
2035 4124 2364 4202 tulerunt
2411 4125 2505 4202 de
2543 4126 2891 4201 omnibus
2930 4126 3349 4203 nolentibus

579 4273 720 4348 pro
756 4247 997 4348 patria
1033 4247 1276 4323 subire
1333 4251 1741 4350 periculum
1761 4307 1780 4344 ,
1838 4252 2093 4352 palam
2150 4250 2725 4327 demandantem
2786 4263 2864 4326 ut
2920 4251 3347 4326 moriantur.

797 4372 902 4465 (L
919 4399 972 4474 y
993 4400 1034 4448 c
1055 4400 1102 4449 u
1123 4401 1160 4450 r
1179 4400 1251 4472 g.
1293 4400 1355 4452 c.
1395 4375 1734 4454 Leocrat.
1777 4371 1842 4476 ξ.
1890 4376 2108 4468 129.)

1742 4586 1893 4670 Λᾶ
1932 4590 2201 4674 1031.

794 4731 1031 4812 Plato.
1089 4729 1270 4832 Leg.
1329 4734 1505 4832 955,
1565 4737 1838 4815 B--Oz
1901 4733 1981 4814 Si
2038 4739 2202 4836 quis
2262 4735 2611 4838 privatim
2666 4759 2930 4836 pacem
2971 4734 3151 4811 facit
3189 4761 3347 4812 cum

578 4857 949 4960 aliquibus
988 4859 1113 4934 vel
1147 4859 1430 4934 bellum
1467 4858 1626 4938 sine
1667 4861 2097 4964 republica,
2161 4873 2397 4938 morte
2446 4862 2766 4962 punitor.
2842 4859 2924 4936 Si
2963 4889 3142 4936 vero
3184 4887 3347 4963 pars

577 4985 828 5085 aliqua
864 4982 1185 5059 civitatis
1223 5009 1486 5084 pacem
1528 4987 1647 5062 vel
1686 4988 1967 5064 bellum
2008 5013 2175 5063 cum
2236 4987 2609 5086 aliquibus
2650 4986 2823 5062 facit
2858 5014 2995 5088 pro
3036 5013 3163 5081 se,
3224 5011 3343 5060 au-

575 5110 906 5186 ctoribus
963 5106 1120 5208 ejus
1179 5109 1282 5182 rei
1338 5108 1820 5211 imperatores
1882 5113 2076 5187 diem
2138 5109 2481 5208 dicunt03
2540 5111 3025 5186 condemnato
3104 5123 3341 5187 autem

575 5260 780 5311 mors
819 5260 1064 5335 poena
1103 5245 1282 5309 estc.
