3725 5850
664 450 831 530 526»
1089 474 1707 528 COMMENTARIUS
1750 475 1853 526 An
1891 468 2019 524 885.
2058 472 2181 526 889.
2221 472 2348 527 870.
2389 470 2514 529 871.
2551 472 2682 528 87⁶.
2723 474 2846 528 8¹79.
2886 474 3012 529 881.

1837 659 1990 742 Ad
2027 662 2261 745 888.

869 831 1357 907 Doctissimus
1416 830 1842 907 Boeckhius
1901 830 2252 933 opinatur
2307 828 2667 929 quosdam
2742 830 3015 908 fundos
3090 830 3431 932 publicos

656 980 837 1053 erga
894 955 1334 1032 solvendam
1396 955 1755 1032 decimam
1794 952 2160 1030 redituum
2198 968 2488 1057 partem
2527 955 2945 1033 ementibus
3005 958 3082 1033 in
3140 982 3428 1057 posses-

658 1081 941 1157 sionem
984 1078 1316 1158 addictos
1338 1137 1360 1175 .,
1410 1081 1737 1158 decimas
1777 1092 2029 1157 autem
2064 1078 2468 1182 publicano
2507 1080 2833 1157 elocatas
2872 1083 3128 1160 fuisse.
3191 1168 3194 1173 ,

1833 1290 1984 1375 Ad
2024 1293 2257 1375 888.

868 1460 1117 1537 881101.
1180 1459 1257 1534 in
1311 1456 1698 1534 Demosth.
1760 1456 1852 1533 de
1911 1456 2203 1559 republ.
2264 1456 2500 1535 ordin.
2563 1456 2756 1533 170:
2813 1450 3428 1532 Ὀπισθόδο-

643 1611 871 1683 μος,
928 1579 1149 1668 οἶκος
1204 1572 1539 1655 ὄπισθεν
1592 1577 1735 1655 τοῦ
1776 1575 1921 1655 νεώ
1981 1574 2550 1671 τῆς.Ἀθηνᾶς,
2607 1586 2695 1655 ἐν
2731 1569 2796 1681 ᾦ
2833 1576 3298 1657 ἀποτίθεται
3336 1570 3430 1655 wi

641 1706 1045 1807 χρήματα,
1102 1700 1151 1797 ἦ
1188 1714 1273 1783 ἐν
1308 1703 1397 1796 τῆ
1438 1700 1857 1804 ἀκροπόλει
1903 1699 2181 1793 τόπος,
2239 1704 2445 1779 ἔνθα
2501 1700 2592 1779 τό
2649 1701 3019 1803 δημόσιον
3055 1701 3435 1809 ἀργύριον

652 1828 1053 1909 ἀπόκειται
1092 1840 1229 1907 καὶ
1272 1823 1319 1907 o‘
1358 1828 1619 1929 φόρος.
1699 1832 2332 1933 (Opisthodomus
2377 1844 2493 1911 est
2529 1833 2794 1911 domus
2833 1860 2880 1911 a
2914 1846 3131 1934 tergo
3165 1834 3434 1934 templi

650 1961 1034 2038 Minervae
1061 2020 1078 2055 ,
1132 1963 1212 2037 in
1267 1986 1415 2061 qua
1469 1970 1933 2062 reponuntur
1985 1958 2390 2059 pecuniae,
2451 1960 2573 2035 vel
2629 1961 2842 2035 locus
2891 1960 2974 2036 in
3032 1984 3244 2053 arce,
3299 1957 3434 2035 ubi

651 2088 968 2189 pecunia
1006 2085 1309 2188 publica
1347 2097 1420 2161 et
1458 2084 1818 2160 tributum
1856 2082 2307 2183 seponitur.)

1828 2293 1980 2377 Ad
2018 2295 2252 2377 870.

862 2462 1061 2539 Ηί08
1106 2472 1313 2565 patet
1352 2473 1524 2537 ante
1564 2460 1957 2538 Euclidem
1992 2460 2432 2539 archontem
2475 2460 2785 2561 triginta
2825 2460 3198 2538 exstitisse
3235 2460 3429 2557 logi-

648 2599 818 2663 stas.
866 2588 1287 2688 ‘Inscriptio
1326 2586 1517 2661 enim
1556 2586 1739 2661 haec
1779 2599 1893 2663 est
1930 2610 2020 2662 ex
2059 2586 2335 2687 olymp.
2377 2586 2502 2682 90,
2543 2586 2776 2662 2-3.

864 2711 977 2788 cf.
1018 2710 1341 2788 Boeckh.
1382 2709 1896 2787 Staatshaush.
1937 2711 2070 2788 der
2107 2709 2277 2789 Ath.
2320 2712 2533 2788 Tom.
2581 2711 2676 2788 11.
2717 2740 2790 2813 p.
2835 2712 3010 2789 584.

1823 2922 1976 3006 Ad
2040 2927 2253 3007 871..

864 3089 974 3166 Of.
1034 3089 1491 3192 Hesychium
1548 3117 1603 3166 8.
1664 3117 1765 3214 ν..
1780 3093 2184 3184 μέτοικοι,
2254 3101 2328 3166 et
2386 3088 2632 3166 Schol.
2693 3091 2768 3165 in
2827 3091 3115 3168 Platon.
3177 3091 3430 3194 Leges

650 3244 718 3318 p.
760 3214 915 3289 454
955 3216 1067 3292 8(1.
1109 3217 1430 3293 Bekker.

1821 3319 1974 3402 Ad
2016 3321 2248 3402 878.

862 3483 1083 3586 Apud
1122 3483 1426 3562 Suidam
1461 3483 1733 3584 legitur
1772 3477 2248 3581 λαμβάνειν,
2308 3483 2505 3585 quod
2546 3485 2989 3562 docentibus
3029 3485 3312 3561 Meiero
3357 3507 3433 3562 et

648 3609 1125 3687 Schtimanno
1182 3613 1376 3704 (Der
1431 3609 1741 3686 attische
1798 3611 2116 3689 Process
2171 3639 2246 3712 p.
2285 3611 2380 3684 91
2441 3622 2515 3687 et
2555 3613 2699 3703 92)
2761 3613 2838 3686 in
2894 3605 3432 3707 καταβάλλειν

648 3737 949 3812 mutavi.
1026 3734 1325 3816 Aediles
1392 3735 1616 3835 igitur
1686 3735 2276 3816 determinarunt
2334 3737 2845 3815 meretricibus
2911 3735 3232 3840 vectigal
3291 3763 3428 3814 an-

647 3887 867 3936 nuum
894 3887 925 3956 ,⁸
967 3860 1043 3937 id
1082 3873 1194 3938 est
1232 3856 1319 3932 τό
1361 3854 1744 3958 πορνικὸν
1780 3863 2007 3945 τέλος.

1772 4131 1779 4140 ·
1824 4071 1976 4154 Ad
2015 4075 2250 4156 878.

858 4219 1357 4320 Harpocratio
1394 4220 1561 4295 loco
1600 4222 1825 4296 citato
1867 4218 2047 4295 dicit
2085 4215 2201 4307 εἴη
2241 4214 2310 4290 δ’
2350 4209 2452 4290 ἄν
2495 4215 2670 4304 ἴσως
2711 4208 2752 4307 ἧ
2798 4247 2846 4290 π
2873 4221 2980 4314 ἐμ
3005 4247 3054 4292 π
3081 4249 3122 4291 τ
3145 4249 3205 4309 η.
3264 4220 3424 4298 Sed

647 4370 1000 4440 erronee3
1058 4371 1231 4420 nam
1268 4344 1546 4420 Lexica
1584 4342 2048 4442 Segueriana
2089 4348 2204 4445 (p.
2239 4344 2442 4435 255)
2473 4345 2577 4419 ita
2614 4344 2935 4421 habent:
2992 4341 3284 4419 ἐπώνια
3323 4340 3426 4417 vo?

646 4472 766 4542 ἐπὶ
804 4465 899 4562 τῇ
952 4462 1111 4563 ὠνῇ
1172 4465 2054 4567 προςκαταβαλλόμενα,
2113 4463 2360 4566 ὥσπερ
2419 4471 2975 4543 fixas-cova!
3029 4495 3248 4556 τινες.
3326 4473 3428 4546 Et

645 4594 899 4670 titulus
939 4622 985 4670 8
1020 4591 1103 4669 L.
1144 4594 1409 4672 Rossio
1446 4597 1581 4670 De
1640 4594 1944 4671 demis
2005 4596 2579 4672 Atheniens.
2637 4622 2709 4697 p.
2751 4596 2853 4670 47
2911 4595 3150 4673 editus
3201 4595 3427 4672 docet

643 4721 843 4819 agris
881 4709 1202 4796 venditis
1242 4719 1720 4796 centesimam
1758 4720 2294 4797 numerandam
2335 4721 2584 4796 fuisse.
2629 4720 2820 4796 Vide
2861 4722 3082 4797 etiam
3107 4721 3426 4798 Bockhii

646 4845 963 4922 Staatsh.
1005 4846 1073 4923 d.
1118 4846 1383 4921 Athen.
1436 4845 1523 4920 T.
1564 4847 1659 4924 ΙΙ.
1702 4872 1772 4947 p.
1815 4845 1992 4922 348.

1826 5056 1979 5139 Ad
2032 5059 2243 5142 881.

856 5203 1103 5281 Photii
1141 5203 1321 5282 Lex.
1365 5215 1437 5280 et
1477 5203 1724 5282 Lexic.
1766 5205 2071 5304 Seguer.
2110 5233 2182 5307 p.
2225 5203 2421 5281 297:
2489 5201 3178 5302 Πεντηκόσταρχος
3217 5209 3324 5299 (v,
3367 5206 3414 5282 1.
