3725 5850
1169 438 1784 495 commum-Amos
1821 436 1929 489 Ao
1972 434 2129 492 1032.
2172 439 2330 493 1033.
2978 415 3137 495 549

1496 663 1647 747 Ad
1705 663 1993 749 1032.

567 832 788 936 Apud
824 832 1306 909 Plutarchum
1342 832 1420 907 in
1461 830 1640 907 Vita
1675 825 1939 907 decem
1979 828 2377 909 Oratorum
2414 834 2513 925 (Ι.
2540 832 2947 933 Antiphon,
2982 834 3135 927 27)

349 960 671 1058 legimus
709 960 902 1037 hanc
940 958 1389 1035 sententiam
1427 966 1688 1033 contra
1724 955 2145 1056 proditores
2182 956 2451 1033 latam:

570 1103 972 1199 „Damnati
1028 1112 1201 1177 sunt
1257 1097 1695 1202 proditionis
1753 1094 2378 1201 Archeptolemus
2419 1100 2875 1202 Hippodami
2934 1103 3131 1179 filius

349 1225 832 1327 Agrylensis,
869 1250 1285 1334 ‘praesenta
1343 1221 1732 1325 Antiphon
1771 1220 2062 1325 Sophili
2102 1225 2297 1300 filius
2333 1224 2875 1319 Rhamnusius,
2913 1252 3124 1328 prae-

348 1377 544 1427 sens.
613 1351 714 1428 Iis
751 1330 940 1427 haec
975 1344 1246 1452 ‘poena
1299 1348 1706 1425 constituta
1760 1356 1911 1441 est,
1970 1359 2052 1423 ut
2107 1346 2657 1427 Undecimviris
2720 1349 3126 1448 dedantur,

349 1476 553 1553 bona
593 1502 850 1553 eorum
885 1477 1404 1578 publicentur,
1462 1474 1749 1551 decima
1785 1474 2169 1551 Minervae
2208 1488 2686 1573 consecrata3
2740 1496 2965 1577 utque
3005 1504 3125 1553 eo-

345 1628 514 1678 rum
549 1602 774 1679 aedes
811 1603 972 1679 solo
1009 1614 1458 1703 aequentur,
1515 1612 1588 1677 et
1620 1603 1701 1678 in
1739 1602 1933 1679 areis
1968 1600 2263 1677 termini
2301 1613 2711 1701 ponantur,
2770 1628 2939 1679 cum
2979 1602 3121 1679 hac

343 1728 872 1829 inscriptione:
947 1725 1700 1829 Archeptolemi
1773 1736 1869 1801 et
1936 1723 2600 1826 Antiphontis
2676 1726 3116 1828 prodito-

346 1880 566 1931 rum.
621 1852 994 1929 Praefecti
1050 1864 1300 1930 autem
1357 1851 1612 1953 populi
1673 1850 2001 1926 indicem
2059 1863 2545 1952 proponunto
2597 1852 2951 1929 domuum
3001 1875 3123 1927 eo-

345 2004 550 2073 rum3
605 2002 846 2078 neque
887 1978 1370 2079 permittitor,
1430 1987 1514 2051 ut
1569 1973 2193 2076 Archeptolemus
2252 1990 2325 2051 et
2380 1974 2768 2077 Antiphon
2808 1975 3123 2055 Athenis

345 2114 476 2180 aut
526 2103 605 2178 in
660 2114 858 2179 terra
916 2101 1482 2180 Atheniensium
1553 2101 1871 2201 imperio
1944 2100 2247 2176 subdita
2312 2100 2788 2201 sepeliantur.
2883 2102 3121 2178 Porro

343 2255 571 2329 quum
623 2228 830 2328 ipsos
884 2228 1198 2304 infames
1255 2226 1512 2303 haberi
1569 2226 1842 2301 debere
1883 2222 2548 2327 Archeptolemum
2586 2240 2663 2301 et
2704 2226 3118 2326 Antiphon-

343 2366 536 2448 tem,
593 2364 754 2428 tum
799 2354 928 2452 qui
966 2378 1056 2429 ex
1091 2354 1182 2429 iis
1223 2352 1380 2428 sive
1437 2352 1672 2453 spurii
1707 2352 1867 2427 sive
1906 2350 2219 2449 legitimi
2256 2362 2699 2427 nascantur:
2757 2352 3119 2429 infamem

343 2481 566 2555 etiam
607 2505 814 2573 eum,
866 2478 990 2577 qui
1029 2502 1124 2553 ex
1161 2474 1722 2578 Archeptolemi
1760 2484 1836 2550 et
1873 2471 2365 2576 Antiphontis
2403 2476 2757 2575 progenie
2798 2476 3117 2579 aliquem

341 2605 834 2706 adoptaverit.
912 2604 1124 2681 Haec
1159 2601 1636 2679 inscribenda
1671 2624 1834 2679 esse
1876 2601 2266 2679 columnae
2304 2600 2651 2681 aeneae.“

1492 2829 1643 2913 Ad
1677 2830 1965 2914 1033.

554 3001 908 3078 Cicero
964 3000 1073 3076 ad
1131 2999 1560 3078 Atticum
1619 2999 1756 3093 (Χ,
1801 2996 1870 3092 1,
1912 2999 2047 3090 2):
2106 2999 2271 3096 Ego
2316 3023 2495 3074 vero
2538 2999 2831 3075 Solonis
2869 3029 3109 3103 popu-

338 3128 516 3202 laris
555 3129 701 3221 tui,
756 3138 838 3202 ut
875 3135 1058 3226 puto
1101 3126 1322 3200 etiam
1359 3123 1506 3199 mei
1529 3181 1548 3216 ,
1607 3121 1858 3222 legem
1894 3122 2315 3220 negligam,
2377 3125 2504 3222 qui
2542 3129 2785 3226 capite
2828 3127 3113 3216 sanxit,

339 3254 401 3328 si
439 3253 564 3352 qui
601 3253 678 3326 in
717 3251 1081 3327 seditione
1120 3276 1274 3324 non
1311 3249 1616 3325 alterius
1654 3247 1889 3324 utrius
1936 3249 2169 3350 partis
2207 3249 2489 3325 fuisset.

554 3393 950 3470 Gellius
1008 3392 1077 3466 N
1096 3403 1274 3468 oct.
1316 3392 1503 3470 Att.
1571 3392 1688 3485 (2,
1733 3391 1915 3483 12):
1975 3391 2055 3468 Si
2092 3393 2190 3469 ob
2231 3391 2676 3469 discordiam
2714 3394 3108 3470 dissensio-

335 3545 651 3620 nemque
713 3520 980 3596 seditio
1041 3530 1262 3619 atque
1320 3518 1674 3594 discessio
1734 3516 1997 3620 populi
2054 3517 2132 3592 in
2190 3516 2371 3593 duas
2431 3531 2685 3620 partes
2736 3522 2865 3594 fiet
2904 3532 2979 3594 et
3015 3522 3112 3596 ob

338 3671 502 3723 eam
541 3671 842 3722 causam
878 3645 1180 3720 irritatis
1219 3642 1488 3720 animis
1525 3644 1897 3744 utrimque
1940 3668 2147 3721 arma
2201 3645 2587 3744 capientur
2621 3646 3107 3746 pugnabitur·

335 3797 479 3873 que
502 3829 522 3866 ,
575 3782 734 3846 tum
791 3771 916 3872 qui
969 3771 1050 3848 in
1103 3795 1194 3846 eo
1233 3781 1570 3872 tempore
1605 3772 1686 3846 in
1725 3794 1964 3870 eoque
2007 3795 2185 3846 casu
2222 3770 2461 3845 civilis
2504 3769 2915 3845 discordiae
2954 3795 3107 3844 non

333 3897 667 3973 alterutri
720 3898 916 3997 parti
971 3920 1051 3972 se
1109 3895 1574 3995 adjunxerit,
1633 3893 1766 3972 sed
1821 3895 2190 3972 solitarius
2252 3906 2788 3996 separatusque
2827 3919 2871 3969 a
2908 3919 3107 3969 com-

333 4023 541 4099 muni
577 4020 772 4097 malo
809 4021 1126 4097 civitatis
1163 4021 1591 4111 secesserit,
1647 4021 1710 4096 is
1769 4019 1991 4098 domo
2052 4020 2299 4121 patria
2352 4020 2814 4122 fortunisque
2873 4020 3106 4101 omni-

336 4149 475 4225 bus
513 4155 801 4243 careto,
861 4147 1034 4223 exul
1073 4145 1532 4244 extorrisque
1573 4153 1750 4224 esto.

544 4288 1017 4367 Plutarch
1040 4316 1144 4366 us
1199 4299 1448 4366 tamen
1488 4287 1947 4391 (Praecepta
1982 4315 2144 4388 ger.
2182 4290 2365 4391 reip.
2408 4291 2771 4385 XXXII.)
2829 4296 3101 4396 impro-

331 4417 462 4493 bat
497 4416 692 4492 hanc
731 4415 1028 4492 Solonis
1067 4415 1343 4514 legem3
1397 4439 1720 4515 namque
1758 4439 1999 4516 neque
2036 4415 2115 4491 in
2156 4441 2489 4517 corpore,
2529 4417 2787 4518 inquit,
2828 4445 2868 4495 e
2908 4437 3099 4496 mor-

331 4543 432 4619 bo
471 4543 564 4619 ad
605 4541 998 4619 sanitatem
1032 4539 1389 4618 redeundi
1425 4539 1718 4616 initium
1754 4542 1840 4617 fit
1874 4541 1971 4618 ab
2002 4567 2153 4620 una
2186 4552 2401 4643 parte
2440 4545 2800 4646 correptis
2840 4547 3097 4621 morbo

329 4667 713 4762 membris,
753 4668 886 4744 sed
925 4678 1101 4763 tum,
1143 4695 1371 4770 quum
1408 4678 1610 4744 recte
1648 4666 2053 4744 valentium
2092 4668 2415 4770 partium
2452 4669 2845 4772 temperies
2884 4696 3098 4770 prae-

329 4794 591 4870 valens
647 4793 763 4886 id,
823 4793 1019 4894 quod
1074 4803 1385 4870 naturae
1439 4793 1953 4895 repugnabat,
2012 4791 2361 4896 depellit3
2424 4819 2665 4894 neque
2702 4797 2779 4870 in
2818 4796 3099 4896 populo

332 4919 688 4995 seditione
727 4917 1168 4995 conturbato
1207 4920 1447 4995 minus
1502 4942 1807 4995 necesse
1865 4928 2015 5017 est,
2074 4928 2155 4994 ut
2212 4917 2408 5019 quod
2464 4920 2972 5021 incorruptum
3011 4945 3099 4995 ac

331 5071 590 5121 sanum
625 5044 936 5139 mansit,
995 5044 1310 5120 multum
1345 5053 1947 5147 contemperetur
1994 5053 2217 5144 atque
2255 5070 2407 5120 una
2445 5044 2763 5120 habitet:
2820 5044 2915 5120 ad
2954 5045 3096 5119 hoc

331 5172 522 5248 enim
577 5170 883 5247 confluit
937 5169 1294 5272 quidquid
1350 5195 1704 5249 sanorum
1739 5172 2125 5253 hominum
2165 5181 2275 5248 est
2310 5171 2509 5253 idem
2548 5169 2910 5276 sentienS‚
2952 5183 3093 5252 eo.
3218 5179 3221 5184 ’
