3725 5850
714 492 869 582 328
1802 523 1928 582 sus
1963 524 2382 583 rusmctm.

913 854 987 936 ‘I
1000 890 1035 937 ε
1058 893 1102 962 ρ
1122 890 1241 960 ομ
1263 890 1310 937 ν
1334 858 1373 954 ή
1386 893 1447 960 μ
1468 891 1511 936 ο
1534 890 1581 937 ν
1602 865 1640 936 ε’
1656 892 1690 949 ς
1744 865 1941 957 ειζσιν
1976 862 2052 936 οἱ
2089 859 2564 960 πεμπόμενοι
2613 864 2722 951 εἰς
2775 857 2864 937 τὸ
2923 859 3080 937 τῶν
3123 856 3496 959 Ἀμφικ-

712 985 1011 1065 τυόνων
1085 985 1483 1085 συνέδριον
1519 994 1597 1078 ἐξ
1646 984 1961 1077 ἑκάστης
2019 983 2303 1074 πόλεως
2357 987 2510 1064 τῶν
2563 986 2706 1064 τοῦ
2783 984 3186 1087 συνεδρίου
3249 1014 3490 1085 μετε-

701 1115 1043 1209 χουσῶν.
1987 1224 2186 1300 128¹
2645 1118 3250 1221 (HarpocratiO.)

925 1367 1319 1447 Sacrorum
1354 1394 1719 1447 memores
1756 1378 1969 1464 sunt,
2033 1368 2160 1467 qui
2197 1366 2291 1445 ad
2329 1366 2960 1473 Amphictyonum
2995 1369 3399 1447 concilium
3443 1393 3486 1443 e

712 1494 1023 1595 singulis
1059 1494 1511 1592 civitatibus,
1553 1519 1743 1596 quae
1782 1495 1978 1570 illius
2017 1494 2345 1595 synedrii
2381 1496 2783 1597 participes
2821 1506 3016 1592 sunt,
3056 1495 3482 1573 mittuntur.

1975 1655 2200 1731 1282.

930 1799 1022 1872 Οἱ
1059 1794 1595 1896 ἱερομνήμονες
1635 1794 2122 1873 συνθύουσιν
2157 1800 2262 1884 εἰς
2307 1793 2398 1873 τὸ
2459 1794 2858 1897 συνέδριον
2911 1796 3070 1874 τῶν
3111 1794 3476 1896 Ἀμφικ-

712 1919 1033 2003 τυόνων.
2001 1927 2348 2021 (Bekker
2382 1924 2630 2003 anecd.
2669 1954 2780 2026 gr.
2823 1928 2877 2005 1.
2917 1954 2989 2027 p.
3031 1928 3252 2019 266.)

1971 2085 2196 2163 1282.

924 2228 1309 2306 Sacrorum
1356 2253 1723 2306 memores
1764 2253 1915 2304 una
1945 2230 2365 2305 sacrificant
2389 2229 2465 2305 in
2487 2228 2794 2306 concilio
2818 2228 3464 2332 Amphictyonum.

1982 2392 2208 2468 1283.

909 2522 1452 2631 Ἱερομνήμων,
1494 2523 1535 2609 ὅ
1578 2529 2056 2631 πεμπόμενος
2095 2528 2455 2634 σύνεδρος
2492 2536 2598 2618 εἰς
2649 2529 2833 2620 τούς
2875 2528 3464 2633 Ἀμφικτυὸνας

710 2646 899 2758 ὑπὲρ
939 2657 1068 2748 τῆς
1108 2657 1407 2744 πόλεως.
1608 2660 1895 2755 (Schol.
1934 2662 2012 2737 in
2049 2661 2431 2739 Demosth.
2473 2661 2869 2739 Timocrat.
2911 2662 3090 2759 747,
3132 2664 3248 2759 2.)
3327 2728 3336 2749 ,

1978 2826 2017 2899 1
2031 2825 2206 2901 283.

922 2967 1321 3046 Sacrorum
1352 2995 1636 3048 memor
1672 2980 1785 3046 est
1820 2994 2150 3048 assessor
2183 2967 2279 3044 ad
2317 2967 2906 3069 Amphictyonas
2942 2968 3242 3043 nomine
3279 2964 3454 3044 civi-

710 3094 881 3172 tatis
920 3096 1206 3172 missus.

1978 3201 2205 3278 1284.

928 3337 1129 3430 Totis
1165 3339 1715 3444 ἱερομνήμονας
1753 3343 2269 3442 ψηφίσασθαι.

1979 3468 2401 3565 (Demosth.
2443 3467 2536 3547 de
2576 3495 2871 3549 corona.
2913 3468 3090 3568 277,
3133 3471 3244 3563 9.)

1974 3631 2204 3708 1284.

764 3819 771 3826 -
920 3771 1312 3852 Sacrorum
1348 3717 1716 3853 memores
1752 3771 2082 3849 habeant
2107 3775 2234 3875 jus
2271 3774 2625 3875 suffragii.

1972 3933 2199 4011 1285.

924 4079 1020 4156 Οἱ
1058 4072 1477 4179 πεμπόμενι
1514 4072 2050 4175 ἱερομνήμονες
2088 4077 2193 4162 εἰς
2231 4070 2580 4172 Δελφούς
2615 4077 2814 4152 ἐἰσιν
2850 4078 3260 4152 ἐπίσκοποι
3291 4072 3434 4152 τῶν

710 4197 1339 4302 ἀναλισκομένων
1362 4208 1459 4277 ’ἐν
1494 4211 1657 4286 ταῖς
1698 4203 2027 4286 θυσίαις.

1738 4328 2028 4422 (Schol.
2065 4329 2144 4405 in
2183 4327 2658 4432 Aristophan.
2696 4331 2978 4410 Nubes.
3019 4332 3238 4425 623.)

1974 4491 2009 4563 1
2024 4491 2200 4566 285.

922 4635 1312 4716 Sacrorum
1345 4661 1709 4714 memores
1743 4634 2082 4738 Delphos
2138 4635 2342 4712 missi
2381 4659 2634 4714 curam
2666 4648 2938 4736 gerunt
2974 4648 3330 4715 sumtuum
3359 4633 3423 4706 in

712 4765 1067 4842 sacrificia
1101 4761 1787 4866 impendendorum.

924 5014 1376 5122 Πυλαγόροι
1413 5018 1606 5093 εἰσιν
1626 5017 1698 5092 οἱ
1722 5013 2192 5114 πεμπόμενοι
2231 5010 2383 5090 ἀπὸ
2421 5015 2575 5092 τῶν
2610 5010 2904 5094 πόλεων
2938 5017 3045 5104 εἰς
3080 5013 3219 5109 τήν
3243 5011 3412 5112 'Asc-

706 5148 1183 5240 φικτυονίαν
1218 5139 1514 5244 ῥήτορες
1538 5199 1557 5232 ,
1617 5137 1804 5218 ὥστε
1842 5148 2006 5217 ἐκεῖ
2039 5137 2470 5245 ἀγορεῦσαι.

1994 5267 2333 5362 (Bekker
2369 5272 2623 5350 anecd.
2659 5299 2768 5372 gr.
2809 5274 2863 5353 I.
2900 5302 2972 5375 p.
3015 5275 3262 5368 297.)
