3725 5850
1177 404 1794 457 coMMsn'rAnms
1837 403 1942 456 ΑΒ
1982 403 2106 457 384.
2148 405 2275 459 385.
2966 382 3112 456 471

348 593 418 668 id
459 605 573 670 est
613 595 923 691 electos,
963 597 1135 673 hinc
1175 595 1532 697 conjici0,
1589 622 1719 674 eos
1758 623 1851 674 ex
1894 597 2236 674 omnibus
2280 595 2852 675 Atheniensibus
2890 597 3119 675 fuisse

347 732 645 796 sumtos,

1518 824 1669 907 Ad
1710 826 1944 908 ³84.

557 993 706 1069 Sed
764 1021 911 1094 quo
971 1003 1191 1093 pacto
1249 1019 1409 1068 sors
1466 993 1768 1070 creabat
1835 1019 2173 1070 novem
2228 993 2626 1069 archontes
2683 1018 2721 1067 e
2781 992 3113 1069 decem

344 1117 738 1194 tribubus?
795 1120 984 1194 Rem
1023 1118 1344 1220 explicat
1399 1115 1626 1195 schol.
1666 1119 1744 1193 in
1783 1115 2308 1221 Aristophanis
2347 1118 2567 1218 Vesp.
2608 1119 2656 1191 7
2665 1119 2763 1192 74
2805 1130 2879 1194 et
2912 1119 3111 1196 plut.

343 1245 519 1317 277:
563 1243 636 1314 οἱ
681 1245 1151 1316 θεσιιοθέται
1191 1245 1500 1336 (rectius
1537 1247 1754 1317 ἐννέα
1795 1234 2201 1340 ἄρχοντες)
2237 1243 2376 1315 καὶ
2417 1237 2735 1326 δέκατος
2774 1231 2818 1315 o‘
2862 1267 3112 1343 γραμ-

333 1363 620 1462 ματεύς
676 1364 1045 1464 κληροῦσι
1101 1361 1285 1452 τούς
1343 1361 1712 1454 δικαστάς
1767 1362 1949 1450 τούς
2004 1363 2131 1456 τῆς
2189 1361 2423 1456 αὐτῆς
2484 1363 2729 1458 φυλῆς
2766 1371 3109 1453 ἕκαστος.

341 1493 1004 1588 (Thesmothetae,
1080 1521 1210 1569 seu
1276 1493 1524 1594 potius
1579 1519 1851 1568 novem
1906 1493 2296 1570 archontes
2355 1501 2431 1569 et
2485 1492 2811 1570 decimus
2869 1493 3113 1570 scriba

339 1629 534 1694 sorte
571 1618 836 1718 legunt
859 1618 1154 1719 judices
1191 1618 1530 1720 ejusdem
1571 1618 1808 1694 tribus
1845 1619 2245 1716 singulus.)
2320 1617 2453 1693 Et:
2514 1615 2588 1688 οἶ
2638 1619 3109 1713 θεσμοθέται

338 1744 806 1842 (ponendum
863 1740 938 1815 οἱ
993 1745 1212 1815 ἐννέα
1253 1733 1660 1837 ἄρχοντες)
1715 1735 1923 1813 κατὰ
1962 1735 2222 1834 φυλὴν
2257 1745 2577 1827 ἕκαστος
2608 1743 2747 1815 καὶ
2789 1738 3107 1827 δέκατος

339 1855 382 1938 ὁ
423 1862 907 1967 γραμματεύς
964 1867 1080 1961 (id
1118 1879 1230 1944 est
1284 1867 1358 1940 οἳ
1413 1871 1634 1940 ἐννέα
1688 1857 2060 1964 ἄρχοντες
2113 1870 2252 1940 καὶ
2302 1863 2618 1950 δέκατος
2657 1857 2702 1941 ὅ
2744 1893 3107 1977 γραμμα-

339 1989 506 2078 ιεύς
563 1989 766 2067 κατὰ
828 1987 1087 2086 φυλὴν
1144 1998 1523 2086 ἕκαστος)
1581 1989 1963 2088 ἐκλήρουν
2022 2005 2161 2071 etc.
2258 1996 2499 2094 Igitur
2571 1987 3104 2094 γραμματεύς,

337 2144 555 2218 quem
613 2117 1009 2197 archontes
1065 2119 1206 2195 sibi
1264 2119 1754 2221 adlegebant,
1813 2122 2023 2221 quasi
2082 2119 2412 2198 decimus
2451 2118 2733 2199 archon
2776 2131 2890 2196 est
2926 2146 3097 2196 con-

335 2243 786 2322 siderandus.

547 2369 843 2446 Novem
881 2370 1314 2465 archontes,
1353 2379 1776 2465 senatoreS,
1819 2369 2224 2472 euthynOS,
2266 2371 2616 2470 logistaS,
2658 2381 3105 2472 receptores,

333 2494 821 2570 certaminum
859 2497 1216 2591 arbitros,
1278 2498 1401 2595 qui
1441 2508 1637 2572 sorte
1675 2496 2164 2590 creabantur,
2223 2495 2558 2572 tributim
2594 2507 2877 2572 sumtos
2918 2496 3096 2573 fuis-

332 2647 410 2696 se
434 2678 450 2711 ,
514 2631 770 2722 aperte
809 2632 1174 2698 testantur
1212 2622 1460 2699 fontes
1496 2623 1770 2720 graeci.
1831 2622 2028 2699 Hinc
2065 2648 2202 2724 per
2238 2621 2665 2722 analogiam
2703 2620 3097 2713 conclude,

334 2743 555 2820 etiam
593 2745 968 2846 reliquos·y
1009 2747 1089 2821 in
1141 2745 1312 2846 lege
1368 2771 1534 2822 mea
1589 2756 2075 2843 memoratos,
2133 2757 2331 2824 sorte
2382 2757 2672 2823 creatos
2711 2745 3098 2845 magistra-

333 2881 489 2965 tus,
553 2897 591 2946 e
631 2869 965 2973 qualibet
1001 2870 1228 2948 fuisse
1267 2870 1488 2947 tribu.

1503 3062 1654 3146 Ad
1691 3062 1925 3145 ³85.

542 3230 822 3309 Iterum
861 3258 952 3310 ex
990 3232 1357 3332 analogia.
1419 3232 1615 3309 Nam
1653 3233 1714 3307 si
1753 3243 1947 3307 sorte
1988 3232 2217 3309 creati
2254 3232 2734 3330 magistratus
2770 3229 3097 3307 tributim

327 3356 847 3453 sumebantur,
906 3360 1241 3458 sequitur
1298 3358 1521 3434 etiam
1574 3356 1869 3433 inverse
1929 3356 2263 3432 tributim
2302 3369 2585 3434 sumtos
2624 3356 3096 3456 magistratus

325 3494 522 3557 sorte
563 3494 851 3559 creatos
891 3484 1140 3560 fuisse.
1215 3484 1331 3560 De
1373 3485 1744 3570 πωληταῖς
1783 3494 2030 3558 autem
2086 3495 2343 3583 aperte
2384 3482 2563 3560 dicit
2598 3483 3095 3584 Harpocratio

325 3600 427 3691 εἷς
467 3610 559 3680 ἐκ
596 3604 724 3694 τῆς
762 3603 1008 3699 φυλῆς
1050 3600 1386 3694 ἑκάστης.

535 3751 1075 3827 Difficultatem
1110 3750 1412 3851 pariunt
1447 3750 1990 3847 σωφρονισταί,
2032 3751 2123 3826 de
2163 3752 2431 3851 quibus
2469 3752 2791 3855 Ιοὲνὶῐῑιηει
2808 3751 2886 3826 in
2907 3752 3086 3827 Lex.

325 3873 633 3973 Seguer.
675 3902 746 3975 p.
789 3876 985 3950 301:
1044 3864 1414 3971 ἄρχοντες
1460 3876 2192 3968 χειροτονητοὶ
2234 3932 2247 3947 .
2293 3932 2308 3949 .
2353 3932 2370 3949 .
2412 3934 2429 3951 .
2471 3869 2791 3964 ἑκάστης
2846 3871 3091 3969 φυλῆς

323 3992 447 4083 εἷς.
527 3999 721 4076 Cum
773 4011 1023 4076 tamen
1077 4000 1302 4077 ceteri
1359 4015 1556 4077 sorte
1613 4002 1840 4077 creati
1897 4002 2373 4100 magistratus
2423 4028 2461 4076 e
2502 4001 2836 4101 qualibet
2890 4002 3088 4078 tribu

323 4124 632 4220 fuerint,
673 4125 799 4200 vix
839 4125 1278 4202 crediderim
1316 4128 1867 4228 sophronistas,
1903 4136 2164 4227 utpote
2205 4125 2536 4202 tributim
2573 4136 2893 4224 sumtos,
2934 4128 3082 4204 suf-

320 4250 559 4349 fragio
595 4248 819 4327 fuisse
861 4252 1157 4328 electos.

535 4372 649 4451 cf.
691 4368 758 4476 ξ.
797 4374 975 4451 374.

537 4496 906 4575 Ordinum
962 4500 1190 4577 duces
1247 4510 1320 4577 et
1372 4502 1690 4596 tribuni,
1769 4526 2219 4603 quamquam
2277 4527 2317 4577 e
2374 4502 2689 4601 singulis
2744 4503 3082 4581 tribubus

321 4624 580 4719 sumti,
638 4651 789 4700 non
847 4635 1046 4703 sorte
1105 4627 1236 4702 sed
1292 4628 1646 4725 suffragio
1706 4628 2174 4703 creabantur.
2253 4626 2500 4703 Causa
2532 4627 2613 4703 in
2652 4639 2911 4730 aperto
2950 4641 3080 4707 est.

321 4748 619 4825 Scilicet
673 4752 1005 4848 equitum
1056 4750 1133 4826 in
1189 4778 1578 4829 numerum
1635 4780 1728 4829 ex
1785 4753 1973 4850 legis
2031 4754 2495 4853 praescripto
2530 4753 2583 4828 ii
2622 4765 2835 4831 erant
2883 4758 3076 4832 refe-

320 4875 571 4970 rendi,
631 4876 755 4975 qui
814 4885 889 4950 et
941 4873 1422 4954 facultatibus
1472 4889 1546 4953 et
1584 4875 1870 4954 viribus
1908 4876 2236 4978 corporis
2272 4888 2754 4977 praestarent.
2830 4878 3079 4956 Tanto

321 4999 556 5099 magis
611 5000 847 5099 igitur
895 5012 1272 5101 praestare
1327 5000 1708 5081 debebant
1763 5002 2245 5080 facultatibus
2296 5014 2365 5079 et
2404 5004 2686 5080 viribus
2741 5008 3077 5107 corporis
3188 5018 3196 5027 ‘

323 5126 648 5225 equitum
685 5125 1082 5228 praefecti,
1141 5151 1272 5205 seu
1311 5128 1627 5223 tribuni,
1689 5128 1889 5229 quod
1944 5130 2174 5206 tutius
2211 5129 2670 5231 probabatur
2706 5130 3079 5233 suffragiis
