<?xml version="1.0" encoding="UTF-8"?>
<!DOCTYPE html PUBLIC "-//W3C//DTD XHTML 1.0 Transitional//EN"
    "http://www.w3.org/TR/xhtml1/DTD/xhtml1-transitional.dtd">
<html xmlns="http://www.w3.org/1999/xhtml" xml:lang="en" lang="en">
 <head>
  <title>
</title>
<meta http-equiv="Content-Type" content="text/html;charset=utf-8" />
  <meta name='ocr-system' content='tesseract 3.04.00' />
  <meta name='ocr-capabilities' content='ocr_page ocr_carea ocr_par ocr_line ocrx_word'/>
</head>
<body>
  <div class='ocr_page' id='page_1' title='image "./synaggtnattiknn01tlgoog_0587.png"; bbox 0 0 3725 5850; ppageno 0'>
   <div class='ocr_carea' id='block_1_1' title="bbox 1088 362 3061 445">
    <p class='ocr_par' dir='ltr' id='par_1_1' title="bbox 1088 362 3061 445">
     <span class='ocr_line' id='line_1_1' title="bbox 1088 362 3061 445; baseline -0.003 -4"><span class='ocrx_word' id='word_1_1' title='bbox 1088 389 1707 445; x_wconf 70' lang='lat' dir='ltr'><strong>commem-Aluus</strong></span> <span class='ocrx_word' id='word_1_2' title='bbox 1748 390 1851 441; x_wconf 76' lang='lat' dir='ltr'><strong>An</strong></span> <span class='ocrx_word' id='word_1_3' title='bbox 1901 384 2060 441; x_wconf 81' lang='lat'><strong>1124.</strong></span> <span class='ocrx_word' id='word_1_4' title='bbox 2103 384 2262 441; x_wconf 81' lang='lat'><strong>1125.</strong></span> <span class='ocrx_word' id='word_1_5' title='bbox 2915 362 3061 437; x_wconf 82' lang='lat'><strong>561</strong></span> 
     </span>
    </p>
   </div>
   <div class='ocr_carea' id='block_1_2' title="bbox 1450 576 1910 660">
    <p class='ocr_par' dir='ltr' id='par_1_2' title="bbox 1450 576 1910 660">
     <span class='ocr_line' id='line_1_2' title="bbox 1450 576 1910 660; baseline -0.002 0"><span class='ocrx_word' id='word_1_6' title='bbox 1450 576 1602 660; x_wconf 73' lang='lat' dir='ltr'><strong>Ad</strong></span> <span class='ocrx_word' id='word_1_7' title='bbox 1642 577 1910 659; x_wconf 79' lang='lat' dir='ltr'><strong>u24.</strong></span> 
     </span>
    </p>
   </div>
   <div class='ocr_carea' id='block_1_3' title="bbox 285 715 3068 1575">
    <p class='ocr_par' dir='ltr' id='par_1_3' title="bbox 286 715 3068 1073">
     <span class='ocr_line' id='line_1_3' title="bbox 502 715 3065 819; baseline -0.001 -23"><span class='ocrx_word' id='word_1_8' title='bbox 502 722 888 798; x_wconf 85' lang='lat' dir='ltr'><strong>Demosth.</strong></span> <span class='ocrx_word' id='word_1_9' title='bbox 930 750 989 798; x_wconf 93' lang='lat' dir='ltr'><strong>c.</strong></span> <span class='ocrx_word' id='word_1_10' title='bbox 1036 723 1474 800; x_wconf 89' lang='lat' dir='ltr'><strong>Aristocrat.</strong></span> <span class='ocrx_word' id='word_1_11' title='bbox 1518 725 1711 799; x_wconf 82' lang='lat'>634:</span> <span class='ocrx_word' id='word_1_12' title='bbox 1752 721 1908 798; x_wconf 79' lang='grc' dir='ltr'><strong>τῶν</strong></span> <span class='ocrx_word' id='word_1_13' title='bbox 1943 726 2034 795; x_wconf 77' lang='grc' dir='ltr'><strong>ἐκ</strong></span> <span class='ocrx_word' id='word_1_14' title='bbox 2073 724 2438 819; x_wconf 75' lang='grc' dir='ltr'><strong><em>προνοίας</em></strong></span> <span class='ocrx_word' id='word_1_15' title='bbox 2477 715 3065 813; x_wconf 79' lang='grc' dir='ltr'><strong><em>(ἀποκτιννύν-</em></strong></span> 
     </span>
     <span class='ocr_line' id='line_1_4' title="bbox 286 839 3068 944; baseline 0.003 -29"><span class='ocrx_word' id='word_1_16' title='bbox 286 848 483 937; x_wconf 84' lang='grc' dir='ltr'><strong><em>των)</em></strong></span> <span class='ocrx_word' id='word_1_17' title='bbox 525 840 967 941; x_wconf 79' lang='grc' dir='ltr'><em>δεδήμευται</em></span> <span class='ocrx_word' id='word_1_18' title='bbox 1009 844 1101 919; x_wconf 79' lang='grc' dir='ltr'><strong>τά</strong></span> <span class='ocrx_word' id='word_1_19' title='bbox 1146 839 1361 924; x_wconf 79' lang='grc' dir='ltr'><strong><em>ὅντα.</em></strong></span> <span class='ocrx_word' id='word_1_20' title='bbox 1423 850 1609 943; x_wconf 84' lang='lat' dir='ltr'><strong>(Qui</strong></span> <span class='ocrx_word' id='word_1_21' title='bbox 1649 849 1987 927; x_wconf 87' lang='lat' dir='ltr'><strong>consulto</strong></span> <span class='ocrx_word' id='word_1_22' title='bbox 2029 849 2335 925; x_wconf 88' lang='lat' dir='ltr'><strong>caedem</strong></span> <span class='ocrx_word' id='word_1_23' title='bbox 2373 850 2734 944; x_wconf 87' lang='lat' dir='ltr'><strong>fecerunt,</strong></span> <span class='ocrx_word' id='word_1_24' title='bbox 2768 847 3068 926; x_wconf 88' lang='lat' dir='ltr'><strong>illorum</strong></span> 
     </span>
     <span class='ocr_line' id='line_1_5' title="bbox 288 973 1060 1073; baseline 0.004 -26"><span class='ocrx_word' id='word_1_25' title='bbox 288 996 478 1073; x_wconf 87' lang='lat' dir='ltr'><strong>opes</strong></span> <span class='ocrx_word' id='word_1_26' title='bbox 516 973 1060 1072; x_wconf 82' lang='lat' dir='ltr'>publicantur.)</span> 
     </span>
    </p>

    <p class='ocr_par' dir='ltr' id='par_1_4' title="bbox 285 1095 3067 1575">
     <span class='ocr_line' id='line_1_6' title="bbox 505 1095 3063 1201; baseline -0 -28"><span class='ocrx_word' id='word_1_27' title='bbox 505 1095 771 1175; x_wconf 87' lang='lat' dir='ltr'><strong>Suidas</strong></span> <span class='ocrx_word' id='word_1_28' title='bbox 809 1128 863 1175; x_wconf 91' lang='lat' dir='ltr'><strong>s.</strong></span> <span class='ocrx_word' id='word_1_29' title='bbox 900 1127 966 1175; x_wconf 89' lang='lat' dir='ltr'><strong>v.</strong></span> <span class='ocrx_word' id='word_1_30' title='bbox 1006 1096 1366 1191; x_wconf 79' lang='grc' dir='ltr'><strong><em>κύφωνες</em></strong></span> <span class='ocrx_word' id='word_1_31' title='bbox 1390 1128 1413 1171; x_wconf 89' lang='grc'><strong>.·</strong></span> <span class='ocrx_word' id='word_1_32' title='bbox 1451 1102 1656 1201; x_wconf 80' lang='lat' dir='ltr'><strong>ligna</strong></span> <span class='ocrx_word' id='word_1_33' title='bbox 1694 1125 1882 1201; x_wconf 85' lang='lat' dir='ltr'><strong>quae</strong></span> <span class='ocrx_word' id='word_1_34' title='bbox 1923 1100 2338 1177; x_wconf 87' lang='lat' dir='ltr'><strong>cervicibus</strong></span> <span class='ocrx_word' id='word_1_35' title='bbox 2376 1099 2897 1177; x_wconf 85' lang='lat' dir='ltr'><strong>damnatorum</strong></span> <span class='ocrx_word' id='word_1_36' title='bbox 2931 1097 3063 1173; x_wconf 88' lang='lat' dir='ltr'><strong>im-</strong></span> 
     </span>
     <span class='ocr_line' id='line_1_7' title="bbox 285 1219 3067 1326; baseline -0 -29"><span class='ocrx_word' id='word_1_37' title='bbox 285 1233 671 1324; x_wconf 86' lang='lat' dir='ltr'><strong>ponuntur</strong></span> <span class='ocrx_word' id='word_1_38' title='bbox 691 1282 709 1316; x_wconf 95' lang='lat'><strong>,</strong></span> <span class='ocrx_word' id='word_1_39' title='bbox 764 1250 858 1299; x_wconf 90' lang='lat' dir='ltr'><strong>ne</strong></span> <span class='ocrx_word' id='word_1_40' title='bbox 917 1236 1143 1326; x_wconf 86' lang='lat' dir='ltr'><strong>caput</strong></span> <span class='ocrx_word' id='word_1_41' title='bbox 1196 1227 1481 1326; x_wconf 87' lang='lat' dir='ltr'><strong>erigere</strong></span> <span class='ocrx_word' id='word_1_42' title='bbox 1538 1226 1847 1325; x_wconf 80' lang='lat' dir='ltr'><strong>possint.</strong></span> <span class='ocrx_word' id='word_1_43' title='bbox 1927 1219 2227 1316; x_wconf 77' lang='grc' dir='ltr'><strong><em>Κύφων</em></strong></span> <span class='ocrx_word' id='word_1_44' title='bbox 2283 1251 2462 1300; x_wconf 86' lang='lat' dir='ltr'><strong>vero</strong></span> <span class='ocrx_word' id='word_1_45' title='bbox 2521 1236 2632 1301; x_wconf 88' lang='lat' dir='ltr'><strong>est</strong></span> <span class='ocrx_word' id='word_1_46' title='bbox 2688 1223 3067 1299; x_wconf 87' lang='lat' dir='ltr'><strong>vinculum</strong></span> 
     </span>
     <span class='ocr_line' id='line_1_8' title="bbox 285 1343 3067 1451; baseline -0.001 -28"><span class='ocrx_word' id='word_1_47' title='bbox 285 1348 641 1446; x_wconf 84' lang='lat' dir='ltr'><strong>ligneum,</strong></span> <span class='ocrx_word' id='word_1_48' title='bbox 679 1350 881 1451; x_wconf 90' lang='lat' dir='ltr'><strong>quod</strong></span> <span class='ocrx_word' id='word_1_49' title='bbox 918 1349 1042 1425; x_wconf 87' lang='lat' dir='ltr'><strong>alii</strong></span> <span class='ocrx_word' id='word_1_50' title='bbox 1079 1350 1381 1450; x_wconf 90' lang='lat' dir='ltr'><strong>quidem</strong></span> <span class='ocrx_word' id='word_1_51' title='bbox 1418 1343 1725 1443; x_wconf 79' lang='grc' dir='ltr'><strong><em>κλοιὸν,</em></strong></span> <span class='ocrx_word' id='word_1_52' title='bbox 1764 1350 1890 1425; x_wconf 89' lang='lat' dir='ltr'><strong>alii</strong></span> <span class='ocrx_word' id='word_1_53' title='bbox 1930 1377 2110 1426; x_wconf 88' lang='lat' dir='ltr'><strong>vero</strong></span> <span class='ocrx_word' id='word_1_54' title='bbox 2149 1343 2432 1421; x_wconf 81' lang='grc' dir='ltr'><strong><em>καλιὸν</em></strong></span> <span class='ocrx_word' id='word_1_55' title='bbox 2471 1359 2765 1425; x_wconf 84' lang='lat' dir='ltr'><strong>vocant.</strong></span> <span class='ocrx_word' id='word_1_56' title='bbox 2803 1348 3067 1423; x_wconf 87' lang='lat' dir='ltr'><strong>Dictus</strong></span> 
     </span>
     <span class='ocr_line' id='line_1_9' title="bbox 288 1471 2956 1575; baseline 0 -28"><span class='ocrx_word' id='word_1_57' title='bbox 288 1485 535 1549; x_wconf 86' lang='lat' dir='ltr'><strong>autem</strong></span> <span class='ocrx_word' id='word_1_58' title='bbox 573 1485 685 1551; x_wconf 86' lang='lat' dir='ltr'><strong>est</strong></span> <span class='ocrx_word' id='word_1_59' title='bbox 727 1476 823 1551; x_wconf 89' lang='lat' dir='ltr'><strong>ab</strong></span> <span class='ocrx_word' id='word_1_60' title='bbox 862 1498 951 1551; x_wconf 90' lang='lat' dir='ltr'><strong>eo</strong></span> <span class='ocrx_word' id='word_1_61' title='bbox 992 1475 1189 1575; x_wconf 89' lang='lat' dir='ltr'><strong>quod</strong></span> <span class='ocrx_word' id='word_1_62' title='bbox 1232 1485 1343 1553; x_wconf 87' lang='lat' dir='ltr'><strong>est</strong></span> <span class='ocrx_word' id='word_1_63' title='bbox 1378 1471 1712 1567; x_wconf 79' lang='grc' dir='ltr'><strong><em>κύφειν,</em></strong></span> <span class='ocrx_word' id='word_1_64' title='bbox 1772 1474 1972 1574; x_wconf 90' lang='lat' dir='ltr'><strong>quod</strong></span> <span class='ocrx_word' id='word_1_65' title='bbox 2010 1477 2296 1551; x_wconf 85' lang='lat' dir='ltr'><strong>vinctos</strong></span> <span class='ocrx_word' id='word_1_66' title='bbox 2337 1499 2696 1551; x_wconf 83' lang='lat' dir='ltr'><strong>cernuare</strong></span> <span class='ocrx_word' id='word_1_67' title='bbox 2735 1473 2956 1571; x_wconf 84' lang='lat' dir='ltr'><strong>cogit.</strong></span> 
     </span>
    </p>
   </div>
   <div class='ocr_carea' id='block_1_4' title="bbox 1456 1685 1910 1773">
    <p class='ocr_par' dir='ltr' id='par_1_5' title="bbox 1456 1685 1910 1773">
     <span class='ocr_line' id='line_1_10' title="bbox 1456 1685 1910 1773; baseline -0.018 1"><span class='ocrx_word' id='word_1_68' title='bbox 1456 1685 1613 1773; x_wconf 73' lang='lat' dir='ltr'><strong>Ad</strong></span> <span class='ocrx_word' id='word_1_69' title='bbox 1642 1686 1910 1772; x_wconf 72' lang='lat'><strong>1125.</strong></span> 
     </span>
    </p>
   </div>
   <div class='ocr_carea' id='block_1_5' title="bbox 284 1842 3074 5297">
    <p class='ocr_par' dir='ltr' id='par_1_6' title="bbox 284 1842 3069 2831">
     <span class='ocr_line' id='line_1_11' title="bbox 506 1842 3068 1953; baseline -0.002 -26"><span class='ocrx_word' id='word_1_70' title='bbox 506 1852 725 1927; x_wconf 84' lang='lat' dir='ltr'><strong>Plato</strong></span> <span class='ocrx_word' id='word_1_71' title='bbox 762 1854 941 1953; x_wconf 81' lang='lat' dir='ltr'><strong>Leg.</strong></span> <span class='ocrx_word' id='word_1_72' title='bbox 982 1855 1163 1949; x_wconf 85' lang='lat'><strong>869,</strong></span> <span class='ocrx_word' id='word_1_73' title='bbox 1202 1852 1303 1931; x_wconf 83' lang='lat' dir='ltr'><strong>C:</strong></span> <span class='ocrx_word' id='word_1_74' title='bbox 1360 1853 1660 1925; x_wconf 78' lang='grc' dir='ltr'><strong><em>κείσθω</em></strong></span> <span class='ocrx_word' id='word_1_75' title='bbox 1702 1846 1791 1939; x_wconf 80' lang='grc' dir='ltr'><strong>δή</strong></span> <span class='ocrx_word' id='word_1_76' title='bbox 1833 1846 1942 1946; x_wconf 77' lang='grc' dir='ltr'><strong>τῷ</strong></span> <span class='ocrx_word' id='word_1_77' title='bbox 1983 1855 2264 1947; x_wconf 79' lang='grc' dir='ltr'><strong><em>πατέρα</em></strong></span> <span class='ocrx_word' id='word_1_78' title='bbox 2301 1842 2346 1937; x_wconf 77' lang='grc' dir='ltr'>ἢ</span> <span class='ocrx_word' id='word_1_79' title='bbox 2372 1852 2656 1948; x_wconf 79' lang='grc' dir='ltr'><strong><em>μητέρα</em></strong></span> <span class='ocrx_word' id='word_1_80' title='bbox 2695 1843 3068 1921; x_wconf 81' lang='grc' dir='ltr'><strong><em>ἀποκτεί-</em></strong></span> 
     </span>
     <span class='ocr_line' id='line_1_12' title="bbox 294 1968 3068 2077; baseline 0.001 -30"><span class='ocrx_word' id='word_1_81' title='bbox 294 1999 515 2047; x_wconf 85' lang='grc' dir='ltr'><strong><em>ναντι</em></strong></span> <span class='ocrx_word' id='word_1_82' title='bbox 558 1975 793 2073; x_wconf 73' lang='grc' dir='ltr'>θυμῷ</span> <span class='ocrx_word' id='word_1_83' title='bbox 834 1974 1173 2063; x_wconf 78' lang='grc' dir='ltr'><strong><em>θάνατος</em></strong></span> <span class='ocrx_word' id='word_1_84' title='bbox 1214 1968 1254 2067; x_wconf 80' lang='grc' dir='ltr'><em>ἦ</em></span> <span class='ocrx_word' id='word_1_85' title='bbox 1302 1979 1553 2073; x_wconf 80' lang='grc' dir='ltr'><strong><em>ζημία.</em></strong></span> <span class='ocrx_word' id='word_1_86' title='bbox 1610 1980 1709 2053; x_wconf 83' lang='lat' dir='ltr'><strong>Et</strong></span> <span class='ocrx_word' id='word_1_87' title='bbox 1744 1976 1952 2055; x_wconf 84' lang='lat' dir='ltr'><strong>addit</strong></span> <span class='ocrx_word' id='word_1_88' title='bbox 1991 1975 2211 2070; x_wconf 80' lang='lat'><strong>(873,</strong></span> <span class='ocrx_word' id='word_1_89' title='bbox 2255 1976 2572 2069; x_wconf 79' lang='lat' dir='ltr'><strong>A—B):</strong></span> <span class='ocrx_word' id='word_1_90' title='bbox 2613 1978 2738 2077; x_wconf 92' lang='lat' dir='ltr'><strong>qui</strong></span> <span class='ocrx_word' id='word_1_91' title='bbox 2777 1988 3068 2077; x_wconf 85' lang='lat' dir='ltr'><strong>patrem</strong></span> 
     </span>
     <span class='ocr_line' id='line_1_13' title="bbox 293 2100 3066 2206; baseline 0 -32"><span class='ocrx_word' id='word_1_92' title='bbox 293 2100 415 2175; x_wconf 85' lang='lat' dir='ltr'><strong>vel</strong></span> <span class='ocrx_word' id='word_1_93' title='bbox 452 2113 765 2179; x_wconf 88' lang='lat' dir='ltr'><strong>matrem</strong></span> <span class='ocrx_word' id='word_1_94' title='bbox 804 2105 923 2180; x_wconf 86' lang='lat' dir='ltr'><strong>vel</strong></span> <span class='ocrx_word' id='word_1_95' title='bbox 960 2105 1223 2181; x_wconf 87' lang='lat' dir='ltr'><strong>fratres</strong></span> <span class='ocrx_word' id='word_1_96' title='bbox 1262 2105 1385 2180; x_wconf 88' lang='lat' dir='ltr'><strong>vel</strong></span> <span class='ocrx_word' id='word_1_97' title='bbox 1419 2103 1695 2206; x_wconf 74' lang='lat' dir='ltr'><strong>liberos</strong></span> <span class='ocrx_word' id='word_1_98' title='bbox 1734 2102 2076 2177; x_wconf 91' lang='lat' dir='ltr'><strong>consulto</strong></span> <span class='ocrx_word' id='word_1_99' title='bbox 2113 2101 2469 2177; x_wconf 86' lang='lat' dir='ltr'><strong>occidisse</strong></span> <span class='ocrx_word' id='word_1_100' title='bbox 2517 2103 2894 2203; x_wconf 87' lang='lat' dir='ltr'><strong>judicatus</strong></span> <span class='ocrx_word' id='word_1_101' title='bbox 2933 2112 3066 2196; x_wconf 87' lang='lat' dir='ltr'><strong>est,</strong></span> 
     </span>
     <span class='ocr_line' id='line_1_14' title="bbox 284 2227 3066 2329; baseline 0.001 -28"><span class='ocrx_word' id='word_1_102' title='bbox 284 2227 620 2326; x_wconf 89' lang='lat' dir='ltr'><strong>judicum</strong></span> <span class='ocrx_word' id='word_1_103' title='bbox 659 2230 973 2305; x_wconf 89' lang='lat' dir='ltr'><strong>ministri</strong></span> <span class='ocrx_word' id='word_1_104' title='bbox 1014 2242 1089 2306; x_wconf 91' lang='lat' dir='ltr'><strong>et</strong></span> <span class='ocrx_word' id='word_1_105' title='bbox 1128 2233 1605 2329; x_wconf 79' lang='lat' dir='ltr'><strong>magistratus</strong></span> <span class='ocrx_word' id='word_1_106' title='bbox 1642 2230 2128 2305; x_wconf 83' lang='lat' dir='ltr'><strong>interfectum</strong></span> <span class='ocrx_word' id='word_1_107' title='bbox 2164 2228 2240 2301; x_wconf 89' lang='lat' dir='ltr'><strong>in</strong></span> <span class='ocrx_word' id='word_1_108' title='bbox 2280 2238 2564 2303; x_wconf 87' lang='lat' dir='ltr'><strong>certum</strong></span> <span class='ocrx_word' id='word_1_109' title='bbox 2602 2230 2904 2303; x_wconf 86' lang='lat' dir='ltr'><strong>trivium</strong></span> <span class='ocrx_word' id='word_1_110' title='bbox 2941 2252 3066 2303; x_wconf 84' lang='lat' dir='ltr'><strong>ex-</strong></span> 
     </span>
     <span class='ocr_line' id='line_1_15' title="bbox 292 2354 3065 2455; baseline 0 -29"><span class='ocrx_word' id='word_1_111' title='bbox 292 2364 406 2427; x_wconf 87' lang='lat' dir='ltr'><strong>tra</strong></span> <span class='ocrx_word' id='word_1_112' title='bbox 442 2354 709 2430; x_wconf 88' lang='lat' dir='ltr'><strong>urbem</strong></span> <span class='ocrx_word' id='word_1_113' title='bbox 745 2355 1091 2455; x_wconf 89' lang='lat' dir='ltr'><strong>ejiciunto</strong></span> <span class='ocrx_word' id='word_1_114' title='bbox 1134 2356 1455 2450; x_wconf 87' lang='lat' dir='ltr'><strong>nudum,</strong></span> <span class='ocrx_word' id='word_1_115' title='bbox 1513 2354 1987 2453; x_wconf 75' lang='lat' dir='ltr'><strong>magistratus</strong></span> <span class='ocrx_word' id='word_1_116' title='bbox 2045 2364 2292 2431; x_wconf 85' lang='lat' dir='ltr'><strong>autem</strong></span> <span class='ocrx_word' id='word_1_117' title='bbox 2349 2379 2608 2431; x_wconf 86' lang='lat' dir='ltr'><strong>omnes</strong></span> <span class='ocrx_word' id='word_1_118' title='bbox 2671 2354 2897 2429; x_wconf 89' lang='lat' dir='ltr'><strong>totius</strong></span> <span class='ocrx_word' id='word_1_119' title='bbox 2938 2378 3065 2426; x_wconf 89' lang='lat' dir='ltr'><strong>no·</strong></span> 
     </span>
     <span class='ocr_line' id='line_1_16' title="bbox 294 2477 3069 2581; baseline -0.001 -28"><span class='ocrx_word' id='word_1_120' title='bbox 294 2477 493 2553; x_wconf 86' lang='lat' dir='ltr'><strong>mine</strong></span> <span class='ocrx_word' id='word_1_121' title='bbox 547 2480 908 2575; x_wconf 86' lang='lat' dir='ltr'><strong>civitatis,</strong></span> <span class='ocrx_word' id='word_1_122' title='bbox 982 2481 1307 2581; x_wconf 79' lang='lat' dir='ltr'>lapidem</span> <span class='ocrx_word' id='word_1_123' title='bbox 1364 2480 1673 2579; x_wconf 88' lang='lat' dir='ltr'><strong>quisque</strong></span> <span class='ocrx_word' id='word_1_124' title='bbox 1733 2479 1984 2554; x_wconf 88' lang='lat' dir='ltr'><strong>ferens</strong></span> <span class='ocrx_word' id='word_1_125' title='bbox 2041 2478 2120 2553; x_wconf 90' lang='lat' dir='ltr'><strong>in</strong></span> <span class='ocrx_word' id='word_1_126' title='bbox 2175 2490 2402 2579; x_wconf 88' lang='lat' dir='ltr'><strong>caput</strong></span> <span class='ocrx_word' id='word_1_127' title='bbox 2459 2480 2729 2555; x_wconf 88' lang='lat' dir='ltr'><strong>mortui</strong></span> <span class='ocrx_word' id='word_1_128' title='bbox 2786 2478 3069 2579; x_wconf 90' lang='lat' dir='ltr'><strong>injicito</strong></span> 
     </span>
     <span class='ocr_line' id='line_1_17' title="bbox 294 2600 3066 2705; baseline 0 -28"><span class='ocrx_word' id='word_1_129' title='bbox 294 2612 515 2701; x_wconf 86' lang='lat' dir='ltr'><strong>atque</strong></span> <span class='ocrx_word' id='word_1_130' title='bbox 552 2604 657 2679; x_wconf 86' lang='lat' dir='ltr'><strong>ita</strong></span> <span class='ocrx_word' id='word_1_131' title='bbox 693 2616 929 2680; x_wconf 86' lang='lat' dir='ltr'><strong>totam</strong></span> <span class='ocrx_word' id='word_1_132' title='bbox 982 2605 1361 2681; x_wconf 90' lang='lat' dir='ltr'><strong>civitatem</strong></span> <span class='ocrx_word' id='word_1_133' title='bbox 1418 2605 1761 2705; x_wconf 84' lang='lat' dir='ltr'><strong>expiat0,</strong></span> <span class='ocrx_word' id='word_1_134' title='bbox 1822 2603 2088 2679; x_wconf 85' lang='lat' dir='ltr'><strong>deinde</strong></span> <span class='ocrx_word' id='word_1_135' title='bbox 2139 2603 2234 2678; x_wconf 79' lang='lat' dir='ltr'><strong>ad</strong></span> <span class='ocrx_word' id='word_1_136' title='bbox 2275 2608 2462 2679; x_wconf 90' lang='lat' dir='ltr'><strong>fines</strong></span> <span class='ocrx_word' id='word_1_137' title='bbox 2501 2604 2831 2702; x_wconf 83' lang='lat' dir='ltr'><strong>regionis</strong></span> <span class='ocrx_word' id='word_1_138' title='bbox 2871 2600 3066 2677; x_wconf 88' lang='lat' dir='ltr'><strong>dela-</strong></span> 
     </span>
     <span class='ocr_line' id='line_1_18' title="bbox 293 2728 1355 2831; baseline 0.004 -32"><span class='ocrx_word' id='word_1_139' title='bbox 293 2738 447 2801; x_wconf 84' lang='lat' dir='ltr'><strong>tum</strong></span> <span class='ocrx_word' id='word_1_140' title='bbox 488 2728 840 2828; x_wconf 84' lang='lat' dir='ltr'><strong>ejiciunto</strong></span> <span class='ocrx_word' id='word_1_141' title='bbox 880 2730 1355 2831; x_wconf 90' lang='lat' dir='ltr'><strong>insepultum.</strong></span> 
     </span>
    </p>

    <p class='ocr_par' dir='ltr' id='par_1_7' title="bbox 287 2804 3073 4584">
     <span class='ocr_line' id='line_1_19' title="bbox 508 2804 3072 2955; baseline 0.001 -27"><span class='ocrx_word' id='word_1_142' title='bbox 508 2852 769 2929; x_wconf 83' lang='lat' dir='ltr'><strong>Cicero</strong></span> <span class='ocrx_word' id='word_1_143' title='bbox 825 2881 962 2955; x_wconf 92' lang='lat' dir='ltr'><strong>pro</strong></span> <span class='ocrx_word' id='word_1_144' title='bbox 1014 2853 1183 2932; x_wconf 85' lang='lat' dir='ltr'><strong>Sex.</strong></span> <span class='ocrx_word' id='word_1_145' title='bbox 1233 2853 1504 2930; x_wconf 89' lang='lat' dir='ltr'><strong>Roscio</strong></span> <span class='ocrx_word' id='word_1_146' title='bbox 1550 2804 1898 2930; x_wconf 83' lang='lat' dir='ltr'><strong>Amerino</strong></span> <span class='ocrx_word' id='word_1_147' title='bbox 1937 2851 2184 2948; x_wconf 89' lang='lat' dir='ltr'><strong>XXV,</strong></span> <span class='ocrx_word' id='word_1_148' title='bbox 2224 2852 2366 2927; x_wconf 84' lang='lat'><strong>70:</strong></span> <span class='ocrx_word' id='word_1_149' title='bbox 2429 2853 3072 2951; x_wconf 86' lang='lat' dir='ltr'><strong>„Prudentissima</strong></span> 
     </span>
     <span class='ocr_line' id='line_1_20' title="bbox 294 2978 3068 3080; baseline 0.001 -28"><span class='ocrx_word' id='word_1_150' title='bbox 294 2979 559 3054; x_wconf 83' lang='lat' dir='ltr'><strong>civitas</strong></span> <span class='ocrx_word' id='word_1_151' title='bbox 615 2978 1221 3076; x_wconf 80' lang='lat' dir='ltr'><strong>Atheniensium,</strong></span> <span class='ocrx_word' id='word_1_152' title='bbox 1280 2981 1453 3055; x_wconf 91' lang='lat' dir='ltr'><strong>dum</strong></span> <span class='ocrx_word' id='word_1_153' title='bbox 1517 3006 1601 3054; x_wconf 86' lang='lat' dir='ltr'><strong>ea</strong></span> <span class='ocrx_word' id='word_1_154' title='bbox 1658 3004 1906 3054; x_wconf 90' lang='lat' dir='ltr'><strong>rerum</strong></span> <span class='ocrx_word' id='word_1_155' title='bbox 1963 2980 2198 3080; x_wconf 80' lang='lat' dir='ltr'><strong>potita</strong></span> <span class='ocrx_word' id='word_1_156' title='bbox 2257 2992 2406 3075; x_wconf 91' lang='lat' dir='ltr'><strong>est,</strong></span> <span class='ocrx_word' id='word_1_157' title='bbox 2466 2981 2694 3056; x_wconf 87' lang='lat' dir='ltr'><strong>fuisse</strong></span> <span class='ocrx_word' id='word_1_158' title='bbox 2731 2981 3068 3058; x_wconf 82' lang='lat' dir='ltr'><strong>traditur.</strong></span> 
     </span>
     <span class='ocr_line' id='line_1_21' title="bbox 294 3039 3070 3207; baseline 0 -27"><span class='ocrx_word' id='word_1_159' title='bbox 294 3105 473 3205; x_wconf 87' lang='lat' dir='ltr'><strong>Ejus</strong></span> <span class='ocrx_word' id='word_1_160' title='bbox 527 3131 749 3206; x_wconf 91' lang='lat' dir='ltr'><strong>porro</strong></span> <span class='ocrx_word' id='word_1_161' title='bbox 808 3106 1125 3182; x_wconf 81' lang='lat' dir='ltr'><strong>civitatis</strong></span> <span class='ocrx_word' id='word_1_162' title='bbox 1184 3105 1811 3207; x_wconf 87' lang='lat' dir='ltr'><strong>sapientissimum</strong></span> <span class='ocrx_word' id='word_1_163' title='bbox 1870 3105 2124 3180; x_wconf 87' lang='lat' dir='ltr'><strong>dicunt</strong></span> <span class='ocrx_word' id='word_1_164' title='bbox 2174 3039 2528 3181; x_wconf 78' lang='lat' dir='ltr'><strong>Soloiiem</strong></span> <span class='ocrx_word' id='word_1_165' title='bbox 2569 3107 2795 3183; x_wconf 89' lang='lat' dir='ltr'><strong>fuisse</strong></span> <span class='ocrx_word' id='word_1_166' title='bbox 2826 3163 2844 3197; x_wconf 91' lang='lat'><strong>,</strong></span> <span class='ocrx_word' id='word_1_167' title='bbox 2901 3132 3070 3182; x_wconf 91' lang='lat' dir='ltr'><strong>eum</strong></span> 
     </span>
     <span class='ocr_line' id='line_1_22' title="bbox 294 3230 3069 3333; baseline 0.001 -29"><span class='ocrx_word' id='word_1_168' title='bbox 294 3231 421 3328; x_wconf 92' lang='lat' dir='ltr'><strong>qui</strong></span> <span class='ocrx_word' id='word_1_169' title='bbox 458 3230 704 3328; x_wconf 86' lang='lat' dir='ltr'><strong>leges,</strong></span> <span class='ocrx_word' id='word_1_170' title='bbox 766 3233 1035 3331; x_wconf 89' lang='lat' dir='ltr'><strong>quibus</strong></span> <span class='ocrx_word' id='word_1_171' title='bbox 1073 3231 1292 3307; x_wconf 90' lang='lat' dir='ltr'><strong>hodie</strong></span> <span class='ocrx_word' id='word_1_172' title='bbox 1343 3257 1637 3330; x_wconf 90' lang='lat' dir='ltr'><strong>quoque</strong></span> <span class='ocrx_word' id='word_1_173' title='bbox 1696 3240 2042 3324; x_wconf 88' lang='lat' dir='ltr'><strong>utuntur,</strong></span> <span class='ocrx_word' id='word_1_174' title='bbox 2103 3231 2500 3329; x_wconf 82' lang='lat' dir='ltr'><strong>scripserit.</strong></span> <span class='ocrx_word' id='word_1_175' title='bbox 2579 3233 2652 3309; x_wconf 91' lang='lat' dir='ltr'><strong>Is</strong></span> <span class='ocrx_word' id='word_1_176' title='bbox 2691 3258 2923 3333; x_wconf 91' lang='lat' dir='ltr'><strong>quum</strong></span> <span class='ocrx_word' id='word_1_177' title='bbox 2957 3233 3069 3306; x_wconf 92' lang='lat' dir='ltr'><strong>in-</strong></span> 
     </span>
     <span class='ocr_line' id='line_1_23' title="bbox 290 3354 3064 3460; baseline 0.001 -31"><span class='ocrx_word' id='word_1_178' title='bbox 290 3367 837 3456; x_wconf 85' lang='lat' dir='ltr'><strong>terrogaretur,</strong></span> <span class='ocrx_word' id='word_1_179' title='bbox 879 3383 1012 3432; x_wconf 89' lang='lat' dir='ltr'><strong>cur</strong></span> <span class='ocrx_word' id='word_1_180' title='bbox 1048 3358 1333 3433; x_wconf 92' lang='lat' dir='ltr'><strong>nullum</strong></span> <span class='ocrx_word' id='word_1_181' title='bbox 1373 3355 1816 3460; x_wconf 89' lang='lat' dir='ltr'><strong>supplicium</strong></span> <span class='ocrx_word' id='word_1_182' title='bbox 1858 3354 2364 3432; x_wconf 87' lang='lat' dir='ltr'><strong>constituisset</strong></span> <span class='ocrx_word' id='word_1_183' title='bbox 2400 3357 2477 3431; x_wconf 91' lang='lat' dir='ltr'><strong>in</strong></span> <span class='ocrx_word' id='word_1_184' title='bbox 2519 3383 2729 3454; x_wconf 91' lang='lat' dir='ltr'><strong>eum,</strong></span> <span class='ocrx_word' id='word_1_185' title='bbox 2773 3358 2898 3458; x_wconf 91' lang='lat' dir='ltr'><strong>qui</strong></span> <span class='ocrx_word' id='word_1_186' title='bbox 2936 3382 3064 3458; x_wconf 86' lang='lat' dir='ltr'><strong>pa-</strong></span> 
     </span>
     <span class='ocr_line' id='line_1_24' title="bbox 291 3481 3068 3584; baseline 0.001 -30"><span class='ocrx_word' id='word_1_187' title='bbox 291 3492 583 3558; x_wconf 86' lang='lat' dir='ltr'><strong>rentem</strong></span> <span class='ocrx_word' id='word_1_188' title='bbox 621 3493 997 3579; x_wconf 83' lang='lat' dir='ltr'><strong>necasset,</strong></span> <span class='ocrx_word' id='word_1_189' title='bbox 1057 3482 1435 3584; x_wconf 88' lang='lat' dir='ltr'><strong>respondit</strong></span> <span class='ocrx_word' id='word_1_190' title='bbox 1481 3508 1560 3557; x_wconf 89' lang='lat' dir='ltr'><strong>se</strong></span> <span class='ocrx_word' id='word_1_191' title='bbox 1599 3482 1673 3556; x_wconf 88' lang='lat' dir='ltr'><strong>id</strong></span> <span class='ocrx_word' id='word_1_192' title='bbox 1714 3482 2092 3556; x_wconf 87' lang='lat' dir='ltr'><strong>neminem</strong></span> <span class='ocrx_word' id='word_1_193' title='bbox 2132 3482 2502 3559; x_wconf 85' lang='lat' dir='ltr'><strong>facturum</strong></span> <span class='ocrx_word' id='word_1_194' title='bbox 2541 3495 2860 3583; x_wconf 80' lang='lat' dir='ltr'><strong>putasse.</strong></span> <span class='ocrx_word' id='word_1_195' title='bbox 2937 3481 3068 3558; x_wconf 84' lang='lat' dir='ltr'><strong>Sa-</strong></span> 
     </span>
     <span class='ocr_line' id='line_1_25' title="bbox 290 3604 3072 3708; baseline 0.002 -31"><span class='ocrx_word' id='word_1_196' title='bbox 290 3604 586 3704; x_wconf 89' lang='lat' dir='ltr'><strong>pienter</strong></span> <span class='ocrx_word' id='word_1_197' title='bbox 642 3607 905 3684; x_wconf 86' lang='lat' dir='ltr'><strong>fecisse</strong></span> <span class='ocrx_word' id='word_1_198' title='bbox 962 3605 1268 3704; x_wconf 90' lang='lat' dir='ltr'><strong>dicitur,</strong></span> <span class='ocrx_word' id='word_1_199' title='bbox 1328 3633 1559 3706; x_wconf 91' lang='lat' dir='ltr'><strong>quum</strong></span> <span class='ocrx_word' id='word_1_200' title='bbox 1616 3605 1709 3682; x_wconf 92' lang='lat' dir='ltr'><strong>de</strong></span> <span class='ocrx_word' id='word_1_201' title='bbox 1768 3632 1856 3682; x_wconf 86' lang='lat' dir='ltr'><strong>eo</strong></span> <span class='ocrx_word' id='word_1_202' title='bbox 1919 3605 2104 3681; x_wconf 86' lang='lat' dir='ltr'><strong>nihil</strong></span> <span class='ocrx_word' id='word_1_203' title='bbox 2161 3608 2530 3703; x_wconf 80' lang='lat' dir='ltr'><strong>sanxerit,</strong></span> <span class='ocrx_word' id='word_1_204' title='bbox 2589 3607 2792 3708; x_wconf 92' lang='lat' dir='ltr'><strong>quod</strong></span> <span class='ocrx_word' id='word_1_205' title='bbox 2849 3618 3072 3683; x_wconf 86' lang='lat' dir='ltr'><strong>antea</strong></span> 
     </span>
     <span class='ocr_line' id='line_1_26' title="bbox 293 3729 3067 3832; baseline 0 -28"><span class='ocrx_word' id='word_1_206' title='bbox 293 3733 773 3808; x_wconf 87' lang='lat' dir='ltr'><strong>commissum</strong></span> <span class='ocrx_word' id='word_1_207' title='bbox 811 3760 961 3808; x_wconf 88' lang='lat' dir='ltr'><strong>non</strong></span> <span class='ocrx_word' id='word_1_208' title='bbox 997 3747 1193 3829; x_wconf 86' lang='lat' dir='ltr'><strong>erat,</strong></span> <span class='ocrx_word' id='word_1_209' title='bbox 1255 3759 1349 3808; x_wconf 90' lang='lat' dir='ltr'><strong>ne</strong></span> <span class='ocrx_word' id='word_1_210' title='bbox 1408 3757 1559 3810; x_wconf 88' lang='lat' dir='ltr'><strong>non</strong></span> <span class='ocrx_word' id='word_1_211' title='bbox 1613 3743 1771 3806; x_wconf 85' lang='lat' dir='ltr'><strong>tam</strong></span> <span class='ocrx_word' id='word_1_212' title='bbox 1814 3729 2214 3830; x_wconf 90' lang='lat' dir='ltr'><strong>prohibere</strong></span> <span class='ocrx_word' id='word_1_213' title='bbox 2255 3757 2479 3832; x_wconf 88' lang='lat' dir='ltr'><strong>quam</strong></span> <span class='ocrx_word' id='word_1_214' title='bbox 2517 3735 2922 3810; x_wconf 87' lang='lat' dir='ltr'><strong>admonere</strong></span> <span class='ocrx_word' id='word_1_215' title='bbox 2961 3731 3067 3804; x_wconf 89' lang='lat' dir='ltr'><strong>vi-</strong></span> 
     </span>
     <span class='ocr_line' id='line_1_27' title="bbox 292 3854 3068 3956; baseline 0 -26"><span class='ocrx_word' id='word_1_216' title='bbox 292 3854 611 3931; x_wconf 87' lang='lat' dir='ltr'><strong>deretur.</strong></span> <span class='ocrx_word' id='word_1_217' title='bbox 690 3857 985 3949; x_wconf 84' lang='lat' dir='ltr'><strong>Quanto</strong></span> <span class='ocrx_word' id='word_1_218' title='bbox 1043 3858 1275 3933; x_wconf 88' lang='lat' dir='ltr'><strong>nostri</strong></span> <span class='ocrx_word' id='word_1_219' title='bbox 1336 3858 1651 3956; x_wconf 88' lang='lat' dir='ltr'><strong>majores</strong></span> <span class='ocrx_word' id='word_1_220' title='bbox 1708 3854 2127 3956; x_wconf 87' lang='lat' dir='ltr'><strong>sapientius</strong></span> <span class='ocrx_word' id='word_1_221' title='bbox 2152 3856 2189 3931; x_wconf 81' lang='lat'><strong>⁶?</strong></span> <span class='ocrx_word' id='word_1_222' title='bbox 2244 3859 2370 3956; x_wconf 90' lang='lat' dir='ltr'><strong>qui</strong></span> <span class='ocrx_word' id='word_1_223' title='bbox 2427 3884 2658 3956; x_wconf 89' lang='lat' dir='ltr'><strong>quum</strong></span> <span class='ocrx_word' id='word_1_224' title='bbox 2701 3856 3068 3956; x_wconf 80' lang='lat' dir='ltr'><strong>intellige-</strong></span> 
     </span>
     <span class='ocr_line' id='line_1_28' title="bbox 291 3981 3068 4080; baseline 0 -25"><span class='ocrx_word' id='word_1_225' title='bbox 291 3993 461 4056; x_wconf 85' lang='lat' dir='ltr'><strong>rent</strong></span> <span class='ocrx_word' id='word_1_226' title='bbox 497 3981 681 4056; x_wconf 89' lang='lat' dir='ltr'><strong>nihil</strong></span> <span class='ocrx_word' id='word_1_227' title='bbox 720 4008 881 4058; x_wconf 90' lang='lat' dir='ltr'><strong>esse</strong></span> <span class='ocrx_word' id='word_1_228' title='bbox 919 3996 1070 4059; x_wconf 85' lang='lat' dir='ltr'><strong>tam</strong></span> <span class='ocrx_word' id='word_1_229' title='bbox 1109 3993 1475 4072; x_wconf 85' lang='lat' dir='ltr'><strong>sanctum,</strong></span> <span class='ocrx_word' id='word_1_230' title='bbox 1519 3981 1715 4080; x_wconf 91' lang='lat' dir='ltr'><strong>quod</strong></span> <span class='ocrx_word' id='word_1_231' title='bbox 1758 4007 1912 4055; x_wconf 90' lang='lat' dir='ltr'><strong>non</strong></span> <span class='ocrx_word' id='word_1_232' title='bbox 1950 3981 2349 4079; x_wconf 87' lang='lat' dir='ltr'><strong>aliquando</strong></span> <span class='ocrx_word' id='word_1_233' title='bbox 2391 3982 2706 4059; x_wconf 85' lang='lat' dir='ltr'><strong>violaret</strong></span> <span class='ocrx_word' id='word_1_234' title='bbox 2743 3981 3068 4072; x_wconf 84' lang='lat' dir='ltr'><strong>audacia,</strong></span> 
     </span>
     <span class='ocr_line' id='line_1_29' title="bbox 290 4105 3068 4208; baseline 0 -28"><span class='ocrx_word' id='word_1_235' title='bbox 290 4105 741 4208; x_wconf 88' lang='lat' dir='ltr'><strong>supplicium</strong></span> <span class='ocrx_word' id='word_1_236' title='bbox 778 4107 855 4182; x_wconf 90' lang='lat' dir='ltr'><strong>in</strong></span> <span class='ocrx_word' id='word_1_237' title='bbox 894 4108 1295 4208; x_wconf 86' lang='lat' dir='ltr'><strong>parricidas</strong></span> <span class='ocrx_word' id='word_1_238' title='bbox 1333 4108 1709 4207; x_wconf 85' lang='lat' dir='ltr'><strong>singulare</strong></span> <span class='ocrx_word' id='word_1_239' title='bbox 1750 4107 2387 4206; x_wconf 86' lang='lat' dir='ltr'><strong>excogitaverunt,</strong></span> <span class='ocrx_word' id='word_1_240' title='bbox 2433 4116 2534 4201; x_wconf 90' lang='lat' dir='ltr'><strong>ut,</strong></span> <span class='ocrx_word' id='word_1_241' title='bbox 2575 4133 2760 4207; x_wconf 90' lang='lat' dir='ltr'><strong>quos</strong></span> <span class='ocrx_word' id='word_1_242' title='bbox 2799 4117 3068 4182; x_wconf 86' lang='lat' dir='ltr'><strong>natura</strong></span> 
     </span>
     <span class='ocr_line' id='line_1_30' title="bbox 289 4231 3069 4334; baseline 0.001 -30"><span class='ocrx_word' id='word_1_243' title='bbox 289 4232 458 4330; x_wconf 88' lang='lat' dir='ltr'><strong>ipsa</strong></span> <span class='ocrx_word' id='word_1_244' title='bbox 494 4231 809 4308; x_wconf 86' lang='lat' dir='ltr'><strong>retinere</strong></span> <span class='ocrx_word' id='word_1_245' title='bbox 847 4231 926 4308; x_wconf 89' lang='lat' dir='ltr'><strong>in</strong></span> <span class='ocrx_word' id='word_1_246' title='bbox 966 4234 1210 4311; x_wconf 86' lang='lat' dir='ltr'><strong>officio</strong></span> <span class='ocrx_word' id='word_1_247' title='bbox 1268 4261 1423 4310; x_wconf 87' lang='lat' dir='ltr'><strong>non</strong></span> <span class='ocrx_word' id='word_1_248' title='bbox 1478 4233 1884 4334; x_wconf 86' lang='lat' dir='ltr'><strong>potuisset,</strong></span> <span class='ocrx_word' id='word_1_249' title='bbox 1942 4232 2456 4330; x_wconf 82' lang='lat' dir='ltr'><strong>magnitudine</strong></span> <span class='ocrx_word' id='word_1_250' title='bbox 2504 4258 2795 4333; x_wconf 84' lang='lat' dir='ltr'><strong>poenae</strong></span> <span class='ocrx_word' id='word_1_251' title='bbox 2835 4258 2882 4308; x_wconf 87' lang='lat' dir='ltr'><strong>a</strong></span> <span class='ocrx_word' id='word_1_252' title='bbox 2917 4255 3069 4306; x_wconf 84' lang='lat' dir='ltr'><strong>ma-</strong></span> 
     </span>
     <span class='ocr_line' id='line_1_31' title="bbox 287 4355 3073 4457; baseline 0.001 -27"><span class='ocrx_word' id='word_1_253' title='bbox 287 4355 527 4433; x_wconf 90' lang='lat' dir='ltr'><strong>leficis</strong></span> <span class='ocrx_word' id='word_1_254' title='bbox 564 4372 1225 4436; x_wconf 85' lang='lat' dir='ltr'><strong>summoverentur.</strong></span> <span class='ocrx_word' id='word_1_255' title='bbox 1300 4359 1506 4436; x_wconf 90' lang='lat' dir='ltr'><strong>Insui</strong></span> <span class='ocrx_word' id='word_1_256' title='bbox 1548 4358 1948 4434; x_wconf 89' lang='lat' dir='ltr'><strong>voluerunt</strong></span> <span class='ocrx_word' id='word_1_257' title='bbox 1985 4356 2062 4431; x_wconf 92' lang='lat' dir='ltr'><strong>in</strong></span> <span class='ocrx_word' id='word_1_258' title='bbox 2101 4357 2418 4434; x_wconf 92' lang='lat' dir='ltr'><strong>culleum</strong></span> <span class='ocrx_word' id='word_1_259' title='bbox 2455 4360 2667 4436; x_wconf 89' lang='lat' dir='ltr'><strong>vivos</strong></span> <span class='ocrx_word' id='word_1_260' title='bbox 2705 4369 2928 4457; x_wconf 90' lang='lat' dir='ltr'><strong>atque</strong></span> <span class='ocrx_word' id='word_1_261' title='bbox 2969 4357 3073 4434; x_wconf 81' lang='lat' dir='ltr'><strong>ita</strong></span> 
     </span>
     <span class='ocr_line' id='line_1_32' title="bbox 291 4481 1019 4584; baseline 0.007 -31"><span class='ocrx_word' id='word_1_262' title='bbox 291 4482 369 4554; x_wconf 91' lang='lat' dir='ltr'><strong>in</strong></span> <span class='ocrx_word' id='word_1_263' title='bbox 408 4483 689 4559; x_wconf 89' lang='lat' dir='ltr'><strong>flumen</strong></span> <span class='ocrx_word' id='word_1_264' title='bbox 730 4481 1019 4584; x_wconf 86' lang='lat' dir='ltr'><strong>dejici.“</strong></span> 
     </span>
    </p>

    <p class='ocr_par' dir='ltr' id='par_1_8' title="bbox 294 4605 3072 4958">
     <span class='ocr_line' id='line_1_33' title="bbox 510 4605 3072 4702; baseline -0 -17"><span class='ocrx_word' id='word_1_265' title='bbox 510 4605 784 4685; x_wconf 80' lang='lat' dir='ltr'><strong>Auctor</strong></span> <span class='ocrx_word' id='word_1_266' title='bbox 821 4608 917 4685; x_wconf 86' lang='lat' dir='ltr'><strong>ad</strong></span> <span class='ocrx_word' id='word_1_267' title='bbox 954 4608 1415 4684; x_wconf 88' lang='lat' dir='ltr'><strong>Herennium</strong></span> <span class='ocrx_word' id='word_1_268' title='bbox 1457 4608 1555 4702; x_wconf 86' lang='lat'><strong>(1,</strong></span> <span class='ocrx_word' id='word_1_269' title='bbox 1602 4607 1721 4700; x_wconf 82' lang='lat'><strong>13,</strong></span> <span class='ocrx_word' id='word_1_270' title='bbox 1766 4606 1910 4700; x_wconf 86' lang='lat'><strong>23)</strong></span> <span class='ocrx_word' id='word_1_271' title='bbox 1968 4609 2147 4682; x_wconf 88' lang='lat' dir='ltr'><strong>citat</strong></span> <span class='ocrx_word' id='word_1_272' title='bbox 2193 4608 2389 4684; x_wconf 85' lang='lat' dir='ltr'><strong>hanc</strong></span> <span class='ocrx_word' id='word_1_273' title='bbox 2426 4609 2932 4688; x_wconf 86' lang='lat' dir='ltr'><strong>Romanorum</strong></span> <span class='ocrx_word' id='word_1_274' title='bbox 2970 4608 3072 4684; x_wconf 92' lang='lat' dir='ltr'><strong>le-</strong></span> 
     </span>
     <span class='ocr_line' id='line_1_34' title="bbox 294 4732 3071 4833; baseline -0.001 -25"><span class='ocrx_word' id='word_1_275' title='bbox 294 4754 509 4833; x_wconf 83' lang='lat' dir='ltr'><strong>gem:</strong></span> <span class='ocrx_word' id='word_1_276' title='bbox 567 4734 694 4830; x_wconf 91' lang='lat' dir='ltr'><strong>qui</strong></span> <span class='ocrx_word' id='word_1_277' title='bbox 733 4747 1119 4833; x_wconf 87' lang='lat' dir='ltr'><strong>parentem</strong></span> <span class='ocrx_word' id='word_1_278' title='bbox 1159 4759 1465 4810; x_wconf 86' lang='lat' dir='ltr'><strong>necasse</strong></span> <span class='ocrx_word' id='word_1_279' title='bbox 1513 4732 1894 4832; x_wconf 87' lang='lat' dir='ltr'><strong>judicatus</strong></span> <span class='ocrx_word' id='word_1_280' title='bbox 1936 4733 2112 4826; x_wconf 90' lang='lat' dir='ltr'><strong>erit,</strong></span> <span class='ocrx_word' id='word_1_281' title='bbox 2174 4745 2253 4808; x_wconf 91' lang='lat' dir='ltr'><strong>ut</strong></span> <span class='ocrx_word' id='word_1_282' title='bbox 2291 4733 2351 4807; x_wconf 88' lang='lat' dir='ltr'><strong>is</strong></span> <span class='ocrx_word' id='word_1_283' title='bbox 2393 4733 2788 4812; x_wconf 86' lang='lat' dir='ltr'><strong>obvolutus</strong></span> <span class='ocrx_word' id='word_1_284' title='bbox 2827 4745 2902 4812; x_wconf 91' lang='lat' dir='ltr'><strong>et</strong></span> <span class='ocrx_word' id='word_1_285' title='bbox 2941 4733 3071 4808; x_wconf 89' lang='lat' dir='ltr'><strong>ob-</strong></span> 
     </span>
     <span class='ocr_line' id='line_1_35' title="bbox 294 4858 1927 4958; baseline -0.001 -25"><span class='ocrx_word' id='word_1_286' title='bbox 294 4858 567 4958; x_wconf 85' lang='lat' dir='ltr'><strong>ligatus</strong></span> <span class='ocrx_word' id='word_1_287' title='bbox 606 4860 810 4934; x_wconf 90' lang='lat' dir='ltr'><strong>corio</strong></span> <span class='ocrx_word' id='word_1_288' title='bbox 851 4859 1261 4936; x_wconf 87' lang='lat' dir='ltr'><strong>devehatur</strong></span> <span class='ocrx_word' id='word_1_289' title='bbox 1298 4859 1377 4932; x_wconf 90' lang='lat' dir='ltr'><strong>in</strong></span> <span class='ocrx_word' id='word_1_290' title='bbox 1413 4859 1927 4958; x_wconf 87' lang='lat' dir='ltr'><strong>profluentem.</strong></span> 
     </span>
    </p>

    <p class='ocr_par' dir='ltr' id='par_1_9' title="bbox 300 4977 3074 5206">
     <span class='ocr_line' id='line_1_36' title="bbox 512 4977 3074 5086; baseline -0.002 -28"><span class='ocrx_word' id='word_1_291' title='bbox 512 4983 855 5060; x_wconf 89' lang='lat' dir='ltr'><strong>Dosithei</strong></span> <span class='ocrx_word' id='word_1_292' title='bbox 910 4984 1244 5085; x_wconf 85' lang='lat' dir='ltr'><strong>Magistr.</strong></span> <span class='ocrx_word' id='word_1_293' title='bbox 1302 4984 1613 5060; x_wconf 83' lang='lat' dir='ltr'><strong>Adriani</strong></span> <span class='ocrx_word' id='word_1_294' title='bbox 1670 4980 2007 5059; x_wconf 85' lang='lat' dir='ltr'><strong>Sentent.</strong></span> <span class='ocrx_word' id='word_1_295' title='bbox 2083 4980 2356 5084; x_wconf 73' lang='lat'><strong>§.162</strong></span> <span class='ocrx_word' id='word_1_296' title='bbox 2427 4979 2780 5086; x_wconf 78' lang='grc' dir='ltr'><strong><em>Ἐγένετο</em></strong></span> <span class='ocrx_word' id='word_1_297' title='bbox 2838 4977 3074 5078; x_wconf 78' lang='grc' dir='ltr'><strong><em>νόμος</em></strong></span> 
     </span>
     <span class='ocr_line' id='line_1_37' title="bbox 300 5100 3074 5206; baseline 0.002 -28"><span class='ocrx_word' id='word_1_298' title='bbox 300 5103 892 5206; x_wconf 76' lang='grc' dir='ltr'><strong><em>τοιουτότροπος</em></strong></span> <span class='ocrx_word' id='word_1_299' title='bbox 948 5105 1183 5182; x_wconf 81' lang='grc' dir='ltr'><strong><em>πᾶσιν</em></strong></span> <span class='ocrx_word' id='word_1_300' title='bbox 1240 5103 1727 5206; x_wconf 75' lang='grc' dir='ltr'><strong><em>ἀνθρώποις,</em></strong></span> <span class='ocrx_word' id='word_1_301' title='bbox 1782 5100 1990 5193; x_wconf 80' lang='grc' dir='ltr'><strong><em>ὅπως</em></strong></span> <span class='ocrx_word' id='word_1_302' title='bbox 2052 5101 2263 5192; x_wconf 81' lang='grc' dir='ltr'><strong><em>ὅστις</em></strong></span> <span class='ocrx_word' id='word_1_303' title='bbox 2316 5111 2891 5206; x_wconf 77' lang='grc' dir='ltr'><strong><em>πατροκτονίαν</em></strong></span> <span class='ocrx_word' id='word_1_304' title='bbox 2941 5137 3074 5191; x_wconf 76' lang='grc' dir='ltr'><strong>πε,-</strong></span> 
     </span>
    </p>

    <p class='ocr_par' dir='ltr' id='par_1_10' title="bbox 2567 5233 2652 5297">
     <span class='ocr_line' id='line_1_38' title="bbox 2567 5233 2652 5297; baseline 0 0"><span class='ocrx_word' id='word_1_305' title='bbox 2567 5233 2652 5297; x_wconf 86' lang='grc'><strong>36</strong></span> 
     </span>
    </p>
   </div>
  </div>
 </body>
</html>
