<?xml version="1.0" encoding="UTF-8"?>
<!DOCTYPE html PUBLIC "-//W3C//DTD XHTML 1.0 Transitional//EN"
    "http://www.w3.org/TR/xhtml1/DTD/xhtml1-transitional.dtd">
<html xmlns="http://www.w3.org/1999/xhtml" xml:lang="en" lang="en">
 <head>
  <title>
</title>
<meta http-equiv="Content-Type" content="text/html;charset=utf-8" />
  <meta name='ocr-system' content='tesseract 3.04.00' />
  <meta name='ocr-capabilities' content='ocr_page ocr_carea ocr_par ocr_line ocrx_word'/>
</head>
<body>
  <div class='ocr_page' id='page_1' title='image "./synaggtnattiknn01tlgoog_0490.png"; bbox 0 0 3725 5850; ppageno 0'>
   <div class='ocr_carea' id='block_1_1' title="bbox 784 450 2883 549">
    <p class='ocr_par' dir='ltr' id='par_1_1' title="bbox 784 450 2883 549">
     <span class='ocr_line' id='line_1_1' title="bbox 784 450 2883 549; baseline 0 -20"><span class='ocrx_word' id='word_1_1' title='bbox 784 450 941 529; x_wconf 81' lang='lat'>464</span> <span class='ocrx_word' id='word_1_2' title='bbox 1462 476 2080 531; x_wconf 69' lang='lat' dir='ltr'>comnswmmus</span> <span class='ocrx_word' id='word_1_3' title='bbox 2115 476 2222 527; x_wconf 73' lang='lat' dir='ltr'>An</span> <span class='ocrx_word' id='word_1_4' title='bbox 2261 472 2390 527; x_wconf 81' lang='lat'>316.</span> <span class='ocrx_word' id='word_1_5' title='bbox 2425 472 2553 529; x_wconf 82' lang='lat'>319.</span> <span class='ocrx_word' id='word_1_6' title='bbox 2591 470 2718 549; x_wconf 64' lang='grc' dir='ltr'><strong>βτί.</strong></span> <span class='ocrx_word' id='word_1_7' title='bbox 2757 472 2883 529; x_wconf 85' lang='lat'>322.</span> 
     </span>
    </p>
   </div>
   <div class='ocr_carea' id='block_1_2' title="bbox 782 665 3541 1020">
    <p class='ocr_par' dir='ltr' id='par_1_2' title="bbox 782 665 3541 1020">
     <span class='ocr_line' id='line_1_2' title="bbox 782 665 3541 769; baseline -0.002 -20"><span class='ocrx_word' id='word_1_8' title='bbox 782 670 1231 749; x_wconf 87' lang='lat' dir='ltr'>catoriorum</span> <span class='ocrx_word' id='word_1_9' title='bbox 1284 695 1437 747; x_wconf 91' lang='lat' dir='ltr'>non</span> <span class='ocrx_word' id='word_1_10' title='bbox 1492 668 1822 769; x_wconf 60' lang='lat' dir='ltr'>coegerit</span> <span class='ocrx_word' id='word_1_11' title='bbox 1877 666 2288 745; x_wconf 86' lang='lat' dir='ltr'>vendentes</span> <span class='ocrx_word' id='word_1_12' title='bbox 2347 667 2460 745; x_wconf 89' lang='lat' dir='ltr'>his</span> <span class='ocrx_word' id='word_1_13' title='bbox 2517 667 2884 745; x_wconf 81' lang='lat' dir='ltr'>mensuris</span> <span class='ocrx_word' id='word_1_14' title='bbox 2959 677 3036 745; x_wconf 89' lang='lat' dir='ltr'>et</span> <span class='ocrx_word' id='word_1_15' title='bbox 3097 665 3541 769; x_wconf 80' lang='lat' dir='ltr'>ponderibus</span> 
     </span>
     <span class='ocr_line' id='line_1_3' title="bbox 782 792 3535 895; baseline -0.002 -23"><span class='ocrx_word' id='word_1_16' title='bbox 782 796 921 892; x_wconf 85' lang='lat' dir='ltr'>uti,</span> <span class='ocrx_word' id='word_1_17' title='bbox 980 796 1224 873; x_wconf 88' lang='lat' dir='ltr'>solvat</span> <span class='ocrx_word' id='word_1_18' title='bbox 1260 794 1459 873; x_wconf 91' lang='lat' dir='ltr'>mille</span> <span class='ocrx_word' id='word_1_19' title='bbox 1496 794 1884 872; x_wconf 79' lang='lat' dir='ltr'><strong>drachmas</strong></span> <span class='ocrx_word' id='word_1_20' title='bbox 1904 848 1923 887; x_wconf 90' lang='lat'>‚</span> <span class='ocrx_word' id='word_1_21' title='bbox 1961 792 2217 871; x_wconf 83' lang='lat' dir='ltr'>Cereri</span> <span class='ocrx_word' id='word_1_22' title='bbox 2256 804 2332 871; x_wconf 88' lang='lat' dir='ltr'>et</span> <span class='ocrx_word' id='word_1_23' title='bbox 2369 794 2866 895; x_wconf 75' lang='lat' dir='ltr'>Proserpinae</span> <span class='ocrx_word' id='word_1_24' title='bbox 2905 818 3178 873; x_wconf 85' lang='lat' dir='ltr'>sacras.</span> <span class='ocrx_word' id='word_1_25' title='bbox 3231 792 3535 871; x_wconf 85' lang='lat' dir='ltr'>Senatus</span> 
     </span>
     <span class='ocr_line' id='line_1_4' title="bbox 786 919 3536 1020; baseline -0.002 -23"><span class='ocrx_word' id='word_1_26' title='bbox 786 946 965 998; x_wconf 88' lang='lat' dir='ltr'>vero</span> <span class='ocrx_word' id='word_1_27' title='bbox 1036 930 1551 999; x_wconf 87' lang='lat' dir='ltr'>sexcentorum</span> <span class='ocrx_word' id='word_1_28' title='bbox 1608 945 1863 999; x_wconf 87' lang='lat' dir='ltr'>curam</span> <span class='ocrx_word' id='word_1_29' title='bbox 1913 932 2132 1019; x_wconf 82' lang='lat' dir='ltr'>gerat</span> <span class='ocrx_word' id='word_1_30' title='bbox 2203 946 2298 996; x_wconf 89' lang='lat' dir='ltr'>ne</span> <span class='ocrx_word' id='word_1_31' title='bbox 2373 921 2538 1020; x_wconf 89' lang='lat' dir='ltr'>quis</span> <span class='ocrx_word' id='word_1_32' title='bbox 2612 920 2770 997; x_wconf 88' lang='lat' dir='ltr'>sive</span> <span class='ocrx_word' id='word_1_33' title='bbox 2841 919 3328 997; x_wconf 81' lang='lat' dir='ltr'>vendentium</span> <span class='ocrx_word' id='word_1_34' title='bbox 3399 920 3536 994; x_wconf 81' lang='lat' dir='ltr'>sive</span> 
     </span>
    </p>
   </div>
   <div class='ocr_carea' id='block_1_3' title="bbox 786 1039 3308 1274">
    <p class='ocr_par' dir='ltr' id='par_1_3' title="bbox 786 1039 3308 1274">
     <span class='ocr_line' id='line_1_5' title="bbox 786 1039 3308 1148; baseline 0 -27"><span class='ocrx_word' id='word_1_35' title='bbox 786 1046 1187 1121; x_wconf 87' lang='lat' dir='ltr'>ementium</span> <span class='ocrx_word' id='word_1_36' title='bbox 1226 1070 1575 1124; x_wconf 85' lang='lat' dir='ltr'>mensura</span> <span class='ocrx_word' id='word_1_37' title='bbox 1610 1073 1767 1123; x_wconf 89' lang='lat' dir='ltr'>non</span> <span class='ocrx_word' id='word_1_38' title='bbox 1806 1045 2129 1148; x_wconf 87' lang='lat' dir='ltr'>probata</span> <span class='ocrx_word' id='word_1_39' title='bbox 2165 1039 2671 1141; x_wconf 81' lang='grc' dir='ltr'><strong><em>(ἀσυμβλὴτῳ</em></strong></span> <span class='ocrx_word' id='word_1_40' title='bbox 2697 1046 2995 1145; x_wconf 77' lang='grc' dir='ltr'><strong><em>μέτρῳ)</em></strong></span> <span class='ocrx_word' id='word_1_41' title='bbox 3035 1056 3308 1123; x_wconf 83' lang='lat' dir='ltr'>utatur.</span> 
     </span>
     <span class='ocr_line' id='line_1_6' title="bbox 1002 1170 3025 1274; baseline 0.001 -29"><span class='ocrx_word' id='word_1_42' title='bbox 1002 1170 1530 1266; x_wconf 87' lang='lat' dir='ltr'>(Boeckhii</span> <span class='ocrx_word' id='word_1_43' title='bbox 1588 1172 1866 1274; x_wconf 85' lang='lat' dir='ltr'>Corp.</span> <span class='ocrx_word' id='word_1_44' title='bbox 1923 1170 2380 1272; x_wconf 80' lang='lat' dir='ltr'>inscript.</span> <span class='ocrx_word' id='word_1_45' title='bbox 2435 1197 2568 1271; x_wconf 84' lang='lat' dir='ltr'>gr.</span> <span class='ocrx_word' id='word_1_46' title='bbox 2627 1172 2758 1249; x_wconf 90' lang='lat' dir='ltr'>Nr.</span> <span class='ocrx_word' id='word_1_47' title='bbox 2801 1171 3025 1265; x_wconf 84' lang='lat'>123.)</span> 
     </span>
    </p>
   </div>
   <div class='ocr_carea' id='block_1_4' title="bbox 1956 1381 2376 1465">
    <p class='ocr_par' dir='ltr' id='par_1_4' title="bbox 1956 1381 2376 1465">
     <span class='ocr_line' id='line_1_7' title="bbox 1956 1381 2376 1465; baseline -0.002 -1"><span class='ocrx_word' id='word_1_48' title='bbox 1956 1381 2108 1464; x_wconf 75' lang='lat' dir='ltr'>Ad</span> <span class='ocrx_word' id='word_1_49' title='bbox 2163 1383 2376 1465; x_wconf 78' lang='grc'><strong>316.</strong></span> 
     </span>
    </p>
   </div>
   <div class='ocr_carea' id='block_1_5' title="bbox 782 1538 3528 1777">
    <p class='ocr_par' dir='ltr' id='par_1_5' title="bbox 782 1538 3528 1777">
     <span class='ocr_line' id='line_1_8' title="bbox 998 1538 3528 1647; baseline -0.003 -20"><span class='ocrx_word' id='word_1_50' title='bbox 998 1550 1397 1627; x_wconf 83' lang='lat' dir='ltr'>Curatores</span> <span class='ocrx_word' id='word_1_51' title='bbox 1450 1548 1833 1625; x_wconf 85' lang='lat' dir='ltr'>navalium</span> <span class='ocrx_word' id='word_1_52' title='bbox 1890 1559 2252 1625; x_wconf 85' lang='lat' dir='ltr'>vocantur</span> <span class='ocrx_word' id='word_1_53' title='bbox 2307 1550 2528 1627; x_wconf 87' lang='lat' dir='ltr'>etiam</span> <span class='ocrx_word' id='word_1_54' title='bbox 2586 1538 2948 1647; x_wconf 76' lang='grc' dir='ltr'><strong><em>ἄρξαντες</em></strong></span> <span class='ocrx_word' id='word_1_55' title='bbox 3005 1552 3094 1623; x_wconf 76' lang='grc' dir='ltr'>ἐν</span> <span class='ocrx_word' id='word_1_56' title='bbox 3149 1554 3304 1633; x_wconf 86' lang='grc' dir='ltr'><strong><em>τοῖς</em></strong></span> <span class='ocrx_word' id='word_1_57' title='bbox 3363 1574 3528 1620; x_wconf 78' lang='grc' dir='ltr'><strong><em>νεω-</em></strong></span> 
     </span>
     <span class='ocr_line' id='line_1_9' title="bbox 782 1672 3204 1777; baseline 0.002 -31"><span class='ocrx_word' id='word_1_58' title='bbox 782 1674 992 1771; x_wconf 80' lang='grc' dir='ltr'><strong><em>ρίοις.</em></strong></span> <span class='ocrx_word' id='word_1_59' title='bbox 1047 1674 1417 1769; x_wconf 85' lang='lat' dir='ltr'>(Boeckh.</span> <span class='ocrx_word' id='word_1_60' title='bbox 1461 1672 1807 1751; x_wconf 88' lang='lat' dir='ltr'>Urkund.</span> <span class='ocrx_word' id='word_1_61' title='bbox 1842 1674 2036 1753; x_wconf 83' lang='lat' dir='ltr'>iiber</span> <span class='ocrx_word' id='word_1_62' title='bbox 2073 1674 2144 1751; x_wconf 91' lang='lat' dir='ltr'>d.</span> <span class='ocrx_word' id='word_1_63' title='bbox 2187 1674 2606 1771; x_wconf 85' lang='lat' dir='ltr'>Seewesen‚</span> <span class='ocrx_word' id='word_1_64' title='bbox 2644 1703 2718 1777; x_wconf 87' lang='lat' dir='ltr'>p.</span> <span class='ocrx_word' id='word_1_65' title='bbox 2758 1676 2938 1773; x_wconf 83' lang='lat'>378,</span> <span class='ocrx_word' id='word_1_66' title='bbox 2983 1675 3204 1767; x_wconf 85' lang='grc'><strong>125.)</strong></span> 
     </span>
    </p>
   </div>
   <div class='ocr_carea' id='block_1_6' title="bbox 778 1808 3526 2296">
    <p class='ocr_par' dir='ltr' id='par_1_6' title="bbox 778 1808 3526 2296">
     <span class='ocr_line' id='line_1_10' title="bbox 994 1808 3526 1918; baseline -0.003 -25"><span class='ocrx_word' id='word_1_67' title='bbox 994 1817 1273 1895; x_wconf 80' lang='lat' dir='ltr'>Lexica</span> <span class='ocrx_word' id='word_1_68' title='bbox 1310 1816 1611 1917; x_wconf 86' lang='lat' dir='ltr'>Seguer.</span> <span class='ocrx_word' id='word_1_69' title='bbox 1654 1843 1723 1918; x_wconf 91' lang='lat' dir='ltr'>p.</span> <span class='ocrx_word' id='word_1_70' title='bbox 1765 1816 1964 1893; x_wconf 83' lang='lat'>303:</span> <span class='ocrx_word' id='word_1_71' title='bbox 2022 1812 2576 1907; x_wconf 79' lang='grc' dir='ltr'><strong><em>Σκευοθῆκαι·</em></strong></span> <span class='ocrx_word' id='word_1_72' title='bbox 2633 1813 2866 1901; x_wconf 83' lang='grc' dir='ltr'><strong><em>τόπος</em></strong></span> <span class='ocrx_word' id='word_1_73' title='bbox 2923 1808 3128 1890; x_wconf 84' lang='grc' dir='ltr'><strong><em>ὅπου</em></strong></span> <span class='ocrx_word' id='word_1_74' title='bbox 3184 1811 3276 1889; x_wconf 87' lang='grc' dir='ltr'><strong><em>τά</em></strong></span> <span class='ocrx_word' id='word_1_75' title='bbox 3313 1810 3526 1903; x_wconf 75' lang='grc' dir='ltr'><strong><em>σκεύη</em></strong></span> 
     </span>
     <span class='ocr_line' id='line_1_11' title="bbox 781 1931 3526 2042; baseline -0.002 -26"><span class='ocrx_word' id='word_1_76' title='bbox 781 1937 1195 2019; x_wconf 74' lang='grc' dir='ltr'><strong><em>ἀπετίθετο</em></strong></span> <span class='ocrx_word' id='word_1_77' title='bbox 1254 1939 1411 2017; x_wconf 75' lang='grc' dir='ltr'><strong><em>τῶν</em></strong></span> <span class='ocrx_word' id='word_1_78' title='bbox 1469 1937 1855 2034; x_wconf 79' lang='grc' dir='ltr'><em>δημοσίων</em></span> <span class='ocrx_word' id='word_1_79' title='bbox 1911 1938 2274 2041; x_wconf 81' lang='grc' dir='ltr'><strong><em>τριήρων,</em></strong></span> <span class='ocrx_word' id='word_1_80' title='bbox 2331 1931 2446 2017; x_wconf 73' lang='grc' dir='ltr'>ὦν</span> <span class='ocrx_word' id='word_1_81' title='bbox 2502 1940 3010 2042; x_wconf 76' lang='grc' dir='ltr'><strong><em>ἐπεμελοῦντο</em></strong></span> <span class='ocrx_word' id='word_1_82' title='bbox 3055 1942 3129 2016; x_wconf 79' lang='grc' dir='ltr'>οἱ</span> <span class='ocrx_word' id='word_1_83' title='bbox 3167 1940 3322 2015; x_wconf 79' lang='grc' dir='ltr'><strong><em>τῶν</em></strong></span> <span class='ocrx_word' id='word_1_84' title='bbox 3355 1970 3526 2015; x_wconf 86' lang='grc' dir='ltr'><strong><em>νεω-</em></strong></span> 
     </span>
     <span class='ocr_line' id='line_1_12' title="bbox 783 2060 3524 2169; baseline 0 -27"><span class='ocrx_word' id='word_1_85' title='bbox 783 2072 971 2167; x_wconf 82' lang='grc' dir='ltr'><strong><em>ρίων</em></strong></span> <span class='ocrx_word' id='word_1_86' title='bbox 1028 2060 1416 2167; x_wconf 74' lang='grc' dir='ltr'><strong><em>ἄρχοντες.</em></strong></span> <span class='ocrx_word' id='word_1_87' title='bbox 1495 2067 2176 2163; x_wconf 77' lang='lat' dir='ltr'>(Armamentariaz</span> <span class='ocrx_word' id='word_1_88' title='bbox 2227 2069 2432 2148; x_wconf 89' lang='lat' dir='ltr'>locus</span> <span class='ocrx_word' id='word_1_89' title='bbox 2491 2068 2615 2147; x_wconf 93' lang='lat' dir='ltr'>ubi</span> <span class='ocrx_word' id='word_1_90' title='bbox 2675 2070 3171 2147; x_wconf 87' lang='lat' dir='ltr'>instrumenta</span> <span class='ocrx_word' id='word_1_91' title='bbox 3223 2069 3524 2169; x_wconf 85' lang='lat' dir='ltr'>publica·</span> 
     </span>
     <span class='ocr_line' id='line_1_13' title="bbox 778 2194 3524 2296; baseline -0.001 -25"><span class='ocrx_word' id='word_1_92' title='bbox 778 2224 945 2272; x_wconf 88' lang='lat' dir='ltr'>rum</span> <span class='ocrx_word' id='word_1_93' title='bbox 982 2196 1391 2272; x_wconf 89' lang='lat' dir='ltr'>triremium</span> <span class='ocrx_word' id='word_1_94' title='bbox 1429 2195 2027 2296; x_wconf 84' lang='lat' dir='ltr'>reponebantur,</span> <span class='ocrx_word' id='word_1_95' title='bbox 2088 2221 2402 2295; x_wconf 90' lang='lat' dir='ltr'>quorum</span> <span class='ocrx_word' id='word_1_96' title='bbox 2457 2221 2711 2273; x_wconf 87' lang='lat' dir='ltr'>curam</span> <span class='ocrx_word' id='word_1_97' title='bbox 2761 2196 3146 2273; x_wconf 87' lang='lat' dir='ltr'>habebant</span> <span class='ocrx_word' id='word_1_98' title='bbox 3181 2194 3524 2271; x_wconf 86' lang='lat' dir='ltr'>navalium</span> 
     </span>
    </p>
   </div>
   <div class='ocr_carea' id='block_1_7' title="bbox 780 2322 2684 2545">
    <p class='ocr_par' dir='ltr' id='par_1_7' title="bbox 780 2322 2684 2545">
     <span class='ocr_line' id='line_1_14' title="bbox 780 2322 1320 2421; baseline 0 -24"><span class='ocrx_word' id='word_1_99' title='bbox 780 2322 1320 2421; x_wconf 84' lang='lat' dir='ltr'>magistratus.)</span> 
     </span>
     <span class='ocr_line' id='line_1_15' title="bbox 996 2443 2684 2545; baseline -0.001 -22"><span class='ocrx_word' id='word_1_100' title='bbox 996 2446 1116 2523; x_wconf 82' lang='lat' dir='ltr'>Of.</span> <span class='ocrx_word' id='word_1_101' title='bbox 1154 2443 1402 2523; x_wconf 88' lang='lat' dir='ltr'>Schol.</span> <span class='ocrx_word' id='word_1_102' title='bbox 1443 2446 1521 2521; x_wconf 90' lang='lat' dir='ltr'>in</span> <span class='ocrx_word' id='word_1_103' title='bbox 1556 2445 1941 2523; x_wconf 88' lang='lat' dir='ltr'>Demosth.</span> <span class='ocrx_word' id='word_1_104' title='bbox 1983 2444 2294 2523; x_wconf 88' lang='lat' dir='ltr'>Androt.</span> <span class='ocrx_word' id='word_1_105' title='bbox 2341 2446 2520 2545; x_wconf 91' lang='grc'><strong>612,</strong></span> <span class='ocrx_word' id='word_1_106' title='bbox 2562 2448 2684 2522; x_wconf 91' lang='grc'>21.</span> 
     </span>
    </p>
   </div>
   <div class='ocr_carea' id='block_1_8' title="bbox 778 2582 3518 2943">
    <p class='ocr_par' dir='ltr' id='par_1_8' title="bbox 778 2582 3518 2943">
     <span class='ocr_line' id='line_1_16' title="bbox 994 2582 3518 2685; baseline -0.002 -18"><span class='ocrx_word' id='word_1_107' title='bbox 994 2589 1261 2667; x_wconf 83' lang='lat' dir='ltr'>Suidas</span> <span class='ocrx_word' id='word_1_108' title='bbox 1314 2618 1373 2667; x_wconf 87' lang='lat' dir='ltr'>s.</span> <span class='ocrx_word' id='word_1_109' title='bbox 1414 2618 1483 2667; x_wconf 90' lang='lat' dir='ltr'>v.</span> <span class='ocrx_word' id='word_1_110' title='bbox 1546 2582 1837 2685; x_wconf 79' lang='grc' dir='ltr'><strong><em>Νεώρια</em></strong></span> <span class='ocrx_word' id='word_1_111' title='bbox 1899 2600 1973 2664; x_wconf 92' lang='lat' dir='ltr'>et</span> <span class='ocrx_word' id='word_1_112' title='bbox 2011 2584 2454 2666; x_wconf 72' lang='grc' dir='ltr'><strong><em>νεώσοικοιε</em></strong></span> <span class='ocrx_word' id='word_1_113' title='bbox 2514 2590 2638 2669; x_wconf 83' lang='lat' dir='ltr'>Sic</span> <span class='ocrx_word' id='word_1_114' title='bbox 2677 2590 2820 2668; x_wconf 85' lang='lat' dir='ltr'>dici</span> <span class='ocrx_word' id='word_1_115' title='bbox 2859 2590 3156 2667; x_wconf 88' lang='lat' dir='ltr'>videtur</span> <span class='ocrx_word' id='word_1_116' title='bbox 3193 2601 3386 2666; x_wconf 86' lang='lat' dir='ltr'>totus</span> <span class='ocrx_word' id='word_1_117' title='bbox 3419 2588 3518 2663; x_wconf 86' lang='lat' dir='ltr'>ille</span> 
     </span>
     <span class='ocr_line' id='line_1_17' title="bbox 778 2715 3518 2817; baseline -0.003 -24"><span class='ocrx_word' id='word_1_118' title='bbox 778 2718 1025 2813; x_wconf 85' lang='lat' dir='ltr'>locus,</span> <span class='ocrx_word' id='word_1_119' title='bbox 1082 2718 1163 2791; x_wconf 89' lang='lat' dir='ltr'>in</span> <span class='ocrx_word' id='word_1_120' title='bbox 1200 2742 1425 2816; x_wconf 90' lang='lat' dir='ltr'>quem</span> <span class='ocrx_word' id='word_1_121' title='bbox 1461 2716 1801 2793; x_wconf 87' lang='lat' dir='ltr'>triremes</span> <span class='ocrx_word' id='word_1_122' title='bbox 1838 2715 2395 2812; x_wconf 91' lang='lat' dir='ltr'>subducuntur,</span> <span class='ocrx_word' id='word_1_123' title='bbox 2455 2730 2528 2795; x_wconf 91' lang='lat' dir='ltr'>et</span> <span class='ocrx_word' id='word_1_124' title='bbox 2567 2744 2605 2793; x_wconf 91' lang='lat' dir='ltr'>e</span> <span class='ocrx_word' id='word_1_125' title='bbox 2645 2744 2792 2817; x_wconf 91' lang='lat' dir='ltr'>quo</span> <span class='ocrx_word' id='word_1_126' title='bbox 2843 2716 3150 2793; x_wconf 87' lang='lat' dir='ltr'>eaedem</span> <span class='ocrx_word' id='word_1_127' title='bbox 3187 2743 3428 2792; x_wconf 82' lang='lat' dir='ltr'>rursus</span> <span class='ocrx_word' id='word_1_128' title='bbox 3459 2716 3518 2787; x_wconf 87' lang='lat' dir='ltr'>in</span> 
     </span>
     <span class='ocr_line' id='line_1_18' title="bbox 779 2839 3053 2943; baseline 0 -26"><span class='ocrx_word' id='word_1_129' title='bbox 779 2869 981 2919; x_wconf 87' lang='lat' dir='ltr'>mare</span> <span class='ocrx_word' id='word_1_130' title='bbox 1021 2842 1523 2938; x_wconf 88' lang='lat' dir='ltr'>deducuntur,</span> <span class='ocrx_word' id='word_1_131' title='bbox 1581 2852 1664 2917; x_wconf 93' lang='lat' dir='ltr'>ut</span> <span class='ocrx_word' id='word_1_132' title='bbox 1701 2840 2092 2943; x_wconf 85' lang='lat' dir='ltr'>Lycurgus</span> <span class='ocrx_word' id='word_1_133' title='bbox 2134 2852 2209 2916; x_wconf 87' lang='lat' dir='ltr'>et</span> <span class='ocrx_word' id='word_1_134' title='bbox 2249 2839 2676 2919; x_wconf 85' lang='lat' dir='ltr'>Andocides</span> <span class='ocrx_word' id='word_1_135' title='bbox 2714 2843 3053 2919; x_wconf 90' lang='lat' dir='ltr'>innuunt.</span> 
     </span>
    </p>
   </div>
   <div class='ocr_carea' id='block_1_9' title="bbox 996 3052 2842 3320">
    <p class='ocr_par' dir='ltr' id='par_1_9' title="bbox 996 3052 2842 3320">
     <span class='ocr_line' id='line_1_19' title="bbox 1959 3052 2380 3137; baseline 0 -1"><span class='ocrx_word' id='word_1_136' title='bbox 1959 3052 2110 3136; x_wconf 74' lang='lat' dir='ltr'>Ad</span> <span class='ocrx_word' id='word_1_137' title='bbox 2167 3052 2380 3137; x_wconf 74' lang='grc'><strong>319.</strong></span> 
     </span>
     <span class='ocr_line' id='line_1_20' title="bbox 996 3219 2842 3320; baseline -0.003 -18"><span class='ocrx_word' id='word_1_138' title='bbox 996 3221 1112 3302; x_wconf 89' lang='lat' dir='ltr'>Ab</span> <span class='ocrx_word' id='word_1_139' title='bbox 1151 3221 1295 3298; x_wconf 89' lang='lat' dir='ltr'>illis</span> <span class='ocrx_word' id='word_1_140' title='bbox 1334 3219 1723 3318; x_wconf 76' lang='lat' dir='ltr'>exigebat,</span> <span class='ocrx_word' id='word_1_141' title='bbox 1783 3219 1910 3318; x_wconf 91' lang='lat' dir='ltr'>qui</span> <span class='ocrx_word' id='word_1_142' title='bbox 1949 3219 2405 3320; x_wconf 86' lang='lat' dir='ltr'>reipublicae</span> <span class='ocrx_word' id='word_1_143' title='bbox 2444 3219 2842 3298; x_wconf 89' lang='lat' dir='ltr'>debebant.</span> 
     </span>
    </p>
   </div>
   <div class='ocr_carea' id='block_1_10' title="bbox 1949 3430 2378 3516">
    <p class='ocr_par' dir='ltr' id='par_1_10' title="bbox 1949 3430 2378 3516">
     <span class='ocr_line' id='line_1_21' title="bbox 1949 3430 2378 3516; baseline 0.007 -3"><span class='ocrx_word' id='word_1_144' title='bbox 1949 3430 2101 3513; x_wconf 76' lang='lat' dir='ltr'>Ad</span> <span class='ocrx_word' id='word_1_145' title='bbox 2167 3433 2378 3516; x_wconf 84' lang='grc'><strong>321.</strong></span> 
     </span>
    </p>
   </div>
   <div class='ocr_carea' id='block_1_11' title="bbox 784 3595 3509 3827">
    <p class='ocr_par' dir='ltr' id='par_1_11' title="bbox 784 3595 3509 3827">
     <span class='ocr_line' id='line_1_22' title="bbox 995 3595 3509 3696; baseline -0.002 -21"><span class='ocrx_word' id='word_1_146' title='bbox 995 3597 1427 3675; x_wconf 84' lang='lat' dir='ltr'>Vocabatur</span> <span class='ocrx_word' id='word_1_147' title='bbox 1484 3599 1710 3675; x_wconf 86' lang='lat' dir='ltr'>etiam</span> <span class='ocrx_word' id='word_1_148' title='bbox 1766 3599 2041 3695; x_wconf 80' lang='grc' dir='ltr'><strong><em>ταμίας</em></strong></span> <span class='ocrx_word' id='word_1_149' title='bbox 2097 3595 2713 3696; x_wconf 76' lang='grc' dir='ltr'><strong><em>τριηροποιῖκῶν.</em></strong></span> <span class='ocrx_word' id='word_1_150' title='bbox 2795 3598 2950 3692; x_wconf 81' lang='lat' dir='ltr'>(Cf.</span> <span class='ocrx_word' id='word_1_151' title='bbox 3013 3597 3336 3676; x_wconf 89' lang='lat' dir='ltr'>Boeckh.</span> <span class='ocrx_word' id='word_1_152' title='bbox 3395 3595 3509 3672; x_wconf 88' lang='lat' dir='ltr'>Ur-</span> 
     </span>
     <span class='ocr_line' id='line_1_23' title="bbox 784 3721 2127 3827; baseline 0.001 -27"><span class='ocrx_word' id='word_1_153' title='bbox 784 3723 1012 3800; x_wconf 84' lang='lat' dir='ltr'>kund.</span> <span class='ocrx_word' id='word_1_154' title='bbox 1052 3721 1236 3800; x_wconf 77' lang='lat' dir='ltr'>iiber</span> <span class='ocrx_word' id='word_1_155' title='bbox 1274 3724 1343 3800; x_wconf 88' lang='lat' dir='ltr'>d.</span> <span class='ocrx_word' id='word_1_156' title='bbox 1384 3721 1807 3818; x_wconf 82' lang='lat' dir='ltr'>Seewesen,</span> <span class='ocrx_word' id='word_1_157' title='bbox 1844 3753 1918 3827; x_wconf 94' lang='lat' dir='ltr'>p.</span> <span class='ocrx_word' id='word_1_158' title='bbox 1961 3725 2127 3818; x_wconf 89' lang='grc'><strong>60.)</strong></span> 
     </span>
    </p>
   </div>
   <div class='ocr_carea' id='block_1_12' title="bbox 1957 3936 2381 4021">
    <p class='ocr_par' dir='ltr' id='par_1_12' title="bbox 1957 3936 2381 4021">
     <span class='ocr_line' id='line_1_24' title="bbox 1957 3936 2381 4021; baseline 0.002 -1"><span class='ocrx_word' id='word_1_159' title='bbox 1957 3936 2108 4020; x_wconf 74' lang='lat' dir='ltr'>Ad</span> <span class='ocrx_word' id='word_1_160' title='bbox 2146 3938 2381 4021; x_wconf 88' lang='grc'><strong>322.</strong></span> 
     </span>
    </p>
   </div>
   <div class='ocr_carea' id='block_1_13' title="bbox 782 4097 3510 4457">
    <p class='ocr_par' dir='ltr' id='par_1_13' title="bbox 782 4097 3510 4457">
     <span class='ocr_line' id='line_1_25' title="bbox 996 4097 3508 4204; baseline -0.001 -28"><span class='ocrx_word' id='word_1_161' title='bbox 996 4099 1245 4177; x_wconf 88' lang='lat' dir='ltr'>Schol.</span> <span class='ocrx_word' id='word_1_162' title='bbox 1282 4099 1360 4176; x_wconf 89' lang='lat' dir='ltr'>in</span> <span class='ocrx_word' id='word_1_163' title='bbox 1402 4097 1740 4180; x_wconf 87' lang='lat' dir='ltr'>Aeschin.</span> <span class='ocrx_word' id='word_1_164' title='bbox 1779 4099 1872 4178; x_wconf 88' lang='lat' dir='ltr'>de</span> <span class='ocrx_word' id='word_1_165' title='bbox 1918 4103 2085 4179; x_wconf 87' lang='lat' dir='ltr'>mal.</span> <span class='ocrx_word' id='word_1_166' title='bbox 2143 4115 2332 4204; x_wconf 88' lang='lat' dir='ltr'>gest.</span> <span class='ocrx_word' id='word_1_167' title='bbox 2388 4104 2532 4204; x_wconf 88' lang='lat' dir='ltr'>leg.</span> <span class='ocrx_word' id='word_1_168' title='bbox 2577 4103 2732 4179; x_wconf 83' lang='lat'>177</span> <span class='ocrx_word' id='word_1_169' title='bbox 2755 4135 2772 4181; x_wconf 90' lang='lat'>:</span> <span class='ocrx_word' id='word_1_170' title='bbox 2817 4097 3312 4190; x_wconf 84' lang='grc' dir='ltr'><strong><em>Ἀποστολεῖς</em></strong></span> <span class='ocrx_word' id='word_1_171' title='bbox 3347 4162 3360 4176; x_wconf 95' lang='grc'>.</span> <span class='ocrx_word' id='word_1_172' title='bbox 3401 4161 3414 4178; x_wconf 95' lang='grc'>.</span> <span class='ocrx_word' id='word_1_173' title='bbox 3453 4159 3462 4173; x_wconf 94' lang='grc'>.</span> <span class='ocrx_word' id='word_1_174' title='bbox 3497 4157 3508 4174; x_wconf 90' lang='grc'>.</span> 
     </span>
     <span class='ocr_line' id='line_1_26' title="bbox 782 4216 3506 4332; baseline 0.001 -37"><span class='ocrx_word' id='word_1_175' title='bbox 782 4217 977 4320; x_wconf 77' lang='grc' dir='ltr'><strong><em>ἀρχὴ</em></strong></span> <span class='ocrx_word' id='word_1_176' title='bbox 1020 4216 1113 4314; x_wconf 81' lang='grc' dir='ltr'>ἦν</span> <span class='ocrx_word' id='word_1_177' title='bbox 1149 4229 1273 4299; x_wconf 80' lang='grc' dir='ltr'><strong><em>ἐπὶ</em></strong></span> <span class='ocrx_word' id='word_1_178' title='bbox 1311 4218 1398 4299; x_wconf 84' lang='grc' dir='ltr'><strong><em>τὸ</em></strong></span> <span class='ocrx_word' id='word_1_179' title='bbox 1438 4226 1767 4328; x_wconf 75' lang='grc' dir='ltr'><strong><em>ἐπείγειν</em></strong></span> <span class='ocrx_word' id='word_1_180' title='bbox 1805 4222 1948 4300; x_wconf 82' lang='grc' dir='ltr'><strong><em>τὸν</em></strong></span> <span class='ocrx_word' id='word_1_181' title='bbox 1987 4224 2269 4304; x_wconf 81' lang='grc' dir='ltr'><strong><em>στόλον</em></strong></span> <span class='ocrx_word' id='word_1_182' title='bbox 2327 4235 2612 4324; x_wconf 77' lang='grc' dir='ltr'><strong><em>ταχέως</em></strong></span> <span class='ocrx_word' id='word_1_183' title='bbox 2669 4228 3082 4306; x_wconf 73' lang='grc' dir='ltr'><strong><em>ἐκπλεῦσαι</em></strong></span> <span class='ocrx_word' id='word_1_184' title='bbox 3118 4231 3506 4332; x_wconf 67' lang='grc' dir='ltr'><strong><em>τεταγμένη.</em></strong></span> 
     </span>
     <span class='ocr_line' id='line_1_27' title="bbox 784 4349 3510 4457; baseline -0 -30"><span class='ocrx_word' id='word_1_185' title='bbox 784 4349 1262 4443; x_wconf 87' lang='lat' dir='ltr'>(Navarchae</span> <span class='ocrx_word' id='word_1_186' title='bbox 1302 4363 1515 4429; x_wconf 89' lang='lat' dir='ltr'>erant</span> <span class='ocrx_word' id='word_1_187' title='bbox 1551 4355 2071 4453; x_wconf 76' lang='lat' dir='ltr'>magistratuS,</span> <span class='ocrx_word' id='word_1_188' title='bbox 2121 4355 2213 4432; x_wconf 90' lang='lat' dir='ltr'>ad</span> <span class='ocrx_word' id='word_1_189' title='bbox 2249 4355 2663 4457; x_wconf 85' lang='lat' dir='ltr'>urgendam</span> <span class='ocrx_word' id='word_1_190' title='bbox 2701 4359 3013 4434; x_wconf 86' lang='lat' dir='ltr'>classem</span> <span class='ocrx_word' id='word_1_191' title='bbox 3040 4411 3064 4452; x_wconf 82' lang='lat'>‚</span> <span class='ocrx_word' id='word_1_192' title='bbox 3099 4368 3182 4432; x_wconf 92' lang='lat' dir='ltr'>ut</span> <span class='ocrx_word' id='word_1_193' title='bbox 3221 4355 3510 4433; x_wconf 85' lang='lat' dir='ltr'>celeriter</span> 
     </span>
    </p>
   </div>
   <div class='ocr_carea' id='block_1_14' title="bbox 781 4477 3506 4701">
    <p class='ocr_par' dir='ltr' id='par_1_14' title="bbox 781 4477 3506 4701">
     <span class='ocr_line' id='line_1_28' title="bbox 782 4477 3506 4580; baseline 0.003 -31"><span class='ocrx_word' id='word_1_194' title='bbox 782 4501 823 4549; x_wconf 90' lang='lat' dir='ltr'>e</span> <span class='ocrx_word' id='word_1_195' title='bbox 862 4485 1083 4576; x_wconf 88' lang='lat' dir='ltr'>portu</span> <span class='ocrx_word' id='word_1_196' title='bbox 1121 4479 1509 4571; x_wconf 85' lang='lat' dir='ltr'>solveret.)</span> <span class='ocrx_word' id='word_1_197' title='bbox 1568 4479 1682 4555; x_wconf 79' lang='lat' dir='ltr'>Cf.</span> <span class='ocrx_word' id='word_1_198' title='bbox 1724 4477 1972 4556; x_wconf 86' lang='lat' dir='ltr'>Schol.</span> <span class='ocrx_word' id='word_1_199' title='bbox 2012 4481 2090 4557; x_wconf 91' lang='lat' dir='ltr'>in</span> <span class='ocrx_word' id='word_1_200' title='bbox 2128 4482 2512 4559; x_wconf 88' lang='lat' dir='ltr'>Demosth.</span> <span class='ocrx_word' id='word_1_201' title='bbox 2554 4482 2646 4560; x_wconf 86' lang='lat' dir='ltr'>de</span> <span class='ocrx_word' id='word_1_202' title='bbox 2686 4482 3005 4579; x_wconf 83' lang='lat' dir='ltr'>Corona,</span> <span class='ocrx_word' id='word_1_203' title='bbox 3047 4485 3225 4580; x_wconf 83' lang='lat'><strong>262,</strong></span> <span class='ocrx_word' id='word_1_204' title='bbox 3269 4483 3396 4574; x_wconf 82' lang='lat'>183</span> <span class='ocrx_word' id='word_1_205' title='bbox 3433 4517 3506 4532; x_wconf 81' lang='lat'>-</span> 
     </span>
     <span class='ocr_line' id='line_1_29' title="bbox 781 4595 2765 4701; baseline 0.005 -27"><span class='ocrx_word' id='word_1_206' title='bbox 781 4597 1079 4677; x_wconf 86' lang='lat' dir='ltr'>Suidam</span> <span class='ocrx_word' id='word_1_207' title='bbox 1118 4627 1173 4678; x_wconf 88' lang='lat' dir='ltr'>s.</span> <span class='ocrx_word' id='word_1_208' title='bbox 1216 4629 1287 4678; x_wconf 93' lang='lat' dir='ltr'>v.</span> <span class='ocrx_word' id='word_1_209' title='bbox 1328 4595 1802 4692; x_wconf 85' lang='grc' dir='ltr'><strong><em>ἀποστολαὶ,</em></strong></span> <span class='ocrx_word' id='word_1_210' title='bbox 1865 4617 1939 4682; x_wconf 90' lang='lat' dir='ltr'>et</span> <span class='ocrx_word' id='word_1_211' title='bbox 1977 4605 2357 4683; x_wconf 91' lang='lat' dir='ltr'>Pollucem</span> <span class='ocrx_word' id='word_1_212' title='bbox 2394 4607 2602 4701; x_wconf 92' lang='lat' dir='ltr'>VIII,</span> <span class='ocrx_word' id='word_1_213' title='bbox 2643 4609 2765 4684; x_wconf 82' lang='lat'>99.</span> 
     </span>
    </p>
   </div>
   <div class='ocr_carea' id='block_1_15' title="bbox 778 4725 3506 5333">
    <p class='ocr_par' dir='ltr' id='par_1_15' title="bbox 778 4725 3506 5333">
     <span class='ocr_line' id='line_1_30' title="bbox 994 4725 3504 4835; baseline -0 -34"><span class='ocrx_word' id='word_1_214' title='bbox 994 4726 1349 4805; x_wconf 83' lang='lat' dir='ltr'>Boeckh.:</span> <span class='ocrx_word' id='word_1_215' title='bbox 1408 4727 1753 4808; x_wconf 88' lang='lat' dir='ltr'>Urkund.</span> <span class='ocrx_word' id='word_1_216' title='bbox 1810 4731 2000 4810; x_wconf 79' lang='lat' dir='ltr'>iiber</span> <span class='ocrx_word' id='word_1_217' title='bbox 2057 4731 2126 4807; x_wconf 87' lang='lat' dir='ltr'>d.</span> <span class='ocrx_word' id='word_1_218' title='bbox 2186 4732 2603 4828; x_wconf 84' lang='lat' dir='ltr'>Seewesen,</span> <span class='ocrx_word' id='word_1_219' title='bbox 2661 4761 2732 4835; x_wconf 90' lang='lat' dir='ltr'>p.</span> <span class='ocrx_word' id='word_1_220' title='bbox 2775 4733 2952 4829; x_wconf 81' lang='grc'><strong>466,</strong></span> <span class='ocrx_word' id='word_1_221' title='bbox 2993 4733 3140 4810; x_wconf 82' lang='lat'>20:</span> <span class='ocrx_word' id='word_1_222' title='bbox 3183 4725 3504 4807; x_wconf 77' lang='grc' dir='ltr'><strong><em>Ἔλέσθαι</em></strong></span> 
     </span>
     <span class='ocr_line' id='line_1_31' title="bbox 781 4844 3506 4951; baseline 0.006 -29"><span class='ocrx_word' id='word_1_223' title='bbox 781 4844 1243 4937; x_wconf 83' lang='grc' dir='ltr'><strong><em>ἀποστολέας</em></strong></span> <span class='ocrx_word' id='word_1_224' title='bbox 1281 4848 1425 4927; x_wconf 88' lang='grc' dir='ltr'><strong><em>τὸν</em></strong></span> <span class='ocrx_word' id='word_1_225' title='bbox 1464 4849 1714 4950; x_wconf 75' lang='grc' dir='ltr'><strong><em>δῆμον</em></strong></span> <span class='ocrx_word' id='word_1_226' title='bbox 1752 4850 1942 4928; x_wconf 79' lang='grc' dir='ltr'><strong><em>δέκα</em></strong></span> <span class='ocrx_word' id='word_1_227' title='bbox 1983 4845 2266 4951; x_wconf 75' lang='grc' dir='ltr'><strong><em>ἄνδρας</em></strong></span> <span class='ocrx_word' id='word_1_228' title='bbox 2307 4861 2384 4945; x_wconf 76' lang='grc' dir='ltr'>ἐξ</span> <span class='ocrx_word' id='word_1_229' title='bbox 2431 4850 2890 4946; x_wconf 72' lang='grc' dir='ltr'><strong><em>Ἀθηναίων</em></strong></span> <span class='ocrx_word' id='word_1_230' title='bbox 2927 4848 3315 4948; x_wconf 84' lang='grc' dir='ltr'><strong><em>ἀπάντων,</em></strong></span> <span class='ocrx_word' id='word_1_231' title='bbox 3361 4849 3506 4937; x_wconf 73' lang='grc' dir='ltr'>τούς</span> 
     </span>
     <span class='ocr_line' id='line_1_32' title="bbox 781 4971 3505 5087; baseline 0.003 -39"><span class='ocrx_word' id='word_1_232' title='bbox 781 4971 859 5050; x_wconf 80' lang='grc' dir='ltr'>δὲ</span> <span class='ocrx_word' id='word_1_233' title='bbox 898 4975 1341 5072; x_wconf 71' lang='grc' dir='ltr'><strong><em>αἱρεθέντας</em></strong></span> <span class='ocrx_word' id='word_1_234' title='bbox 1378 4982 1905 5077; x_wconf 76' lang='grc' dir='ltr'><strong><em>ἐπιμελεῖσθαι</em></strong></span> <span class='ocrx_word' id='word_1_235' title='bbox 1963 4977 2102 5054; x_wconf 81' lang='grc' dir='ltr'><strong><em>τοῦ</em></strong></span> <span class='ocrx_word' id='word_1_236' title='bbox 2165 4975 2624 5060; x_wconf 83' lang='grc' dir='ltr'><strong><em>ἀποστόλου.</em></strong></span> <span class='ocrx_word' id='word_1_237' title='bbox 2701 4987 3080 5087; x_wconf 84' lang='lat' dir='ltr'>(Populus</span> <span class='ocrx_word' id='word_1_238' title='bbox 3137 4987 3360 5084; x_wconf 87' lang='lat' dir='ltr'>eligat</span> <span class='ocrx_word' id='word_1_239' title='bbox 3407 5009 3505 5058; x_wconf 82' lang='lat' dir='ltr'>na-</span> 
     </span>
     <span class='ocr_line' id='line_1_33' title="bbox 780 5103 3504 5207; baseline 0.001 -30"><span class='ocrx_word' id='word_1_240' title='bbox 780 5105 1131 5198; x_wconf 84' lang='lat' dir='ltr'>varchas,</span> <span class='ocrx_word' id='word_1_241' title='bbox 1192 5103 1450 5180; x_wconf 88' lang='lat' dir='ltr'>decem</span> <span class='ocrx_word' id='word_1_242' title='bbox 1508 5106 1703 5182; x_wconf 87' lang='lat' dir='ltr'>viros</span> <span class='ocrx_word' id='word_1_243' title='bbox 1754 5133 1846 5184; x_wconf 86' lang='lat' dir='ltr'>ex</span> <span class='ocrx_word' id='word_1_244' title='bbox 1890 5108 2235 5184; x_wconf 88' lang='lat' dir='ltr'>omnibus</span> <span class='ocrx_word' id='word_1_245' title='bbox 2275 5108 2896 5207; x_wconf 87' lang='lat' dir='ltr'>Athe11iensibus‚</span> <span class='ocrx_word' id='word_1_246' title='bbox 2957 5112 3174 5188; x_wconf 87' lang='lat' dir='ltr'>electi</span> <span class='ocrx_word' id='word_1_247' title='bbox 3211 5138 3380 5189; x_wconf 90' lang='lat' dir='ltr'>vero</span> <span class='ocrx_word' id='word_1_248' title='bbox 3411 5133 3504 5182; x_wconf 85' lang='lat' dir='ltr'>cu·</span> 
     </span>
     <span class='ocr_line' id='line_1_34' title="bbox 778 5229 2356 5333; baseline 0.008 -32"><span class='ocrx_word' id='word_1_249' title='bbox 778 5253 939 5304; x_wconf 86' lang='lat' dir='ltr'>ram</span> <span class='ocrx_word' id='word_1_250' title='bbox 978 5229 1306 5308; x_wconf 86' lang='lat' dir='ltr'>habeant</span> <span class='ocrx_word' id='word_1_251' title='bbox 1344 5232 1837 5333; x_wconf 85' lang='lat' dir='ltr'>expeditionis</span> <span class='ocrx_word' id='word_1_252' title='bbox 1879 5234 2356 5329; x_wconf 85' lang='lat' dir='ltr'>maritimae.)</span> 
     </span>
    </p>
   </div>
  </div>
 </body>
</html>
