3725 5850
655 437 810 512 364
1730 459 1855 510 ms
1892 457 2333 512 murnum·

651 653 858 728 irrita
895 651 1036 727 erit
1070 651 1332 753 petitio
1371 649 1822 727 hereditatis.
1900 648 2033 724 Sin
2072 649 2171 743 is,
2230 650 2356 748 qui
2396 649 2887 728 hereditatem
2932 652 3427 756 adjudicatam

653 778 873 871 adiit,
931 789 1304 878 superstes
1343 802 1492 851 non
1531 777 1796 870 fuerit,
1857 775 2079 852 citato
2128 775 2389 852 eadem
2428 776 2719 852 ratione
2756 778 2860 871 is,
2920 779 3037 854 cui
3078 783 3425 880 praefini-

653 915 811 978 tum
847 915 1142 1005 tempus
1181 903 1516 980 nondum
1553 914 1665 978 est
1703 901 2196 978 terminatum.
2252 902 2722 1003 Disceptatio
2761 915 3009 980 autem
3050 916 3209 981 esto
3252 931 3429 982 con-

653 1041 769 1104 tra
804 1028 1347 1130 possidentem,
1405 1057 1552 1130 quo
1593 1029 1893 1106 nomine
1934 1029 2059 1105 ille
2098 1026 2239 1104 sibi
2280 1028 2767 1107 hereditatem
2809 1030 3259 1128 vindicavit,
3300 1057 3427 1107 cu-

641 1155 768 1255 jus
804 1155 1003 1232 bona
1038 1154 1394 1257 possidet.

1923 1262 1960 1335 1
1975 1262 2149 1338 417.

801 1431 809 1452 .
875 1399 1028 1490 Τάς
1066 1395 1224 1479 ὑπὸ
1263 1403 1421 1480 τῶν
1469 1409 1810 1504 πατέρων
1867 1402 2329 1492 ἐκδοθείσας
2372 1408 2508 1478 καὶ
2550 1401 3067 1493 συνοικούσας
3104 1401 3429 1504 ἀνδράσι

654 1539 1072 1631 γυναῖκας,
1149 1524 1252 1604 ἂν
1311 1522 1354 1606 ὁ
1415 1527 1659 1630 πατὴρ
1717 1527 1983 1605 αὐτῶν
2038 1526 2438 1626 τελευτήσῃ
2490 1527 2599 1627 μή
2658 1531 3107 1605 καταλιπῶν
3162 1528 3432 1619 αὐταῖς

653 1659 1011 1757 γνησίους
1052 1651 1441 1752 ἀδελφούς
1466 1713 1483 1744 ,
1541 1666 1702 1742 τοῖς
1739 1653 2119 1759 ἐγγύτατα
2160 1659 2429 1757 γένους
2467 1652 2863 1744 ἐπιδίκους
2903 1653 3124 1734 εἶναι.

1964 1785 2267 1878 (Isaeus
2305 1782 2396 1858 de
2439 1781 2711 1883 Pyrrhi
2749 1784 2899 1860 her.
2940 1778 3007 1885 ξ.
3050 1786 3214 1879 64.)

1936 1945 2163 2020 1417.

871 2089 1220 2166 Mulieres
1257 2092 1352 2166 ab
1393 2091 1574 2192 ipsis
1613 2091 1953 2191 patribus
1994 2091 2325 2166 elocatae
2366 2100 2441 2164 et
2480 2089 2643 2189 jam
2678 2091 2756 2165 in
2794 2090 3267 2166 matrimonio
3307 2089 3431 2165 de-

655 2225 958 2312 gentes,
1016 2243 1246 2318 quum
1282 2227 1500 2318 pater
1539 2243 1795 2292 earum
1835 2216 2274 2310 decesserit,
2335 2215 2537 2293 nulla
2593 2217 2803 2318 prole
2860 2217 3188 2292 mascula
3243 2216 3435 2318 leg-i-

615 2343 837 2446 ·tima
875 2341 1170 2437 relicta,
1229 2343 1585 2445 proximis
1623 2368 1904 2443 genere
1942 2342 2021 2417 in
2063 2342 2619 2419 matrimonium
2658 2342 3193 2444 adjudicentur.

1944 2507 2167 2580 1418.

873 2649 1204 2736 Γνησιόυ
1263 2637 1489 2733 ὄντος
1543 2648 1754 2734 υἱέως
1813 2639 1973 2722 οὔκ
2020 2653 2226 2721 ἐστιν
2264 2648 2664 2742 ἐπίκληρος
2706 2635 2745 2735 ἦ
2794 2641 3183 2747 θυγάτηρ,
3244 2638 3429 2720 οὐδὲ

660 2762 700 2845 ὅ
742 2769 1021 2870 κλῆρος
1060 2769 1423 2858 ἐπίδικος.
1907 2777 2204 2868 (Isaeus
2244 2774 2333 2850 de
2376 2773 2811 2851 Philoctem.
2851 2771 3005 2849 her.
3051 2773 3213 2864 46.)

1926 2938 2152 3015 1418.

873 3079 952 3155 Si
1011 3081 1208 3157 filius
1262 3083 1510 3158 existit
1563 3084 1976 3183 genuinus,
2056 3084 2209 3161 filia
2264 3109 2415 3160 non
2474 3095 2587 3159 est
2641 3081 3124 3180 hereditaria,
3180 3108 3434 3183 neque

660 3206 1028 3283 hereditas
1066 3207 1612 3285 controversiae
1653 3220 1766 3285 est
1801 3209 2145 3285 obnoxia.

1931 3371 2150 3445 1419.

865 3487 1061 3571 Ἐὰν
1113 3498 1191 3582 ἐξ
1248 3488 1664 3590 ἐπικλήρου
1722 3524 1830 3581 τις
1888 3499 2239 3599 γένηταί,
2304 3490 2463 3594 ἅμα
2520 3499 2657 3569 καὶ
2708 3485 2949 3592 ἡβήσῃ
2986 3495 3108 3569 ἐπὶ
3148 3489 3435 3581 δίετες,

551 3617 558 3629 ’
660 3627 974 3714 κρατεῖν
1010 3616 1165 3692 τῶν
1189 3616 1605 3719 χρημάτων
1630 3644 1646 3662 ·
1701 3618 1843 3698 τὸν
1884 3621 1959 3697 δὲ
2000 3631 2217 3696 σῖτον
2246 3630 2557 3719 μετρεῖν
2593 3618 2686 3716 τῇ
2710 3620 2964 3721 μητρί.

2048 3748 2465 3841 (Demosth.
2506 3746 2764 3850 Steph.
2804 3748 2897 3823 II.
2942 3746 3213 3839 1134.)

1925 3909 2152 3987 1419.

877 4036 1094 4130 Quod
1149 4038 1211 4112 si
1266 4038 1431 4139 quis
1490 4062 1530 4112 e
1583 4038 1737 4113 filia
1789 4037 2242 4114 hereditaria
2295 4036 2519 4113 fuerit
2564 4047 2819 4131 natus,
2877 4037 3437 4137 quamprimum

661 4162 1013 4263 pubuerit
1045 4189 1184 4267 per
1217 4163 1625 4260 biennium,
1648 4166 2007 4265 pecunias
2044 4174 2298 4241 teneat
2318 4176 2393 4241 et
2412 4164 2691 4239 victum
2726 4164 2944 4239 matri
2966 4160 3437 4239 demetiatur.

1929 4328 2155 4403 1420.

857 4443 1020 4525 ’Ἁν
1057 4441 1100 4527 ὃ
1141 4450 1452 4552 κρατῶν
1505 4456 1646 4526 καὶ
1700 4448 1966 4551 κύριος
2022 4447 2356 4556 γεγονώς
2410 4446 2537 4541 τῆς
2593 4447 3007 4548 ἐπικλήρου
3042 4446 3245 4523 κατά
3288 4448 3440 4527 τὸν

667 4574 956 4675 νόμον,
1017 4572 1252 4665 αὐτὸς
1291 4574 1400 4676 μὴ
1461 4575 1784 4665 δυνατὸς
1841 4571 1891 4676 ᾗ
1949 4575 2429 4670 πλησιάζειν,
2488 4569 2649 4653 ὑπὸ
2705 4575 2862 4654 τῶν
2921 4580 3229 4681 ἔγγιστα
3280 4578 3435 4654 τοῦ

666 4699 948 4802 ἀνδρὸς
986 4698 1439 4779 ὀπυίεσθαι·
1491 4702 1596 4802 μὴ
1638 4703 1817 4779 πᾶσι
1859 4703 1980 4793 δὲ,
2042 4700 2237 4781 ἀλλὰ
2296 4703 2453 4780 τῶν
2510 4704 2907 4808 συγγενῶν
2961 4702 3105 4778 τοῦ
3147 4700 3437 4804 ἀνδρὸς

667 4819 730 4931 ᾧ
765 4828 1130 4929 βούλεται
1187 4828 1673 4935 διαλέγεσθαι
1730 4826 1873 4921 τὴν
1932 4833 2390 4928 ἐπίκληρον,
2451 4825 2651 4915 ὅπως
2690 4833 2992 4905 οἰκεῖον
3024 4822 3077 4927 ᾗ
3112 4833 3252 4905 καί
3280 4862 3439 4929 με-

667 4961 896 5051 τέχον
947 4955 1089 5030 τοῦ
1147 4962 1415 5060 γένους
1450 4953 1540 5030 τὸ
1580 4953 2059 5054 τικτόμενον.
2144 4960 2318 5054 Τρὶς
2358 4951 2433 5031 δὲ
2475 4952 2806 5029 ἑκάστου
2854 4950 3098 5053 μηνὸς
3152 4962 3437 5060 ἐντυγ,

656 5079 938 5177 χάνειν
973 5086 1272 5171 πάντως
1307 5080 1398 5180 τῇ
1439 5079 1822 5180 ἐπικλήρῳ
1857 5078 2003 5157 τὸν
2038 5079 2398 5180 λαβόντα.

1723 5210 2143 5309 (Plutarch.
2182 5209 2437 5291 Solon:
2472 5212 2595 5288 20.
2654 5212 2815 5291 Lex
2852 5210 3215 5307 Solonis.)
