3725 5850
1372 490 1941 548 Haemum-rua.
2941 476 3047 552 49

1569 682 1746 762 182.

482 827 818 932 Ejuratio
886 837 1037 924 est,
1113 851 1288 905 oum
1341 827 1504 928 quis
1559 827 1658 905 ad
1710 827 2164 928 legationem
2218 841 2347 908 aut
2403 827 2607 906 aliud
2670 828 3045 931 quoddam

270 953 653 1056 publicum
706 979 978 1030 munus
1032 952 1312 1029 electus
1333 1009 1352 1046 ‚
1405 952 1860 1030 infirmitatis
1918 966 2049 1031 aut
2100 954 2585 1057 impotentiae
2643 965 3042 1057 praetextu

255 1079 468 1180 jurat
499 1091 628 1158 aut
660 1079 828 1181 ipse
861 1085 992 1156 aut
1024 1101 1161 1180 per
1195 1076 1446 1156 alium.

1570 1239 1742 1317 183.

490 1375 669 1457 Οὔκ
706 1380 945 1472 ἔξεστι
981 1374 1116 1467 τὰς
1154 1384 1248 1456 ἐκ
1283 1377 1431 1456 τοῦ
1467 1373 1717 1480 δήμου
1742 1384 2235 1479 χειροτονίας
2271 1387 2358 1458 ἐν
2391 1378 2491 1480 τῇ
2520 1379 2775 1482 βουλῇ
2810 1376 3039 1480 ἐξόμ-

261 1511 583 1583 νυσθαι.
1364 1506 1757 1605 (Aeschin.
1796 1508 1993 1587 male
2030 1519 2223 1610 gest.
2262 1508 2487 1610 legat.
2528 1503 2595 1612 ξ.
2638 1510 2827 1604 95.).

1564 1669 1736 1748 183.

487 1813 660 1892 Non
697 1813 874 1891 lieet
909 1811 1172 1916 populi
1208 1811 1582 1912 suffragiis
1629 1811 1927 1892 decreta
1968 1837 2277 1892 munera
2310 1813 2391 1890 in
2436 1825 2699 1891 senatu
2736 1813 3042 1915 ejurare.

1566 1973 1742 2052 184.

491 2093 644 2185 Τὰς
680 2093 922 2196 ἀρχάς
958 2088 1259 2183 ἁπάσας
1277 2149 1300 2186 ,
1350 2087 1535 2184 ὅσας
1572 2097 1648 2172 οὶ
1683 2091 2057 2192 λαχόντες
2092 2087 2471 2195 ἄρχουσιν
2489 2151 2513 2188 ,
2553 2090 2717 2196 ἅμα
2754 2095 2868 2196 τῷ
2900 2092 3045 2173 τὸν

263 2214 646 2323 ὑπηρέτην
698 2225 980 2300 εἰπεῖν·
1041 2216 1530 2321 μετάστητ
1553 2251 1588 2297 ε
1661 2221 1759 2314 ἕξ
1777 2251 1837 2295 ω
1854 2277 1880 2312 ,
1955 2221 2113 2297 τῶν
2182 2221 2447 2321 νόμων
2500 2231 2860 2326 κρατεῖν,
2918 2227 3041 2317 ἐφ’

265 2343 390 2437 οἷς
425 2351 1067 2447 εἰσεπέμφθησαν.
1488 2345 1918 2442 (Demosth.
1958 2376 2017 2427 ο.
2055 2347 2442 2452 Aristogit.
2481 2352 2539 2429 I.
2582 2350 2825 2446 ¹776.)

1565 2509 1739 2587 184.

489 2635 968 2737 Magistratus
1015 2660 1320 2734 omnen,
1376 2661 1563 2740 quos
1617 2636 1670 2714 ii
1722 2647 2036 2736 gerunt,
2092 2637 2359 2740 quibus
2394 2633 2506 2714 illi
2542 2639 2805 2717 sortito
2844 2638 3036 2717 obti-

263 2772 584 2861 gerunt,
641 2761 862 2840 simul
896 2787 984 2839 ae
1019 2761 1354 2841 minister
1393 2759 1664 2839 dixerit
1701 2761 2187 2862 „egredimini
2235 2761 2515 2858 foras“‚
2572 2763 2828 2864 legum
2866 2775 3041 2842 sunt

265 2899 660 2991 compotes
681 2947 702 2986 ‚
741 2913 1056 2991 quarum
1091 2887 1672 2967 exercendarum
1709 2913 1937 2966 eausa
1970 2886 2378 2967 intromissi
2412 2900 2609 2968 sunt.

1565 3048 1740 3126 185.

485 3160 854 3250 Εὔθυναί
888 3176 1086 3249 εἰσιν
1121 3172 1202 3249 αἱ
1236 3170 1398 3247 τῶν
1432 3168 1926 3271 διωκημένων
1962 3176 2047 3249 ἐν
2072 3180 2239 3261 ταῖς
2276 3168 2549 3271 ἀρχαῖς
2587 3169 3040 3273 δοκιμασίαι

267 3302 417 3372 καὶ
451 3294 812 3390 ἐξετάσεις
847 3304 987 3374 καὶ
1024 3294 1559 3402 ἀπολογισμοί.

1334 3424 1636 3530 ι(861101.
1673 3426 1756 3503 in
1791 3421 2139 3504 Aeschin.
2180 3424 2647 3529 ctesiphont.
2687 3428 2823 3522 9.).

1565 3584 1742 3663 185.

483 3708 838 3793 Rationes
875 3726 1049 3792 sunt
1081 3738 1328 3793 rerum
1359 3713 1438 3789 in
1455 3712 1899 3815 magistratu
1933 3722 2318 3811 gestarum
2354 3738 2713 3793 censurae
2752 3724 2831 3792 et
2866 3738 3036 3791 exa-

269 3838 478 3915 mina
511 3852 587 3917 et
623 3841 1156 3959 exeusationes.

1571 3945 1745 4025 186.

475 4066 976 4163 Ἀνεύθηνον
1011 4067 1087 4146 δὲ
1118 4076 1258 4147 καὶ
1295 4064 1800 4162 ἀνεξέταστον
1836 4074 1977 4145 καὶ
2015 4064 2390 4163 ἀζήτητον
2424 4063 2659 4145 οὐδέν
2690 4072 2846 4145 ἐστι
2882 4064 3042 4144 τῶν

275 4200 362 4269 ἐν
392 4194 491 4293 τῇ
525 4193 758 4275 πόλει.
1471 4197 1856 4292 (Aeschin.
1898 4198 1979 4275 in
2018 4196 2487 4299 ctesiphont.
2527 4192 2594 4300 ξ.
2635 4198 2823 4291 22.).

1562 4358 1734 4435 186.

487 4486 814 4564 Omnino
851 4497 1100 4563 autem
1135 4510 1436 4581 eorum,
1493 4509 1682 4584 quae
1739 4484 1832 4599 in,
1876 4482 2176 4561 civitate
2226 4484 2451 4579 fiunt,
2510 4482 2699 4561 nihil
2737 4493 2888 4580 est,
2946 4482 3038 4559 de

275 4638 420 4713 quo
476 4639 629 4690 non
685 4611 1064 4690 reddenda
1118 4612 1215 4689 sit
1268 4610 1455 4687 ratio
1477 4669 1495 4704 ‚
1565 4608 1656 4686 de
1711 4634 1860 4709 quo
1899 4635 2054 4685 non
2095 4608 2193 4686 sit
2228 4608 2777 4710 quaerendum,
2834 4607 3037 4710 quod

277 4766 428 4817 non
465 4739 562 4815 sit
599 4737 1159 4841 explorandum.
1559 4841 1714 4918 187

475 4964 774 5068 Ἀρχὴν
807 4959 1278 5046 ὑπεύθυνον
1304 4962 1411 5066 μὴ
1452 4960 1895 5063 ἀποδημεῖν.

472 5087 984 5171 “Υπεύθυνον
1009 5089 1115 5192 μὴ
1153 5089 1291 5184 τὴν
1345 5086 1630 5168 οὐσίαν
1682 5087 2127 5190 καθιεροῦν
2168 5086 2359 5189 μηδὲ
2417 5083 2788 5189 ἀνάθημα
2836 5080 3035 5163 ἀνα-

289 5222 540 5296 θεῖναι
563 5276 584 5309 ,
615 5216 808 5318 μηδὲ
845 5220 1262 5308 ἐκποίητον
1295 5222 1700 5322 γενέσθαι,
1733 5212 1927 5315 μηδὲ
1967 5212 2389 5293 διαθέσθαι
2424 5211 2519 5289 τὰ
2559 5211 2866 5290 ἑαυτοῦ.

2568 5342 2614 5405 4
