3725 5850
1045 410 1660 462 COMMENTARIUS
1703 413 1808 461 m)
1849 410 2005 462 13⁷6.
2050 409 2207 464 1328.
2251 412 2407 467 1381.
2606 418 2613 428 ·
2956 393 3135 468 60⁹7:

545 599 784 674 Ibid.
826 601 1046 693 (766,
1093 600 1234 691 OJ:
1297 599 1376 676 Si
1435 603 1600 701 quis
1655 599 2111 704 pupillorum
2150 617 2351 682 tutor
2390 605 2740 702 decessit,
2804 612 3113 706 cognati

326 751 588 799 eorum
629 755 668 800 e
711 737 924 826 patre
967 740 1040 801 et
1075 741 1308 803 matre
1351 756 1584 828 usque
1625 731 1720 804 ad
1759 733 2373 808 consobrinorum
2432 733 2621 807 filios
2678 734 2901 810 alium
2941 761 3115 809 con-

323 851 688 926 stituunto
747 854 941 928 intra
991 853 1248 929 decem
1290 854 1484 945 dies»,
1546 868 1671 930 aut
1728 857 2178 932 mulctantor
2233 885 2383 934 una
2442 858 2719 957 singuli
2764 859 3127 933 drachma

319 974 400 1048 in
441 976 772 1074 singulos
811 977 1007 1070 dies,
1067 978 1304 1053 donec
1359 977 1661 1080 pupillis
1703 980 2219 1056 constituerint
2256 994 2595 1058 tutorem.

1468 1207 1621 1292 Ad
1656 1209 1945 1291 1373.

539 1369 786 1469 Cyrus
823 1371 912 1445 de
953 1372 1190 1448 differ.
1232 1385 1396 1448 stat.
1443 1376 1637 1446 456:
1688 1370 1846 1460 Τήν
1888 1369 2251 1469 ὀρφανὴν
2278 1371 2469 1470 μήτε
2510 1369 2651 1446 τὸν
2693 1377 3135 1472 ἐπίτροπονῐ

321 1501 640 1593 γαμεῖν,
687 1491 876 1590 μήτε
915 1491 1058 1568 τὸν
1095 1496 1234 1569 τοι)
1279 1495 1688 1592 ἐπιτρόπου
1729 1495 1981 1571 παῖδα.
2044 1502 2387 1602 (Pupilla
2424 1528 2663 1599 neque
2704 1504 2925 1576 tutori
2972 1529 3103 1576 nu·

318 1618 492 1713 bat,
553 1645 804 1720 neque
835 1623 1096 1697 tutoris
1135 1625 1352 1714 filio.)

1481 1762 1633 1842 Ad
1668 1763 1958 1844 1373.

535 1925 694 2003 Lex
752 1927 937 2004 haec
995 1931 1417 2004 continetur
1477 1931 1551 2004 in
1611 1930 2093 2029 sequentibus
2155 1931 2461 2005 oratoris
2503 1932 2791 2006 verbis:
2853 1927 3105 2026 τούτῳ

321 2053 628 2142 (tutori)
668 2047 814 2151 γάρ
854 2051 1034 2140 ἐξῆν
1071 2049 1314 2148 μηδὲν
1369 2053 1580 2146 ἔχειν
1638 2049 1939 2125 τούτων
1994 2049 2149 2125 τῶν
2208 2052 2670 2156 πραγμάτων
2718 2087 2775 2150 ,ιι
2804 2063 2965 2128 ισῧ
2999 2053 3133 2126 ώ-’

320 2198 427 2245 σα
456 2202 602 2246 vt!
651 2171 798 2248 τόν
838 2173 1070 2249 οἶκον
1108 2173 1310 2249 κατὰ
1352 2182 1714 2250 τουτουσὶ
1755 2175 1935 2264 τούς
1980 2175 2278 2272 νόμους.
2364 2181 2775 2273 (Licuisset
2814 2184 2931 2257 isti
2972 2211 3097 2258 ne-

316 2302 540 2397 gotiis
577 2301 775 2376 hisce
817 2329 1066 2380 carere
1106 2305 1486 2398 omnihnzx,
1549 2307 1609 2378 si
1649 2331 1803 2380 rem
1860 2305 2296 2381 familiarem
2359 2307 2498 2398 ita,
2562 2306 2664 2381 uti
2706 2308 2843 2380 hae
2890 2310 3095 2402 leges

303 2425 616 2524 jubent,
682 2428 1246 2520 elocasset.)

1476 2565 1628 2664 Ad
1664 2569 1931 2648 1331.

537 2731 870 2828 „Petitus
909 2743 981 2807 et
1021 2732 1558 2828 Wesselingius
1583 2791 1598 2822 ‚
1659 2733 1986 2806 Pollucis
2038 2733 2354 2806 maxime
2396 2733 2821 2808 testimonio
2864 2737 3097 2810 niten-

315 2869 468 2950 tes·‚
527 2884 724 2933 anno
783 2857 1064 2933 decimo
1123 2870 1386 2934 octavo
1417 2858 1778 2957 juvenem
1815 2859 2253 2958 inscriptum
2296 2884 2455 2935 esse
2490 2860 2569 2933 in
2614 2860 3097 2959 Epheborum

315 3010 743 3069 numerum,
805 2984 1154 3061 vicesimo
1195 2984 1422 3079 igitur
1463 2984 1702 3059 virum
1741 3009 1900 3059 esse
1940 2984 2225 3059 factum
2264 2985 2657 3059 affirmant.
2723 2988 3093 3061 Potiorem

313 3120 565 3185 tamen
606 3123 930 3185 veterem
969 3107 1172 3187 illam
1193 3110 1542 3185 Ubbonis
1565 3111 1854 3203 Emmii,
1901 3108 2185 3205 Sigonii
2228 3110 2688 3207 aliorumque
2731 3136 2891 3185 esse
2932 3138 3095 3185 sen-

312 3233 658 3328 tentiam,
721 3235 844 3334 qui
903 3236 1188 3311 decimo
1247 3247 1516 3313 octavo
1557 3261 1752 3313 anno
1782 3237 1939 3335 jam
1982 3237 2175 3309 inter
2213 3235 2411 3311 viros
2450 3234 2743 3309 habitos
2785 3262 2943 3309 esse
2972 3237 3094 3333 ju-

315 3384 542 3433 venes
601 3359 884 3453 dicant,
944 3362 1438 3436 illustrissimo
1494 3360 2026 3436 Demosthenis
2088 3360 2431 3460 exemplo
2495 3361 2875 3459 probatur.
2932 3360 3095 3451 ‘Se-

315 3496 520 3585 ptem
567 3512 805 3559 annos
844 3497 1062 3561 natus
1103 3488 1260 3576 fuit,
1305 3512 1472 3561 cum
1511 3498 1725 3585 pater
1763 3486 2157 3560 moriretur
2195 3486 2307 3577 (in
2335 3483 2626 3584 Aphob.
2670 3486 2725 3575 1,
2764 3484 2943 3575 8111,
2980 3485 3089 3573 9).

313 3609 451 3685 Vir
491 3610 754 3685 deinde
795 3610 1031 3687 factus
1071 3613 1228 3711 ipse
1270 3614 1366 3687 ab
1394 3611 1718 3712 Aphobo
1758 3613 2037 3687 tutelae
2077 3637 2212 3709 per
2253 3610 2297 3685 d
2324 3637 2361 3685 e
2388 3636 2486 3685 ce
2510 3638 2581 3683 m
2623 3636 2803 3685 ann
2828 3635 2870 3681 o
2894 3638 2927 3681 s
2964 3634 3087 3705 ge-

313 3748 470 3811 stae
527 3735 744 3827 (ibid.
784 3736 962 3829 825,
1011 3736 1096 3827 1)
1153 3737 1474 3813 rationes
1532 3735 1953 3811 reddendas
1990 3737 2325 3834 repetiit,
2380 3746 2453 3809 et
2491 3734 2861 3811 secundus
2899 3746 3090 3807 tuto-

312 3887 474 3935 rum
513 3860 1049 3962 TherippideS‚
1095 3865 1212 3937 cui
1251 3862 1730 3962 septuaginta
1767 3862 2133 3937 minarum
2174 3886 2347 3935 usus
2388 3860 2710 3952 fructus,
2752 3859 2931 3933 dum
2970 3858 3091 3935 ille

314 3986 634 4061 virorum
673 4012 976 4063 numero
1015 3986 1556 4065 adscriberetur
1595 3986 1739 4077 (ib.
1780 3984 2155 4077 814,19),
2197 3986 2489 4081 legatus
2530 3997 2721 4077 erat,
2762 3985 2807 4059 (l
2830 4010 2866 4057 e
2894 4011 2933 4057 c
2957 4012 2993 4057 e
3018 4012 3087 4061 m

309 4138 780 4187 annorum
840 4137 1096 4187 usuras
1153 4113 1292 4186 sibi
1352 4110 1759 4212 postulavit
1817 4111 1957 4202 (ib.
2019 4110 2195 4197 821,
2256 4110 2433 4203 824,
2478 4110 2695 4199 825).
2774 4112 3111 4205 Ineunte„

306 4238 536 4336 igitur
571 4263 768 4311 anno
809 4234 1413 4313 duodevicesimo
1453 4262 1622 4311 eum
1659 4235 1899 4311 virum
1938 4235 2219 4311 factum
2259 4260 2419 4309 esse
2462 4244 2778 4333 oportet.
2822 4232 3089 4331 Sequi7

305 4378 428 4439 tur
467 4363 636 4439 inde
676 4364 1146 4461 pubertatem
1189 4361 1608 4456 (ἐφηβίαν)
1666 4387 1865 4435 anno
1908 4361 2197 4435 decimo
2237 4373 2448 4437 sexto
2488 4360 2895 4459 incepisse,
2958 4384 3109 4455 ne·-

309 4500 709 4588 potemque
747 4488 1192 4565 defunctiex
1215 4490 1366 4563 filia
1387 4488 1832 4563 hereditaria
1872 4487 2209 4562 relictum
2250 4486 2537 4563 decimo
2580 4496 2842 4559 octavo
2884 4510 3084 4559 anno

307 4617 610 4691 ineunte
645 4616 768 4689 avi
809 4613 1284 4689 hereditatem
1326 4614 1668 4689 adiisse.“
1713 4614 1842 4688 Bu
1866 4642 1914 4689 n
1938 4642 1971 4687 s
1995 4638 2143 4687 en:
2188 4614 2299 4704 De
2329 4612 2494 4707 jure
2538 4610 2788 4719 hesed.
2815 4608 3083 4685 Athen.

308 4770 380 4839 p.
427 4740 762 4815 18-—19.

522 4882 636 4955 Cf.
678 4880 918 4957 Schol.
961 4883 1034 4955 in
1077 4880 1418 4957 Aeschin.
1463 4882 1929 4983 Ctesiphont.
1977 4882 2169 4973 122,
2228 4882 2301 4952 in
2344 4879 2505 4953 fals.
2547 4880 2766 4975 legat.
2810 4880 2947 4967 99,
2998 4878 3111 4955 in.

308 5008 683 5087 Timarch.
729 5007 849 5083 18.
907 5006 1156 5085 Schol.
1194 5011 1272 5083 in
1311 5010 1608 5085 Lucian.
1659 5002 1858 5093 Ζεύς
1898 5034 2107 5109 τραγ.
2154 5008 2275 5081 26.
2330 5003 2423 5079 Et
2464 5002 3083 5081 Schmeisser

305 5138 422 5212 De
459 5164 538 5211 re
577 5134 872 5213 tutelari
907 5134 1491 5213 Atheniensium.
1551 5136 1947 5231 (Friburgi
1990 5134 2261 5223 1829.)
2346 5206 2349 5209 ,
