<?xml version="1.0" encoding="UTF-8"?>
<!DOCTYPE html PUBLIC "-//W3C//DTD XHTML 1.0 Transitional//EN"
    "http://www.w3.org/TR/xhtml1/DTD/xhtml1-transitional.dtd">
<html xmlns="http://www.w3.org/1999/xhtml" xml:lang="en" lang="en">
 <head>
  <title>
</title>
<meta http-equiv="Content-Type" content="text/html;charset=utf-8" />
  <meta name='ocr-system' content='tesseract 3.04.00' />
  <meta name='ocr-capabilities' content='ocr_page ocr_carea ocr_par ocr_line ocrx_word'/>
</head>
<body>
  <div class='ocr_page' id='page_1' title='image "./synaggtnattiknn01tlgoog_0464.png"; bbox 0 0 3725 5850; ppageno 0'>
   <div class='ocr_carea' id='block_1_1' title="bbox 615 572 2467 649">
    <p class='ocr_par' dir='ltr' id='par_1_1' title="bbox 615 572 2467 649">
     <span class='ocr_line' id='line_1_1' title="bbox 615 572 2467 649; baseline 0 -3"><span class='ocrx_word' id='word_1_1' title='bbox 615 572 778 647; x_wconf 74' lang='lat'><strong>438</strong></span> <span class='ocrx_word' id='word_1_2' title='bbox 1539 591 2159 649; x_wconf 74' lang='lat' dir='ltr'><strong>couMEN&#39;rAams</strong></span> <span class='ocrx_word' id='word_1_3' title='bbox 2194 593 2303 644; x_wconf 75' lang='lat' dir='ltr'><strong>An</strong></span> <span class='ocrx_word' id='word_1_4' title='bbox 2343 593 2467 646; x_wconf 79' lang='lat'><strong>159.</strong></span> 
     </span>
    </p>
   </div>
   <div class='ocr_carea' id='block_1_2' title="bbox 612 784 3385 1134">
    <p class='ocr_par' dir='ltr' id='par_1_2' title="bbox 612 784 3385 1134">
     <span class='ocr_line' id='line_1_2' title="bbox 616 784 3378 888; baseline -0.001 -24"><span class='ocrx_word' id='word_1_5' title='bbox 616 786 776 864; x_wconf 90' lang='lat' dir='ltr'><strong>duit</strong></span> <span class='ocrx_word' id='word_1_6' title='bbox 832 811 960 863; x_wconf 88' lang='lat' dir='ltr'><strong>eos</strong></span> <span class='ocrx_word' id='word_1_7' title='bbox 1017 789 1094 863; x_wconf 90' lang='lat' dir='ltr'><strong>in</strong></span> <span class='ocrx_word' id='word_1_8' title='bbox 1150 786 1537 866; x_wconf 88' lang='lat' dir='ltr'><strong>consilium</strong></span> <span class='ocrx_word' id='word_1_9' title='bbox 1597 786 1955 864; x_wconf 87' lang='lat' dir='ltr'><strong>adhibere</strong></span> <span class='ocrx_word' id='word_1_10' title='bbox 2003 786 2561 864; x_wconf 80' lang='lat' dir='ltr'><strong>Hermodorum</strong></span> <span class='ocrx_word' id='word_1_11' title='bbox 2596 784 3003 887; x_wconf 88' lang='lat' dir='ltr'><strong>Ephesium</strong></span> <span class='ocrx_word' id='word_1_12' title='bbox 3058 784 3378 888; x_wconf 87' lang='lat' dir='ltr'><strong>philoso-</strong></span> 
     </span>
     <span class='ocr_line' id='line_1_3' title="bbox 612 908 3385 1018; baseline -0 -31"><span class='ocrx_word' id='word_1_13' title='bbox 612 910 877 1014; x_wconf 90' lang='lat' dir='ltr'><strong>phum,</strong></span> <span class='ocrx_word' id='word_1_14' title='bbox 936 939 1158 1014; x_wconf 90' lang='lat' dir='ltr'><strong>quem</strong></span> <span class='ocrx_word' id='word_1_15' title='bbox 1219 915 1678 1018; x_wconf 88' lang='lat' dir='ltr'>Pomponius</span> <span class='ocrx_word' id='word_1_16' title='bbox 1737 912 1943 1008; x_wconf 88' lang='lat' dir='ltr'><strong>(lib.</strong></span> <span class='ocrx_word' id='word_1_17' title='bbox 2006 915 2077 989; x_wconf 84' lang='lat'><strong>2.</strong></span> <span class='ocrx_word' id='word_1_18' title='bbox 2137 908 2203 1015; x_wconf 63' lang='grc' dir='ltr'><strong>ξ.</strong></span> <span class='ocrx_word' id='word_1_19' title='bbox 2262 916 2333 990; x_wconf 85' lang='grc'><strong>4.</strong></span> <span class='ocrx_word' id='word_1_20' title='bbox 2388 913 2483 988; x_wconf 87' lang='lat' dir='ltr'><strong>D.</strong></span> <span class='ocrx_word' id='word_1_21' title='bbox 2542 912 2653 988; x_wconf 92' lang='lat' dir='ltr'><strong>de</strong></span> <span class='ocrx_word' id='word_1_22' title='bbox 2713 911 2949 1011; x_wconf 91' lang='lat' dir='ltr'><strong>orig.</strong></span> <span class='ocrx_word' id='word_1_23' title='bbox 2996 912 3227 1014; x_wconf 86' lang='lat' dir='ltr'><strong>jur.)</strong></span> <span class='ocrx_word' id='word_1_24' title='bbox 3284 911 3385 987; x_wconf 88' lang='lat' dir='ltr'><strong>ait</strong></span> 
     </span>
     <span class='ocr_line' id='line_1_4' title="bbox 612 1035 3381 1134; baseline 0 -22"><span class='ocrx_word' id='word_1_25' title='bbox 612 1047 946 1114; x_wconf 88' lang='lat' dir='ltr'><strong>autorem</strong></span> <span class='ocrx_word' id='word_1_26' title='bbox 982 1039 1208 1118; x_wconf 88' lang='lat' dir='ltr'><strong>fuisse</strong></span> <span class='ocrx_word' id='word_1_27' title='bbox 1247 1041 1420 1120; x_wconf 90' lang='lat' dir='ltr'><strong>XII.</strong></span> <span class='ocrx_word' id='word_1_28' title='bbox 1463 1041 1892 1120; x_wconf 86' lang='lat' dir='ltr'><strong>tabularum</strong></span> <span class='ocrx_word' id='word_1_29' title='bbox 1913 1097 1931 1134; x_wconf 92' lang='lat'><strong>,</strong></span> <span class='ocrx_word' id='word_1_30' title='bbox 1986 1039 2275 1115; x_wconf 83' lang='lat' dir='ltr'><strong>Plinius</strong></span> <span class='ocrx_word' id='word_1_31' title='bbox 2328 1046 2577 1116; x_wconf 90' lang='lat' dir='ltr'><strong>autem</strong></span> <span class='ocrx_word' id='word_1_32' title='bbox 2634 1035 3029 1134; x_wconf 87' lang='lat' dir='ltr'><strong>(XXXIV,</strong></span> <span class='ocrx_word' id='word_1_33' title='bbox 3076 1036 3215 1130; x_wconf 88' lang='lat'><strong>11)</strong></span> <span class='ocrx_word' id='word_1_34' title='bbox 3271 1037 3381 1113; x_wconf 88' lang='lat' dir='ltr'><strong>in-</strong></span> 
     </span>
    </p>
   </div>
   <div class='ocr_carea' id='block_1_3' title="bbox 610 1162 2980 1266">
    <p class='ocr_par' dir='ltr' id='par_1_3' title="bbox 610 1162 2980 1266">
     <span class='ocr_line' id='line_1_5' title="bbox 610 1162 2980 1266; baseline 0.002 -29"><span class='ocrx_word' id='word_1_35' title='bbox 610 1173 1014 1263; x_wconf 88' lang='lat' dir='ltr'><strong>terpretem</strong></span> <span class='ocrx_word' id='word_1_36' title='bbox 1053 1175 1278 1243; x_wconf 86' lang='lat' dir='ltr'><strong>vocat</strong></span> <span class='ocrx_word' id='word_1_37' title='bbox 1315 1193 1570 1244; x_wconf 89' lang='lat' dir='ltr'><strong>earum</strong></span> <span class='ocrx_word' id='word_1_38' title='bbox 1604 1165 1897 1266; x_wconf 87' lang='lat' dir='ltr'><strong>legum,</strong></span> <span class='ocrx_word' id='word_1_39' title='bbox 1964 1191 2149 1266; x_wconf 90' lang='lat' dir='ltr'><strong>quas</strong></span> <span class='ocrx_word' id='word_1_40' title='bbox 2186 1163 2587 1242; x_wconf 86' lang='lat' dir='ltr'><strong>decemviri</strong></span> <span class='ocrx_word' id='word_1_41' title='bbox 2624 1162 2980 1242; x_wconf 84' lang='lat' dir='ltr'><strong>ferebant.</strong></span> 
     </span>
    </p>
   </div>
   <div class='ocr_carea' id='block_1_4' title="bbox 592 1307 3385 5431">
    <p class='ocr_par' dir='ltr' id='par_1_4' title="bbox 592 1307 3385 2919">
     <span class='ocr_line' id='line_1_6' title="bbox 826 1307 3385 1412; baseline -0.001 -27"><span class='ocrx_word' id='word_1_42' title='bbox 826 1307 926 1385; x_wconf 86' lang='lat' dir='ltr'><strong>Hi</strong></span> <span class='ocrx_word' id='word_1_43' title='bbox 966 1307 1400 1404; x_wconf 86' lang='lat' dir='ltr'><strong>decemviri,</strong></span> <span class='ocrx_word' id='word_1_44' title='bbox 1449 1322 1638 1388; x_wconf 90' lang='lat' dir='ltr'><strong>teste</strong></span> <span class='ocrx_word' id='word_1_45' title='bbox 1677 1309 2038 1412; x_wconf 89' lang='lat' dir='ltr'><strong>Dionysio</strong></span> <span class='ocrx_word' id='word_1_46' title='bbox 2078 1309 2213 1404; x_wconf 86' lang='lat' dir='ltr'><strong>(X,</strong></span> <span class='ocrx_word' id='word_1_47' title='bbox 2260 1309 2423 1403; x_wconf 85' lang='lat'><strong>57),</strong></span> <span class='ocrx_word' id='word_1_48' title='bbox 2481 1308 2688 1406; x_wconf 87' lang='lat' dir='ltr'><strong>leges</strong></span> <span class='ocrx_word' id='word_1_49' title='bbox 2727 1308 3189 1411; x_wconf 83' lang='lat' dir='ltr'><strong>conscriptas</strong></span> <span class='ocrx_word' id='word_1_50' title='bbox 3226 1316 3385 1384; x_wconf 89' lang='lat' dir='ltr'><strong>tum</strong></span> 
     </span>
     <span class='ocr_line' id='line_1_7' title="bbox 611 1432 3383 1538; baseline -0 -28"><span class='ocrx_word' id='word_1_51' title='bbox 611 1460 650 1510; x_wconf 90' lang='lat' dir='ltr'><strong>e</strong></span> <span class='ocrx_word' id='word_1_52' title='bbox 690 1432 1155 1514; x_wconf 82' lang='lat' dir='ltr'><strong>Graecorum</strong></span> <span class='ocrx_word' id='word_1_53' title='bbox 1181 1438 1351 1538; x_wconf 88' lang='lat' dir='ltr'><strong>jure</strong></span> <span class='ocrx_word' id='word_1_54' title='bbox 1377 1496 1396 1532; x_wconf 96' lang='lat'><strong>,</strong></span> <span class='ocrx_word' id='word_1_55' title='bbox 1452 1447 1612 1512; x_wconf 90' lang='lat' dir='ltr'><strong>tum</strong></span> <span class='ocrx_word' id='word_1_56' title='bbox 1650 1461 1689 1511; x_wconf 94' lang='lat' dir='ltr'><strong>e</strong></span> <span class='ocrx_word' id='word_1_57' title='bbox 1729 1435 1881 1512; x_wconf 91' lang='lat' dir='ltr'><strong>suis</strong></span> <span class='ocrx_word' id='word_1_58' title='bbox 1925 1434 2257 1514; x_wconf 87' lang='lat' dir='ltr'><strong>moribus</strong></span> <span class='ocrx_word' id='word_1_59' title='bbox 2294 1461 2450 1511; x_wconf 92' lang='lat' dir='ltr'><strong>non</strong></span> <span class='ocrx_word' id='word_1_60' title='bbox 2488 1435 2820 1534; x_wconf 89' lang='lat' dir='ltr'><strong>scriptis,</strong></span> <span class='ocrx_word' id='word_1_61' title='bbox 2861 1434 2937 1508; x_wconf 92' lang='lat' dir='ltr'><strong>in</strong></span> <span class='ocrx_word' id='word_1_62' title='bbox 2977 1432 3234 1510; x_wconf 92' lang='lat' dir='ltr'><strong>decem</strong></span> <span class='ocrx_word' id='word_1_63' title='bbox 3272 1444 3383 1509; x_wconf 91' lang='lat' dir='ltr'><strong>ta-</strong></span> 
     </span>
     <span class='ocr_line' id='line_1_8' title="bbox 592 1559 3383 1665; baseline -0.001 -27"><span class='ocrx_word' id='word_1_64' title='bbox 592 1562 805 1638; x_wconf 88' lang='lat' dir='ltr'><strong>&#39;bulis</strong></span> <span class='ocrx_word' id='word_1_65' title='bbox 859 1561 1170 1640; x_wconf 80' lang='lat' dir='ltr'><strong>cuilibet</strong></span> <span class='ocrx_word' id='word_1_66' title='bbox 1227 1562 1789 1665; x_wconf 84' lang='lat' dir='ltr'><strong>cognoscendas</strong></span> <span class='ocrx_word' id='word_1_67' title='bbox 1866 1571 2457 1663; x_wconf 89' lang='lat' dir='ltr'><strong>proposuerunt,</strong></span> <span class='ocrx_word' id='word_1_68' title='bbox 2540 1561 2871 1637; x_wconf 90' lang='lat' dir='ltr'><strong>omnium</strong></span> <span class='ocrx_word' id='word_1_69' title='bbox 2928 1559 3383 1659; x_wconf 88' lang='lat' dir='ltr'><strong>privatorum</strong></span> 
     </span>
     <span class='ocr_line' id='line_1_9' title="bbox 608 1684 3381 1786; baseline -0.002 -23"><span class='ocrx_word' id='word_1_70' title='bbox 608 1689 1148 1765; x_wconf 80' lang='lat' dir='ltr'><strong>correctionem</strong></span> <span class='ocrx_word' id='word_1_71' title='bbox 1205 1688 1718 1782; x_wconf 83' lang='lat' dir='ltr'><strong>admittentes,</strong></span> <span class='ocrx_word' id='word_1_72' title='bbox 1785 1698 1860 1763; x_wconf 91' lang='lat' dir='ltr'><strong>et</strong></span> <span class='ocrx_word' id='word_1_73' title='bbox 1898 1686 2041 1764; x_wconf 90' lang='lat' dir='ltr'><strong>hoc</strong></span> <span class='ocrx_word' id='word_1_74' title='bbox 2078 1696 2385 1786; x_wconf 83' lang='lat' dir='ltr'><strong>agentes</strong></span> <span class='ocrx_word' id='word_1_75' title='bbox 2425 1698 2506 1762; x_wconf 90' lang='lat' dir='ltr'><strong>ut</strong></span> <span class='ocrx_word' id='word_1_76' title='bbox 2541 1685 2748 1782; x_wconf 88' lang='lat' dir='ltr'><strong>leges</strong></span> <span class='ocrx_word' id='word_1_77' title='bbox 2787 1685 3105 1785; x_wconf 86' lang='lat' dir='ltr'><strong>scriptae</strong></span> <span class='ocrx_word' id='word_1_78' title='bbox 3146 1684 3381 1761; x_wconf 92' lang='lat' dir='ltr'><strong>omni-</strong></span> 
     </span>
     <span class='ocr_line' id='line_1_10' title="bbox 606 1807 3381 1914; baseline -0.001 -26"><span class='ocrx_word' id='word_1_79' title='bbox 606 1813 746 1890; x_wconf 91' lang='lat' dir='ltr'><strong>bus</strong></span> <span class='ocrx_word' id='word_1_80' title='bbox 785 1813 1188 1914; x_wconf 85' lang='lat' dir='ltr'><strong>placerent.</strong></span> <span class='ocrx_word' id='word_1_81' title='bbox 1267 1813 1558 1914; x_wconf 91' lang='lat' dir='ltr'><strong>Diuque</strong></span> <span class='ocrx_word' id='word_1_82' title='bbox 1596 1815 1672 1889; x_wconf 91' lang='lat' dir='ltr'><strong>in</strong></span> <span class='ocrx_word' id='word_1_83' title='bbox 1714 1811 2017 1914; x_wconf 90' lang='lat' dir='ltr'><strong>publico</strong></span> <span class='ocrx_word' id='word_1_84' title='bbox 2074 1837 2241 1888; x_wconf 91' lang='lat' dir='ltr'><strong>cum</strong></span> <span class='ocrx_word' id='word_1_85' title='bbox 2281 1813 2576 1914; x_wconf 82' lang='lat' dir='ltr'><strong>optimis</strong></span> <span class='ocrx_word' id='word_1_86' title='bbox 2616 1809 3034 1912; x_wconf 86' lang='lat' dir='ltr'><strong>quibusque</strong></span> <span class='ocrx_word' id='word_1_87' title='bbox 3072 1807 3252 1886; x_wconf 86' lang='lat' dir='ltr'><strong>viris</strong></span> <span class='ocrx_word' id='word_1_88' title='bbox 3288 1808 3381 1885; x_wconf 92' lang='lat' dir='ltr'><strong>de</strong></span> 
     </span>
     <span class='ocr_line' id='line_1_11' title="bbox 605 1933 3381 2036; baseline 0 -24"><span class='ocrx_word' id='word_1_89' title='bbox 605 1938 694 2012; x_wconf 89' lang='lat' dir='ltr'><strong>iis</strong></span> <span class='ocrx_word' id='word_1_90' title='bbox 732 1937 1030 2036; x_wconf 90' lang='lat' dir='ltr'><strong>legibus</strong></span> <span class='ocrx_word' id='word_1_91' title='bbox 1068 1939 1619 2033; x_wconf 89' lang='lat' dir='ltr'><strong>consultarunt,</strong></span> <span class='ocrx_word' id='word_1_92' title='bbox 1663 1963 1787 2014; x_wconf 91' lang='lat' dir='ltr'><strong>eas</strong></span> <span class='ocrx_word' id='word_1_93' title='bbox 1825 1937 2375 2014; x_wconf 82' lang='lat' dir='ltr'><strong>accuratissime</strong></span> <span class='ocrx_word' id='word_1_94' title='bbox 2415 1935 2944 2013; x_wconf 86' lang='lat' dir='ltr'><strong>examinantes.</strong></span> <span class='ocrx_word' id='word_1_95' title='bbox 3012 1933 3167 2012; x_wconf 87' lang='lat' dir='ltr'><strong>Ubi</strong></span> <span class='ocrx_word' id='word_1_96' title='bbox 3203 1960 3381 2012; x_wconf 87' lang='lat' dir='ltr'><strong>vero</strong></span> 
     </span>
     <span class='ocr_line' id='line_1_12' title="bbox 604 2061 3380 2165; baseline -0.001 -27"><span class='ocrx_word' id='word_1_97' title='bbox 604 2064 812 2163; x_wconf 88' lang='lat' dir='ltr'><strong>leges</strong></span> <span class='ocrx_word' id='word_1_98' title='bbox 868 2065 1188 2165; x_wconf 87' lang='lat' dir='ltr'><strong>scriptae</strong></span> <span class='ocrx_word' id='word_1_99' title='bbox 1249 2063 1453 2140; x_wconf 87' lang='lat' dir='ltr'><strong>visae</strong></span> <span class='ocrx_word' id='word_1_100' title='bbox 1516 2075 1690 2140; x_wconf 86' lang='lat' dir='ltr'><strong>sunt</strong></span> <span class='ocrx_word' id='word_1_101' title='bbox 1737 2063 1915 2140; x_wconf 89' lang='lat' dir='ltr'><strong>satis</strong></span> <span class='ocrx_word' id='word_1_102' title='bbox 1971 2062 2167 2140; x_wconf 92' lang='lat' dir='ltr'><strong>bene</strong></span> <span class='ocrx_word' id='word_1_103' title='bbox 2220 2062 2538 2157; x_wconf 88' lang='lat' dir='ltr'><strong>habere,</strong></span> <span class='ocrx_word' id='word_1_104' title='bbox 2597 2061 2919 2164; x_wconf 90' lang='lat' dir='ltr'><strong>primum</strong></span> <span class='ocrx_word' id='word_1_105' title='bbox 2965 2071 3223 2138; x_wconf 89' lang='lat' dir='ltr'><strong>coacto</strong></span> <span class='ocrx_word' id='word_1_106' title='bbox 3266 2084 3380 2136; x_wconf 90' lang='lat' dir='ltr'><strong>se-</strong></span> 
     </span>
     <span class='ocr_line' id='line_1_13' title="bbox 604 2185 3383 2290; baseline -0.001 -27"><span class='ocrx_word' id='word_1_107' title='bbox 604 2199 824 2284; x_wconf 87' lang='lat' dir='ltr'><strong>natu,</strong></span> <span class='ocrx_word' id='word_1_108' title='bbox 866 2191 1164 2266; x_wconf 88' lang='lat' dir='ltr'><strong>nemine</strong></span> <span class='ocrx_word' id='word_1_109' title='bbox 1203 2189 1526 2290; x_wconf 90' lang='lat' dir='ltr'><strong>amplius</strong></span> <span class='ocrx_word' id='word_1_110' title='bbox 1569 2214 1693 2265; x_wconf 88' lang='lat' dir='ltr'><strong>eas</strong></span> <span class='ocrx_word' id='word_1_111' title='bbox 1728 2187 1935 2288; x_wconf 89' lang='lat' dir='ltr'><strong>leges</strong></span> <span class='ocrx_word' id='word_1_112' title='bbox 1976 2185 2611 2289; x_wconf 88' lang='lat' dir='ltr'><strong>reprehendente,</strong></span> <span class='ocrx_word' id='word_1_113' title='bbox 2652 2185 3383 2263; x_wconf 85' lang='lat' dir='ltr'><strong>senatusconsultum</strong></span> 
     </span>
     <span class='ocr_line' id='line_1_14' title="bbox 605 2311 3379 2416; baseline -0.001 -26"><span class='ocrx_word' id='word_1_114' title='bbox 605 2314 697 2390; x_wconf 90' lang='lat' dir='ltr'><strong>de</strong></span> <span class='ocrx_word' id='word_1_115' title='bbox 735 2313 916 2415; x_wconf 89' lang='lat' dir='ltr'><strong>ipsis</strong></span> <span class='ocrx_word' id='word_1_116' title='bbox 953 2313 1312 2392; x_wconf 66' lang='lat' dir='ltr'><strong>fecerunt.</strong></span> <span class='ocrx_word' id='word_1_117' title='bbox 1362 2313 1650 2390; x_wconf 89' lang='lat' dir='ltr'><strong>Deinde</strong></span> <span class='ocrx_word' id='word_1_118' title='bbox 1690 2314 1975 2416; x_wconf 91' lang='lat' dir='ltr'><strong>populo</strong></span> <span class='ocrx_word' id='word_1_119' title='bbox 2016 2314 2112 2390; x_wconf 90' lang='lat' dir='ltr'><strong>ad</strong></span> <span class='ocrx_word' id='word_1_120' title='bbox 2151 2312 2455 2391; x_wconf 89' lang='lat' dir='ltr'><strong>comitia</strong></span> <span class='ocrx_word' id='word_1_121' title='bbox 2491 2311 2901 2390; x_wconf 87' lang='lat' dir='ltr'><strong>centuriata</strong></span> <span class='ocrx_word' id='word_1_122' title='bbox 2936 2322 3379 2406; x_wconf 88' lang='lat' dir='ltr'><strong>convocato,</strong></span> 
     </span>
     <span class='ocr_line' id='line_1_15' title="bbox 605 2429 3379 2541; baseline -0 -27"><span class='ocrx_word' id='word_1_123' title='bbox 605 2429 1122 2541; x_wconf 81' lang='lat' dir='ltr'><strong>pontificibus,</strong></span> <span class='ocrx_word' id='word_1_124' title='bbox 1181 2439 1633 2540; x_wconf 79' lang='lat' dir='ltr'><strong>auguribuS,</strong></span> <span class='ocrx_word' id='word_1_125' title='bbox 1693 2439 1999 2540; x_wconf 89' lang='lat' dir='ltr'><strong>aliisque</strong></span> <span class='ocrx_word' id='word_1_126' title='bbox 2040 2439 2555 2516; x_wconf 89' lang='lat' dir='ltr'><strong>sacerdotibus</strong></span> <span class='ocrx_word' id='word_1_127' title='bbox 2591 2439 3151 2540; x_wconf 89' lang='lat' dir='ltr'><strong>praesentibus,</strong></span> <span class='ocrx_word' id='word_1_128' title='bbox 3204 2465 3379 2514; x_wconf 91' lang='lat' dir='ltr'><strong>cen-</strong></span> 
     </span>
     <span class='ocr_line' id='line_1_16' title="bbox 604 2563 3379 2668; baseline -0.001 -27"><span class='ocrx_word' id='word_1_129' title='bbox 604 2565 830 2644; x_wconf 87' lang='lat' dir='ltr'><strong>turias</strong></span> <span class='ocrx_word' id='word_1_130' title='bbox 867 2567 945 2644; x_wconf 89' lang='lat' dir='ltr'><strong>in</strong></span> <span class='ocrx_word' id='word_1_131' title='bbox 985 2566 1342 2668; x_wconf 86' lang='lat' dir='ltr'><strong>suffragia</strong></span> <span class='ocrx_word' id='word_1_132' title='bbox 1376 2568 1762 2643; x_wconf 89' lang='lat' dir='ltr'><strong>miserunt.</strong></span> <span class='ocrx_word' id='word_1_133' title='bbox 1838 2568 2083 2664; x_wconf 86' lang='lat' dir='ltr'><strong>Leges</strong></span> <span class='ocrx_word' id='word_1_134' title='bbox 2141 2576 2389 2643; x_wconf 89' lang='lat' dir='ltr'><strong>autem</strong></span> <span class='ocrx_word' id='word_1_135' title='bbox 2427 2563 2822 2666; x_wconf 88' lang='lat' dir='ltr'><strong>plebiscito</strong></span> <span class='ocrx_word' id='word_1_136' title='bbox 2863 2590 3159 2667; x_wconf 91' lang='lat' dir='ltr'><strong>quoque</strong></span> <span class='ocrx_word' id='word_1_137' title='bbox 3199 2589 3379 2641; x_wconf 89' lang='lat' dir='ltr'><strong>con-</strong></span> 
     </span>
     <span class='ocr_line' id='line_1_17' title="bbox 605 2689 3380 2786; baseline -0 -19"><span class='ocrx_word' id='word_1_138' title='bbox 605 2692 928 2768; x_wconf 86' lang='lat' dir='ltr'><strong>firmatas</strong></span> <span class='ocrx_word' id='word_1_139' title='bbox 969 2701 1043 2768; x_wconf 92' lang='lat' dir='ltr'><strong>et</strong></span> <span class='ocrx_word' id='word_1_140' title='bbox 1077 2693 1156 2768; x_wconf 92' lang='lat' dir='ltr'><strong>in</strong></span> <span class='ocrx_word' id='word_1_141' title='bbox 1195 2693 1431 2769; x_wconf 90' lang='lat' dir='ltr'><strong>aereis</strong></span> <span class='ocrx_word' id='word_1_142' title='bbox 1488 2692 1850 2768; x_wconf 89' lang='lat' dir='ltr'><strong>columnis</strong></span> <span class='ocrx_word' id='word_1_143' title='bbox 1907 2693 2221 2786; x_wconf 89' lang='lat' dir='ltr'><strong>incisas,</strong></span> <span class='ocrx_word' id='word_1_144' title='bbox 2277 2691 2356 2766; x_wconf 91' lang='lat' dir='ltr'><strong>in</strong></span> <span class='ocrx_word' id='word_1_145' title='bbox 2409 2689 2571 2767; x_wconf 93' lang='lat' dir='ltr'><strong>loco</strong></span> <span class='ocrx_word' id='word_1_146' title='bbox 2630 2690 2771 2767; x_wconf 89' lang='lat' dir='ltr'><strong>fori</strong></span> <span class='ocrx_word' id='word_1_147' title='bbox 2828 2692 3147 2768; x_wconf 86' lang='lat' dir='ltr'><strong>maxime</strong></span> <span class='ocrx_word' id='word_1_148' title='bbox 3201 2715 3380 2766; x_wconf 93' lang='lat' dir='ltr'><strong>con-</strong></span> 
     </span>
     <span class='ocr_line' id='line_1_18' title="bbox 602 2815 2204 2919; baseline 0.001 -27"><span class='ocrx_word' id='word_1_149' title='bbox 602 2816 859 2917; x_wconf 88' lang='lat' dir='ltr'><strong>spicuo</strong></span> <span class='ocrx_word' id='word_1_150' title='bbox 899 2815 1158 2894; x_wconf 86' lang='lat' dir='ltr'><strong>ordine</strong></span> <span class='ocrx_word' id='word_1_151' title='bbox 1199 2815 1596 2919; x_wconf 88' lang='lat' dir='ltr'><strong>dispositas</strong></span> <span class='ocrx_word' id='word_1_152' title='bbox 1636 2829 2204 2918; x_wconf 87' lang='lat' dir='ltr'><strong>proposuerunt.</strong></span> 
     </span>
    </p>

    <p class='ocr_par' dir='ltr' id='par_1_5' title="bbox 602 2938 3377 3170">
     <span class='ocr_line' id='line_1_19' title="bbox 817 2938 3377 3045; baseline 0.001 -28"><span class='ocrx_word' id='word_1_153' title='bbox 817 2941 1150 3018; x_wconf 85' lang='lat' dir='ltr'><strong>Tabulas</strong></span> <span class='ocrx_word' id='word_1_154' title='bbox 1189 2953 1437 3019; x_wconf 89' lang='lat' dir='ltr'><strong>autem</strong></span> <span class='ocrx_word' id='word_1_155' title='bbox 1477 2955 1841 3021; x_wconf 88' lang='lat' dir='ltr'><strong>vocarunt</strong></span> <span class='ocrx_word' id='word_1_156' title='bbox 1876 2943 2287 3019; x_wconf 90' lang='lat' dir='ltr'><strong>imitatione</strong></span> <span class='ocrx_word' id='word_1_157' title='bbox 2329 2942 2938 3039; x_wconf 89' lang='lat' dir='ltr'><strong>Atheniensium,</strong></span> <span class='ocrx_word' id='word_1_158' title='bbox 3001 2941 3124 3045; x_wconf 92' lang='lat' dir='ltr'><strong>qui</strong></span> <span class='ocrx_word' id='word_1_159' title='bbox 3163 2938 3377 3019; x_wconf 85' lang='lat' dir='ltr'><strong>Solo-</strong></span> 
     </span>
     <span class='ocr_line' id='line_1_20' title="bbox 602 3056 2587 3170; baseline 0.002 -28"><span class='ocrx_word' id='word_1_160' title='bbox 602 3066 718 3143; x_wconf 89' lang='lat' dir='ltr'><strong>nis</strong></span> <span class='ocrx_word' id='word_1_161' title='bbox 753 3067 956 3163; x_wconf 85' lang='lat' dir='ltr'><strong>leges</strong></span> <span class='ocrx_word' id='word_1_162' title='bbox 999 3066 1292 3161; x_wconf 82' lang='lat' dir='ltr'><strong>tabellis</strong></span> <span class='ocrx_word' id='word_1_163' title='bbox 1325 3068 1732 3170; x_wconf 88' lang='lat' dir='ltr'><strong>insculptas</strong></span> <span class='ocrx_word' id='word_1_164' title='bbox 1771 3067 2251 3170; x_wconf 87' lang='lat' dir='ltr'><strong>appellarunt</strong></span> <span class='ocrx_word' id='word_1_165' title='bbox 2287 3056 2587 3155; x_wconf 74' lang='grc' dir='ltr'><strong><em>ἄξονας.</em></strong></span> 
     </span>
    </p>

    <p class='ocr_par' dir='ltr' id='par_1_6' title="bbox 599 3192 3377 5169">
     <span class='ocr_line' id='line_1_21' title="bbox 816 3192 3375 3293; baseline 0 -25"><span class='ocrx_word' id='word_1_166' title='bbox 816 3194 930 3268; x_wconf 83' lang='lat' dir='ltr'><strong>Ex</strong></span> <span class='ocrx_word' id='word_1_167' title='bbox 952 3218 1211 3269; x_wconf 88' lang='lat' dir='ltr'><strong>eonon</strong></span> <span class='ocrx_word' id='word_1_168' title='bbox 1231 3194 1456 3292; x_wconf 87' lang='lat' dir='ltr'><strong>longe</strong></span> <span class='ocrx_word' id='word_1_169' title='bbox 1488 3194 1888 3271; x_wconf 84' lang='lat' dir='ltr'><strong>abiverunt</strong></span> <span class='ocrx_word' id='word_1_170' title='bbox 1907 3194 2225 3270; x_wconf 88' lang='lat' dir='ltr'><strong>Romani</strong></span> <span class='ocrx_word' id='word_1_171' title='bbox 2262 3194 2339 3268; x_wconf 92' lang='lat' dir='ltr'><strong>in</strong></span> <span class='ocrx_word' id='word_1_172' title='bbox 2377 3193 2704 3271; x_wconf 88' lang='lat' dir='ltr'><strong>ferendis</strong></span> <span class='ocrx_word' id='word_1_173' title='bbox 2740 3193 3029 3293; x_wconf 89' lang='lat' dir='ltr'><strong>legibus</strong></span> <span class='ocrx_word' id='word_1_174' title='bbox 3070 3220 3115 3271; x_wconf 90' lang='lat' dir='ltr'><strong>a</strong></span> <span class='ocrx_word' id='word_1_175' title='bbox 3137 3192 3375 3271; x_wconf 79' lang='lat' dir='ltr'><strong>Grae-</strong></span> 
     </span>
     <span class='ocr_line' id='line_1_22' title="bbox 603 3317 3377 3421; baseline 0.001 -28"><span class='ocrx_word' id='word_1_176' title='bbox 603 3344 852 3395; x_wconf 88' lang='lat' dir='ltr'><strong>corum</strong></span> <span class='ocrx_word' id='word_1_177' title='bbox 885 3318 1174 3395; x_wconf 89' lang='lat' dir='ltr'><strong>ratione</strong></span> <span class='ocrx_word' id='word_1_178' title='bbox 1197 3319 1452 3418; x_wconf 90' lang='lat' dir='ltr'><strong>legum</strong></span> <span class='ocrx_word' id='word_1_179' title='bbox 1483 3317 2048 3396; x_wconf 89' lang='lat' dir='ltr'><strong>sciscendarum.</strong></span> <span class='ocrx_word' id='word_1_180' title='bbox 2088 3320 2563 3415; x_wconf 86' lang='lat' dir='ltr'><strong>Magistratus</strong></span> <span class='ocrx_word' id='word_1_181' title='bbox 2592 3344 2859 3421; x_wconf 92' lang='lat' dir='ltr'><strong>nempe</strong></span> <span class='ocrx_word' id='word_1_182' title='bbox 2896 3321 3146 3419; x_wconf 89' lang='lat' dir='ltr'><strong>legem</strong></span> <span class='ocrx_word' id='word_1_183' title='bbox 3181 3322 3377 3396; x_wconf 90' lang='lat' dir='ltr'><strong>latu-</strong></span> 
     </span>
     <span class='ocr_line' id='line_1_23' title="bbox 602 3443 3376 3546; baseline 0.001 -27"><span class='ocrx_word' id='word_1_184' title='bbox 602 3470 727 3519; x_wconf 87' lang='lat' dir='ltr'><strong>rus</strong></span> <span class='ocrx_word' id='word_1_185' title='bbox 763 3444 1144 3520; x_wconf 88' lang='lat' dir='ltr'><strong>scribebat</strong></span> <span class='ocrx_word' id='word_1_186' title='bbox 1180 3470 1346 3521; x_wconf 90' lang='lat' dir='ltr'><strong>eam</strong></span> <span class='ocrx_word' id='word_1_187' title='bbox 1385 3443 1584 3520; x_wconf 90' lang='lat' dir='ltr'><strong>domi</strong></span> <span class='ocrx_word' id='word_1_188' title='bbox 1624 3454 1698 3520; x_wconf 93' lang='lat' dir='ltr'><strong>et</strong></span> <span class='ocrx_word' id='word_1_189' title='bbox 1735 3469 1906 3520; x_wconf 90' lang='lat' dir='ltr'><strong>cum</strong></span> <span class='ocrx_word' id='word_1_190' title='bbox 1943 3444 2200 3544; x_wconf 90' lang='lat' dir='ltr'><strong>peritis</strong></span> <span class='ocrx_word' id='word_1_191' title='bbox 2255 3447 2771 3541; x_wconf 87' lang='lat' dir='ltr'><strong>consultabat,</strong></span> <span class='ocrx_word' id='word_1_192' title='bbox 2832 3470 2925 3521; x_wconf 91' lang='lat' dir='ltr'><strong>ne</strong></span> <span class='ocrx_word' id='word_1_193' title='bbox 2982 3445 3157 3546; x_wconf 91' lang='lat' dir='ltr'><strong>quid</strong></span> <span class='ocrx_word' id='word_1_194' title='bbox 3196 3471 3376 3521; x_wconf 90' lang='lat' dir='ltr'><strong>con-</strong></span> 
     </span>
     <span class='ocr_line' id='line_1_24' title="bbox 602 3568 3377 3673; baseline 0.001 -29"><span class='ocrx_word' id='word_1_195' title='bbox 602 3579 718 3648; x_wconf 91' lang='lat' dir='ltr'><strong>tra</strong></span> <span class='ocrx_word' id='word_1_196' title='bbox 753 3572 1010 3671; x_wconf 91' lang='lat' dir='ltr'><strong>populi</strong></span> <span class='ocrx_word' id='word_1_197' title='bbox 1046 3594 1202 3645; x_wconf 90' lang='lat' dir='ltr'><strong>rem</strong></span> <span class='ocrx_word' id='word_1_198' title='bbox 1240 3581 1370 3646; x_wconf 92' lang='lat' dir='ltr'><strong>aut</strong></span> <span class='ocrx_word' id='word_1_199' title='bbox 1405 3568 1868 3648; x_wconf 89' lang='lat' dir='ltr'><strong>voluntatem</strong></span> <span class='ocrx_word' id='word_1_200' title='bbox 1904 3570 2264 3664; x_wconf 82' lang='lat' dir='ltr'><strong>sanciret3</strong></span> <span class='ocrx_word' id='word_1_201' title='bbox 2302 3598 2397 3647; x_wconf 91' lang='lat' dir='ltr'><strong>ne</strong></span> <span class='ocrx_word' id='word_1_202' title='bbox 2442 3572 2635 3650; x_wconf 89' lang='lat' dir='ltr'><strong>forte</strong></span> <span class='ocrx_word' id='word_1_203' title='bbox 2674 3571 3087 3673; x_wconf 86' lang='lat' dir='ltr'><strong>pugnantia</strong></span> <span class='ocrx_word' id='word_1_204' title='bbox 3123 3572 3377 3672; x_wconf 88' lang='lat' dir='ltr'><strong>capita</strong></span> 
     </span>
     <span class='ocr_line' id='line_1_25' title="bbox 603 3694 3377 3795; baseline 0 -23"><span class='ocrx_word' id='word_1_205' title='bbox 603 3696 819 3772; x_wconf 90' lang='lat' dir='ltr'><strong>simul</strong></span> <span class='ocrx_word' id='word_1_206' title='bbox 855 3696 1098 3772; x_wconf 89' lang='lat' dir='ltr'><strong>ferret.</strong></span> <span class='ocrx_word' id='word_1_207' title='bbox 1175 3694 1602 3795; x_wconf 89' lang='lat' dir='ltr'><strong>Legislator</strong></span> <span class='ocrx_word' id='word_1_208' title='bbox 1656 3695 1904 3793; x_wconf 90' lang='lat' dir='ltr'><strong>legem</strong></span> <span class='ocrx_word' id='word_1_209' title='bbox 1948 3722 2158 3773; x_wconf 88' lang='lat' dir='ltr'><strong>suam</strong></span> <span class='ocrx_word' id='word_1_210' title='bbox 2209 3695 2581 3774; x_wconf 84' lang='lat' dir='ltr'><strong>referebat</strong></span> <span class='ocrx_word' id='word_1_211' title='bbox 2616 3698 2711 3773; x_wconf 87' lang='lat' dir='ltr'><strong>ad</strong></span> <span class='ocrx_word' id='word_1_212' title='bbox 2750 3708 3131 3793; x_wconf 89' lang='lat' dir='ltr'><strong>senatum,</strong></span> <span class='ocrx_word' id='word_1_213' title='bbox 3191 3705 3274 3771; x_wconf 92' lang='lat' dir='ltr'><strong>ut</strong></span> <span class='ocrx_word' id='word_1_214' title='bbox 3308 3696 3377 3772; x_wconf 92' lang='lat' dir='ltr'><strong>is</strong></span> 
     </span>
     <span class='ocr_line' id='line_1_26' title="bbox 602 3819 3371 3924; baseline -0.001 -26"><span class='ocrx_word' id='word_1_215' title='bbox 602 3822 1048 3898; x_wconf 88' lang='lat' dir='ltr'><strong>sententiam</strong></span> <span class='ocrx_word' id='word_1_216' title='bbox 1086 3819 1176 3897; x_wconf 91' lang='lat' dir='ltr'><strong>de</strong></span> <span class='ocrx_word' id='word_1_217' title='bbox 1215 3846 1306 3899; x_wconf 89' lang='lat' dir='ltr'><strong>ea</strong></span> <span class='ocrx_word' id='word_1_218' title='bbox 1341 3823 1592 3899; x_wconf 87' lang='lat' dir='ltr'><strong>ferret.</strong></span> <span class='ocrx_word' id='word_1_219' title='bbox 1671 3822 1963 3897; x_wconf 87' lang='lat' dir='ltr'><strong>Deinde</strong></span> <span class='ocrx_word' id='word_1_220' title='bbox 1999 3822 2121 3900; x_wconf 85' lang='lat' dir='ltr'><strong>lex</strong></span> <span class='ocrx_word' id='word_1_221' title='bbox 2157 3823 2235 3897; x_wconf 93' lang='lat' dir='ltr'><strong>in</strong></span> <span class='ocrx_word' id='word_1_222' title='bbox 2274 3822 2578 3924; x_wconf 89' lang='lat' dir='ltr'><strong>publico</strong></span> <span class='ocrx_word' id='word_1_223' title='bbox 2616 3820 3077 3922; x_wconf 89' lang='lat' dir='ltr'><strong>ponebatur,</strong></span> <span class='ocrx_word' id='word_1_224' title='bbox 3133 3831 3217 3896; x_wconf 91' lang='lat' dir='ltr'><strong>ut</strong></span> <span class='ocrx_word' id='word_1_225' title='bbox 3254 3822 3371 3896; x_wconf 92' lang='lat' dir='ltr'><strong>in-</strong></span> 
     </span>
     <span class='ocr_line' id='line_1_27' title="bbox 602 3945 3373 4049; baseline 0 -28"><span class='ocrx_word' id='word_1_226' title='bbox 602 3948 963 4049; x_wconf 84' lang='lat' dir='ltr'><strong>spiceret,</strong></span> <span class='ocrx_word' id='word_1_227' title='bbox 1003 3947 1132 4047; x_wconf 89' lang='lat' dir='ltr'><strong>qui</strong></span> <span class='ocrx_word' id='word_1_228' title='bbox 1171 3945 1434 4042; x_wconf 84' lang='lat' dir='ltr'><strong>vellet3</strong></span> <span class='ocrx_word' id='word_1_229' title='bbox 1489 3947 1777 4048; x_wconf 89' lang='lat' dir='ltr'><strong>hocque</strong></span> <span class='ocrx_word' id='word_1_230' title='bbox 1815 3972 1949 4048; x_wconf 89' lang='lat' dir='ltr'><strong>per</strong></span> <span class='ocrx_word' id='word_1_231' title='bbox 1985 3950 2217 4026; x_wconf 90' lang='lat' dir='ltr'><strong>trinas</strong></span> <span class='ocrx_word' id='word_1_232' title='bbox 2256 3950 2625 4027; x_wconf 89' lang='lat' dir='ltr'><strong>nundinas</strong></span> <span class='ocrx_word' id='word_1_233' title='bbox 2678 3946 3195 4044; x_wconf 86' lang='lat' dir='ltr'><strong>(trinundino)</strong></span> <span class='ocrx_word' id='word_1_234' title='bbox 3235 3945 3373 4022; x_wconf 91' lang='lat' dir='ltr'><strong>du-</strong></span> 
     </span>
     <span class='ocr_line' id='line_1_28' title="bbox 603 4072 3377 4176; baseline -0.001 -26"><span class='ocrx_word' id='word_1_235' title='bbox 603 4074 856 4169; x_wconf 86' lang='lat' dir='ltr'><strong>rabat,</strong></span> <span class='ocrx_word' id='word_1_236' title='bbox 913 4084 998 4149; x_wconf 87' lang='lat' dir='ltr'><strong>ut</strong></span> <span class='ocrx_word' id='word_1_237' title='bbox 1053 4074 1276 4149; x_wconf 88' lang='lat' dir='ltr'><strong>etiam</strong></span> <span class='ocrx_word' id='word_1_238' title='bbox 1314 4098 1359 4149; x_wconf 89' lang='lat' dir='ltr'><strong>a</strong></span> <span class='ocrx_word' id='word_1_239' title='bbox 1398 4076 1672 4153; x_wconf 87' lang='lat' dir='ltr'><strong>rustica</strong></span> <span class='ocrx_word' id='word_1_240' title='bbox 1708 4074 1934 4176; x_wconf 91' lang='lat' dir='ltr'><strong>plebe</strong></span> <span class='ocrx_word' id='word_1_241' title='bbox 1973 4086 2083 4152; x_wconf 88' lang='lat' dir='ltr'><strong>ter</strong></span> <span class='ocrx_word' id='word_1_242' title='bbox 2118 4076 2270 4173; x_wconf 90' lang='lat' dir='ltr'><strong>legi</strong></span> <span class='ocrx_word' id='word_1_243' title='bbox 2308 4072 2801 4175; x_wconf 88' lang='lat' dir='ltr'><strong>cognoscique</strong></span> <span class='ocrx_word' id='word_1_244' title='bbox 2840 4082 3110 4174; x_wconf 84' lang='lat' dir='ltr'><strong>posset.</strong></span> <span class='ocrx_word' id='word_1_245' title='bbox 3187 4072 3377 4148; x_wconf 88' lang='lat' dir='ltr'><strong>Post</strong></span> 
     </span>
     <span class='ocr_line' id='line_1_29' title="bbox 601 4197 3377 4303; baseline -0 -28"><span class='ocrx_word' id='word_1_246' title='bbox 601 4200 858 4275; x_wconf 85' lang='lat' dir='ltr'><strong>tertias</strong></span> <span class='ocrx_word' id='word_1_247' title='bbox 893 4199 1264 4276; x_wconf 85' lang='lat' dir='ltr'><strong>nundinas</strong></span> <span class='ocrx_word' id='word_1_248' title='bbox 1301 4200 1782 4298; x_wconf 86' lang='lat' dir='ltr'><strong>magistratus</strong></span> <span class='ocrx_word' id='word_1_249' title='bbox 1821 4203 2190 4303; x_wconf 90' lang='lat' dir='ltr'><strong>populum</strong></span> <span class='ocrx_word' id='word_1_250' title='bbox 2224 4202 2707 4279; x_wconf 85' lang='lat' dir='ltr'><strong>convocabat.</strong></span> <span class='ocrx_word' id='word_1_251' title='bbox 2766 4200 2881 4277; x_wconf 87' lang='lat' dir='ltr'><strong>Ibi</strong></span> <span class='ocrx_word' id='word_1_252' title='bbox 2919 4224 3087 4275; x_wconf 85' lang='lat' dir='ltr'><strong>cum</strong></span> <span class='ocrx_word' id='word_1_253' title='bbox 3122 4197 3377 4297; x_wconf 90' lang='lat' dir='ltr'><strong>legem</strong></span> 
     </span>
     <span class='ocr_line' id='line_1_30' title="bbox 599 4324 3366 4427; baseline 0 -28"><span class='ocrx_word' id='word_1_254' title='bbox 599 4348 874 4425; x_wconf 87' lang='lat' dir='ltr'><strong>praeco</strong></span> <span class='ocrx_word' id='word_1_255' title='bbox 911 4324 1330 4419; x_wconf 87' lang='lat' dir='ltr'><strong>recitasset,</strong></span> <span class='ocrx_word' id='word_1_256' title='bbox 1387 4336 1546 4401; x_wconf 91' lang='lat' dir='ltr'><strong>tum</strong></span> <span class='ocrx_word' id='word_1_257' title='bbox 1603 4327 1928 4426; x_wconf 89' lang='lat' dir='ltr'><strong>primum</strong></span> <span class='ocrx_word' id='word_1_258' title='bbox 1964 4325 2261 4427; x_wconf 89' lang='lat' dir='ltr'><strong>quidem</strong></span> <span class='ocrx_word' id='word_1_259' title='bbox 2294 4328 2396 4420; x_wconf 89' lang='lat' dir='ltr'><strong>is,</strong></span> <span class='ocrx_word' id='word_1_260' title='bbox 2457 4326 2582 4427; x_wconf 90' lang='lat' dir='ltr'><strong>qui</strong></span> <span class='ocrx_word' id='word_1_261' title='bbox 2639 4326 2882 4425; x_wconf 88' lang='lat' dir='ltr'><strong>legem</strong></span> <span class='ocrx_word' id='word_1_262' title='bbox 2936 4324 3366 4425; x_wconf 88' lang='lat' dir='ltr'><strong>promulga-</strong></span> 
     </span>
     <span class='ocr_line' id='line_1_31' title="bbox 602 4448 3377 4551; baseline 0.001 -28"><span class='ocrx_word' id='word_1_263' title='bbox 602 4459 849 4544; x_wconf 91' lang='lat' dir='ltr'><strong>verat,</strong></span> <span class='ocrx_word' id='word_1_264' title='bbox 908 4449 1189 4549; x_wconf 91' lang='lat' dir='ltr'><strong>populo</strong></span> <span class='ocrx_word' id='word_1_265' title='bbox 1224 4448 1592 4527; x_wconf 81' lang='lat' dir='ltr'><strong>svadebat</strong></span> <span class='ocrx_word' id='word_1_266' title='bbox 1615 4509 1633 4545; x_wconf 90' lang='lat'><strong>,</strong></span> <span class='ocrx_word' id='word_1_267' title='bbox 1689 4460 1774 4526; x_wconf 90' lang='lat' dir='ltr'><strong>ut</strong></span> <span class='ocrx_word' id='word_1_268' title='bbox 1827 4451 2293 4549; x_wconf 86' lang='lat' dir='ltr'><strong>rogationem</strong></span> <span class='ocrx_word' id='word_1_269' title='bbox 2350 4450 2761 4550; x_wconf 86' lang='lat' dir='ltr'><strong>acciperet,</strong></span> <span class='ocrx_word' id='word_1_270' title='bbox 2820 4448 2951 4527; x_wconf 89' lang='lat' dir='ltr'><strong>sed</strong></span> <span class='ocrx_word' id='word_1_271' title='bbox 2988 4461 3161 4551; x_wconf 91' lang='lat' dir='ltr'><strong>post</strong></span> <span class='ocrx_word' id='word_1_272' title='bbox 3197 4474 3377 4526; x_wconf 88' lang='lat' dir='ltr'><strong>eum</strong></span> 
     </span>
     <span class='ocr_line' id='line_1_32' title="bbox 599 4570 3371 4677; baseline 0 -28"><span class='ocrx_word' id='word_1_273' title='bbox 599 4570 760 4668; x_wconf 87' lang='lat' dir='ltr'><strong>alii,</strong></span> <span class='ocrx_word' id='word_1_274' title='bbox 814 4598 964 4649; x_wconf 91' lang='lat' dir='ltr'><strong>non</strong></span> <span class='ocrx_word' id='word_1_275' title='bbox 1003 4571 1274 4673; x_wconf 88' lang='lat' dir='ltr'><strong>privati</strong></span> <span class='ocrx_word' id='word_1_276' title='bbox 1310 4574 1533 4650; x_wconf 91' lang='lat' dir='ltr'><strong>modo</strong></span> <span class='ocrx_word' id='word_1_277' title='bbox 1557 4632 1576 4667; x_wconf 92' lang='lat'><strong>,</strong></span> <span class='ocrx_word' id='word_1_278' title='bbox 1632 4598 1891 4651; x_wconf 85' lang='lat' dir='ltr'><strong>verum</strong></span> <span class='ocrx_word' id='word_1_279' title='bbox 1947 4575 2175 4651; x_wconf 91' lang='lat' dir='ltr'><strong>etiam</strong></span> <span class='ocrx_word' id='word_1_280' title='bbox 2229 4574 2674 4675; x_wconf 86' lang='lat' dir='ltr'><strong>quandoque</strong></span> <span class='ocrx_word' id='word_1_281' title='bbox 2712 4575 3188 4673; x_wconf 87' lang='lat' dir='ltr'><strong>magistratus</strong></span> <span class='ocrx_word' id='word_1_282' title='bbox 3220 4576 3371 4677; x_wconf 89' lang='lat' dir='ltr'><strong>ipsi</strong></span> 
     </span>
     <span class='ocr_line' id='line_1_33' title="bbox 602 4697 3371 4802; baseline 0 -28"><span class='ocrx_word' id='word_1_283' title='bbox 602 4699 724 4775; x_wconf 86' lang='lat' dir='ltr'><strong>vel</strong></span> <span class='ocrx_word' id='word_1_284' title='bbox 760 4697 1178 4777; x_wconf 88' lang='lat' dir='ltr'><strong>svadebant</strong></span> <span class='ocrx_word' id='word_1_285' title='bbox 1215 4698 1337 4775; x_wconf 88' lang='lat' dir='ltr'><strong>vel</strong></span> <span class='ocrx_word' id='word_1_286' title='bbox 1374 4698 1886 4776; x_wconf 84' lang='lat' dir='ltr'><strong>disvadebant.</strong></span> <span class='ocrx_word' id='word_1_287' title='bbox 1938 4700 2096 4777; x_wconf 82' lang='lat' dir='ltr'><strong>Lex</strong></span> <span class='ocrx_word' id='word_1_288' title='bbox 2137 4710 2398 4801; x_wconf 88' lang='lat' dir='ltr'><strong>rogata</strong></span> <span class='ocrx_word' id='word_1_289' title='bbox 2434 4726 2473 4775; x_wconf 93' lang='lat' dir='ltr'><strong>e</strong></span> <span class='ocrx_word' id='word_1_290' title='bbox 2514 4701 2790 4802; x_wconf 89' lang='lat' dir='ltr'><strong>majore</strong></span> <span class='ocrx_word' id='word_1_291' title='bbox 2828 4699 3156 4777; x_wconf 87' lang='lat' dir='ltr'><strong>tribuum</strong></span> <span class='ocrx_word' id='word_1_292' title='bbox 3194 4726 3371 4777; x_wconf 88' lang='lat' dir='ltr'><strong>cen-</strong></span> 
     </span>
     <span class='ocr_line' id='line_1_34' title="bbox 599 4824 3369 4926; baseline 0.001 -26"><span class='ocrx_word' id='word_1_293' title='bbox 599 4826 1054 4903; x_wconf 85' lang='lat' dir='ltr'><strong>turiarumve</strong></span> <span class='ocrx_word' id='word_1_294' title='bbox 1089 4848 1401 4900; x_wconf 88' lang='lat' dir='ltr'><strong>numero</strong></span> <span class='ocrx_word' id='word_1_295' title='bbox 1439 4849 1578 4925; x_wconf 90' lang='lat' dir='ltr'><strong>per</strong></span> <span class='ocrx_word' id='word_1_296' title='bbox 1613 4826 1971 4923; x_wconf 86' lang='lat' dir='ltr'><strong>suffragia</strong></span> <span class='ocrx_word' id='word_1_297' title='bbox 2008 4826 2130 4901; x_wconf 87' lang='lat' dir='ltr'><strong>vel</strong></span> <span class='ocrx_word' id='word_1_298' title='bbox 2167 4825 2694 4926; x_wconf 88' lang='lat' dir='ltr'><strong>antiquabatur</strong></span> <span class='ocrx_word' id='word_1_299' title='bbox 2730 4828 2851 4904; x_wconf 85' lang='lat' dir='ltr'><strong>vel</strong></span> <span class='ocrx_word' id='word_1_300' title='bbox 2886 4824 3369 4903; x_wconf 88' lang='lat' dir='ltr'><strong>sciscebatur.</strong></span> 
     </span>
     <span class='ocr_line' id='line_1_35' title="bbox 601 4950 3368 5053; baseline 0.001 -26"><span class='ocrx_word' id='word_1_301' title='bbox 601 4950 803 5027; x_wconf 82' lang='lat' dir='ltr'><strong>Soita</strong></span> <span class='ocrx_word' id='word_1_302' title='bbox 839 4962 1062 5050; x_wconf 89' lang='lat' dir='ltr'><strong>atque</strong></span> <span class='ocrx_word' id='word_1_303' title='bbox 1099 4959 1452 5052; x_wconf 88' lang='lat' dir='ltr'><strong>accepta,</strong></span> <span class='ocrx_word' id='word_1_304' title='bbox 1513 4952 1842 5029; x_wconf 89' lang='lat' dir='ltr'><strong>omnium</strong></span> <span class='ocrx_word' id='word_1_305' title='bbox 1897 4953 2173 5029; x_wconf 87' lang='lat' dir='ltr'><strong>civium</strong></span> <span class='ocrx_word' id='word_1_306' title='bbox 2216 4952 2707 5053; x_wconf 86' lang='lat' dir='ltr'><strong>jurejurando</strong></span> <span class='ocrx_word' id='word_1_307' title='bbox 2744 4952 3368 5050; x_wconf 88' lang='lat' dir='ltr'><strong>confirmabatur,</strong></span> 
     </span>
     <span class='ocr_line' id='line_1_36' title="bbox 600 5075 1780 5169; baseline 0 -20"><span class='ocrx_word' id='word_1_308' title='bbox 600 5086 674 5150; x_wconf 90' lang='lat' dir='ltr'><strong>et</strong></span> <span class='ocrx_word' id='word_1_309' title='bbox 711 5075 992 5169; x_wconf 37' lang='lat' dir='ltr'><strong>deinde·</strong></span> <span class='ocrx_word' id='word_1_310' title='bbox 1014 5075 1094 5150; x_wconf 89' lang='lat' dir='ltr'><strong>in</strong></span> <span class='ocrx_word' id='word_1_311' title='bbox 1131 5099 1258 5151; x_wconf 88' lang='lat' dir='ltr'><strong>aes</strong></span> <span class='ocrx_word' id='word_1_312' title='bbox 1295 5076 1780 5155; x_wconf 90' lang='lat' dir='ltr'><strong>incidebatur.</strong></span> 
     </span>
    </p>

    <p class='ocr_par' dir='ltr' id='par_1_7' title="bbox 597 5200 3377 5431">
     <span class='ocr_line' id='line_1_37' title="bbox 811 5200 3377 5306; baseline 0.002 -29"><span class='ocrx_word' id='word_1_313' title='bbox 811 5200 962 5279; x_wconf 89' lang='lat' dir='ltr'><strong>Sed</strong></span> <span class='ocrx_word' id='word_1_314' title='bbox 999 5211 1334 5277; x_wconf 85' lang='lat' dir='ltr'><strong>cessante</strong></span> <span class='ocrx_word' id='word_1_315' title='bbox 1371 5203 1758 5306; x_wconf 89' lang='lat' dir='ltr'><strong>republica</strong></span> <span class='ocrx_word' id='word_1_316' title='bbox 1793 5205 2113 5282; x_wconf 87' lang='lat' dir='ltr'><strong>Romani</strong></span> <span class='ocrx_word' id='word_1_317' title='bbox 2170 5204 2405 5281; x_wconf 86' lang='lat' dir='ltr'><strong>multo</strong></span> <span class='ocrx_word' id='word_1_318' title='bbox 2460 5204 2845 5281; x_wconf 84' lang='lat' dir='ltr'><strong>inferiores</strong></span> <span class='ocrx_word' id='word_1_319' title='bbox 2885 5214 3099 5281; x_wconf 87' lang='lat' dir='ltr'><strong>erant</strong></span> <span class='ocrx_word' id='word_1_320' title='bbox 3135 5202 3377 5281; x_wconf 80' lang='lat' dir='ltr'><strong>Athe-</strong></span> 
     </span>
     <span class='ocr_line' id='line_1_38' title="bbox 597 5324 3366 5431; baseline 0.003 -32"><span class='ocrx_word' id='word_1_321' title='bbox 597 5324 980 5403; x_wconf 88' lang='lat' dir='ltr'><strong>niensibus</strong></span> <span class='ocrx_word' id='word_1_322' title='bbox 1015 5326 1096 5403; x_wconf 89' lang='lat' dir='ltr'><strong>in</strong></span> <span class='ocrx_word' id='word_1_323' title='bbox 1134 5325 1417 5405; x_wconf 89' lang='lat' dir='ltr'><strong>ratione</strong></span> <span class='ocrx_word' id='word_1_324' title='bbox 1455 5330 1710 5427; x_wconf 83' lang='lat' dir='ltr'><strong>legum</strong></span> <span class='ocrx_word' id='word_1_325' title='bbox 1765 5328 2273 5425; x_wconf 86' lang='lat' dir='ltr'><strong>ferendarum,</strong></span> <span class='ocrx_word' id='word_1_326' title='bbox 2336 5329 2511 5431; x_wconf 91' lang='lat' dir='ltr'><strong>quia</strong></span> <span class='ocrx_word' id='word_1_327' title='bbox 2543 5339 2723 5407; x_wconf 87' lang='lat' dir='ltr'><strong>tunc</strong></span> <span class='ocrx_word' id='word_1_328' title='bbox 2758 5329 2985 5409; x_wconf 90' lang='lat' dir='ltr'><strong>etiam</strong></span> <span class='ocrx_word' id='word_1_329' title='bbox 3022 5340 3366 5407; x_wconf 87' lang='lat' dir='ltr'><strong>senatus-</strong></span> 
     </span>
    </p>
   </div>
  </div>
 </body>
</html>
