3725 5850
1020 437 1637 490 consummamus
1680 435 1780 485 An
1820 432 1984 490 1234.
2027 431 2184 489 123⁷.
2228 432 2388 492 1238.
2929 416 3102 506 502

303 634 489 717 λως,
549 633 687 702 καὶ
728 623 822 701 οὐ
867 624 1406 726 παραβήσομαι
1464 630 1695 720 τέχνῃ
1752 620 1936 702 οὐδὲ
1979 626 2295 724 μηχανῇ
2339 624 2687 728 οὐδεμιᾷ.
2767 632 3082 725 (Jurent

303 769 549 832 autem
588 753 661 830 id
700 758 975 856 quique
997 749 1557 856 jusjurandum,
1602 753 1801 852 quod
1839 756 2174 832 moribus
2210 758 2470 858 patriis
2507 759 2908 838 maximum
2947 767 3080 849 est,

304 909 527 982 super
566 882 933 980 perfectas
972 881 1273 956 hostias.
1353 879 1408 954 J
1412 879 1892 978 usjurandum
1937 893 2181 956 autem
2222 882 2368 958 hoc
2407 895 2606 958 esto:
2669 883 3080 978 „Perstabo

300 1009 377 1082 in
418 1009 773 1083 societate
816 1034 853 1082 e
894 1007 1133 1108 pactis
1172 1005 1561 1080 conventis
1609 1006 1811 1104 juste
1869 1016 1944 1081 et
1984 1007 2303 1083 innocue
2345 1020 2420 1084 et
2458 1011 2616 1084 sine
2659 1008 2876 1101 dolo;
2937 1033 3078 1082 nec

305 1159 469 1208 eam
506 1133 661 1210 ulla
698 1132 818 1208 vel
856 1130 1159 1208 fallacia
1195 1129 1314 1204 vel
1353 1129 1904 1206 machinatione
1942 1130 2364 1223 violabo.“)

524 1255 733 1334 And
760 1257 997 1334 ocid.
1034 1311 1039 1316 -
1076 1255 1187 1332 de
1263 1278 1521 1357 pace.
1600 1250 1665 1354 ξ.
1734 1254 1817 1360 11
1855 1283 1870 1328 :
1933 1256 2090 1332 Pax
2168 1251 2508 1352 (εἰρήνη)
2587 1269 2660 1332 et
2733 1257 3082 1334 induciae

306 1378 715 1474 (σπονδαί)
771 1381 1083 1458 multum
1137 1382 1338 1456 inter
1392 1407 1471 1456 se
1528 1381 1902 1457 differunt.
1982 1380 2252 1458 Pacem
2312 1381 2510 1459 enim
2558 1383 2858 1471 ineunt,
2917 1383 3084 1484 qui,

304 1509 651 1609 aequales
690 1509 975 1584 viribus
1014 1517 1088 1582 et
1125 1505 1529 1604 dignitate,
1570 1505 1661 1582 de
1702 1507 1945 1582 causis
1985 1507 2520 1585 discordiarum
2559 1533 2853 1584 suarum
2892 1509 3086 1584 inter

306 1661 387 1708 se
428 1645 639 1733 prout
684 1630 1119 1707 convenerit
1173 1631 1689 1731 paciscuntur3
1744 1629 2080 1706 inducias
2121 1643 2369 1710 autem
2407 1633 2731 1710 victores
2770 1635 2848 1710 in
2885 1633 3084 1710 bello

304 1759 481 1834 facti
522 1759 740 1834 victis
776 1785 915 1858 pro
954 1757 1317 1834 arbitratu
1354 1781 1486 1830 suo
1525 1756 1920 1856 imperant.

520 1885 686 1960 Hoc
724 1883 1125 1960 discrimen
1165 1881 1441 1957 falsum
1478 1907 1638 1956 esse
1663 1937 1679 1970 ‚
1740 1883 1952 1958 multi
1994 1883 2136 1958 loci
2179 1882 2600 1960 ostendunt.
2678 1881 2870 1958 Vide
2913 1911 2974 1960 e.
3020 1911 3080 1960 c.

304 2007 745 2107 Thucyd.V‚
771 2008 894 2102 47,
917 2007 1045 2082 ubi
1068 2002 1395 2078 σπονδαὶ
1420 2017 1819 2082 occurrunt
1840 2005 1930 2082 de
1953 2005 2514 2084 Atheniensium
2537 2020 2609 2086 et
2633 2007 3086 2106 Argivorum

305 2134 627 2226 foedere,
668 2133 935 2232 quibus
973 2131 1253 2207 bellum
1291 2133 1487 2207 inter
1524 2157 1601 2204 se
1644 2132 1928 2207 nullum
1971 2131 2250 2218 fuerat,
2291 2141 2365 2206 et
2400 2134 2750 2236 Xenoph.
2793 2133 3083 2210 Hellen.

305 2261 399 2352 ΙΙ,
439 2261 515 2352 2,
555 2260 696 2346 20,
754 2260 881 2334 ubi
942 2253 1197 2352 εἰρήνη
1254 2258 1523 2332 dicitur
1579 2283 1727 2359 pax
1768 2255 2360 2334 Atheniensibus
2419 2259 2730 2336 devictis
2771 2287 2816 2335 a
2853 2261 3084 2336 Lace-

307 2385 1122 2484 daemoniis-imposita.
1202 2385 1298 2458 Et
1335 2383 1515 2458 talia
1570 2393 1928 2458 sexcenta
1981 2383 2197 2458 facile
2239 2385 2484 2460 afferri
2523 2397 2857 2486 possunt.
2934 2385 3082 2463 Ve-
3209 2383 3214 2388 ’

307 2537 469 2588 rum
510 2509 903 2587 discrimen
960 2507 1101 2584 hoc
1159 2520 1306 2595 est,
1366 2520 1449 2583 ut
1504 2499 1831 2578 σπονδαὶ
1887 2506 1978 2582 de
2020 2510 2286 2608 quovis
2325 2509 2666 2605 foedere,
2726 2512 2949 2588 etiam
2986 2511 3078 2586 de

306 2661 715 2738 paucorum
752 2634 1041 2710 dierum
1080 2633 1432 2724 induciis,
1494 2627 1752 2726 εἰρήνη
1790 2642 2038 2709 autem
2080 2633 2172 2708 de
2213 2659 2400 2735 pace
2439 2635 2518 2710 in
2555 2637 2857 2736 longius
2899 2648 3083 2712 tem-

307 2789 449 2864 pus
488 2761 687 2837 facta
726 2760 1037 2836 dicatur.
1092 2757 1185 2852 (S
1209 2759 1315 2834 ch
1338 2785 1381 2834 o
1408 2784 1787 2834 emann:
1846 2759 2348 2859 Antiquitates
2377 2759 2564 2858 juris
2605 2761 2802 2862 publ.
2846 2761 3083 2838 Grae-

308 2915 453 2965 cor.
493 2915 564 2989 p.
609 2886 830 2977 373.)

1461 3005 1611 3087 Ad
1648 3006 1935 3088 123⁷.

524 3173 770 3251 Schol.
812 3174 905 3250 ad
948 3174 1423 3250 Demosthen.
1467 3173 1762 3273 Leptin.
1804 3173 1984 3263 475,
2029 3174 2116 3247 5:
2183 3167 2564 3268 Πρόξενοι
2615 3173 2970 3271 λέγονται
3013 3172 3086 3245 οἱ

308 3304 393 3372 ἐν
430 3300 591 3383 τὸῑς
628 3288 869 3394 ὁρίοις
922 3294 1103 3383 τούς
1157 3293 1719 3391 ἐπιδημοῦντας
1776 3291 2226 3393 δεχόμενοι,
2287 3298 2506 3388 φίλοι
2567 3293 3090 3398 τυγχάνοντες

309 3429 447 3499 καὶ
506 3422 735 3519 κοινῇ
795 3425 933 3495 καὶ
992 3420 1175 3519 ἰδία.
1268 3424 1841 3516 (Procuratores
1899 3422 2308 3524 hospitales
2367 3424 2749 3517 dicuntur,
2827 3423 2954 3524 qui
3011 3424 3096 3499 in

310 3553 583 3629 finibus
623 3552 1009 3627 venientes
1046 3550 1378 3649 hospites
1431 3548 1852 3649 excipiunt,
1913 3574 2139 3647 quum
2195 3548 2410 3625 amici
2449 3550 2599 3625 sint
2637 3574 2896 3627 eorum
2934 3560 3088 3626 tam

312 3676 607 3779 publice
646 3700 869 3777 quam
909 3674 1325 3776 privatim.)
1656 3766 1665 3775 .

526 3800 774 3879 Schol.
814 3802 889 3877 in
932 3798 1453 3899 Aristophanis
1489 3824 1673 3875 aves
1716 3797 1912 3871 1021
1945 3823 1960 3870 ε
2022 3791 2413 3893 Πρόξενοί
2469 3800 2668 3871 εἰσιν
2705 3798 2780 3871 οἱ
2817 3824 3090 3899 τεταγ-

308 3918 529 4021 μένοὶ
570 3929 675 4011 εἰς
713 3920 801 3998 τὸ
847 3915 1364 4018 ὑποδέχεσθαι
1424 3918 1605 4007 τούς
1662 3927 1924 4011 ξένους
1980 3926 2057 4011 ἐξ
2098 3913 2359 3996 ἄλλων
2400 3917 2694 3997 πόλεων
2729 3915 3086 4011 ἥκοντας.

312 4056 883 4148 (Procuratores
921 4048 1323 4152 hospitales
1378 4049 1933 4127 constituuntur
1973 4049 2068 4125 ad
2109 4049 2590 4150 excipiendos
2627 4050 2956 4151 hospites
2997 4077 3090 4127 ex

313 4181 475 4258 aliis
512 4176 939 4255 civitatibus
976 4175 1523 4269 advenientes.)

1456 4365 1609 4450 Ad
1645 4368 1930 4450 1238.

530 4536 593 4611 E
650 4560 726 4613 re
785 4534 1143 4633 singulari
1204 4534 1342 4609 feci
1402 4530 1849 4633 generalem.
1931 4532 2158 4633 Apud
2230 4531 2817 4609 Demosthenem
2895 4532 3092 4607 enim

312 4664 557 4764 agitur
592 4660 1065 4761 deproxeno
1106 4658 1758 4755 Heracleotarum:
1810 4650 2012 4758 Ἐγώ
2076 4653 2468 4752 προξενῶν
2527 4651 2890 4759 τυγχάνω
2937 4654 3094 4729 τῶν

300 4778 871 4885 Ἠρακλεωτῶν
914 4843 925 4855 .
972 4841 987 4860 .
1032 4842 1045 4853 .
1092 4842 1103 4857 .
1148 4788 1225 4872 ἐξ
1288 4778 1633 4886 ἀνάγκης
1681 4785 1827 4879 μοι’
1885 4786 2092 4857 ἐστιν
2129 4772 2497 4857 ἁπάντων
2525 4772 3093 4879 Ἠρακλεωτῶν

318 4915 861 5011 ἐπιμελεῖσθαι.

528 5039 645 5117 Cf.
682 5039 1029 5118 M.eier:
1086 5039 1201 5113 De
1254 5037 1621 5139 proxenia
1666 5037 1823 5113 sive
1862 5037 1954 5113 de
1994 5036 2296 5139 publico
2335 5034 2518 5115 Gra<
2541 5060 2802 5113 corum
2839 5036 3085 5137 hospi.

312 5168 433 5253 tio.
493 5164 742 5255 (Halis
788 5164 1055 5255 1843.)
2561 5162 2589 5201 0
