3725 5850
1094 456 1713 513 comsummatus
1752 459 1857 508 An
1902 449 2062 512 1183.
2102 451 2262 514 1104.
2922 432 3080 512 5⁷⁹

291 649 427 728 rali
482 649 781 728 affectui
836 647 1349 751 procreandae
1406 648 1684 726 sobolis
1742 661 2058 749 pareant
2118 660 2194 726 et
2249 648 2782 750 tempestivum
2817 649 3078 726 ineant

284 775 861 854 matrimonium.

511 899 863 981 Clemens
900 898 1451 978 Alexandrinus
1499 897 1773 974 Strom.
1814 899 1911 993 H,
1970 927 2042 1000 p.
2087 901 2239 975 505
2298 901 2412 977 ed.
2472 901 2774 978 Potter:
2833 888 2878 974 ὅ
2921 893 3077 973 τῶν

286 1020 697 1098 Λακώνων
737 1027 1161 1120 νομοθέτης
1201 1015 1357 1097 οὐκ
1399 1016 1746 1123 ἀγαμίου
1775 1021 2036 1118 μόνον
2074 1026 2462 1118 ἐπιτίμιον
2502 1024 2832 1113 ἔστησεν,
2872 1017 3072 1103 ἄλλά

279 1151 785 1251 μονογαμίου
822 1153 961 1222 καὶ
1002 1143 1465 1250 ὀψιγαμίου.
1543 1149 1967 1242 (Laconum
2015 1151 2405 1248 legislator
2441 1176 2594 1229 non
2630 1151 2872 1233 solum
2910 1173 3075 1226 cae-

286 1275 562 1354 libatus
620 1301 945 1379 poenam
1002 1274 1427 1366 constituit,
1484 1273 1615 1350 sed
1671 1275 1898 1350 etiam
1950 1273 2134 1369 illis,
2196 1276 2322 1375 qui
2359 1275 2592 1352 semel
2629 1286 2922 1353 tantum
2960 1271 3078 1350 vel

288 1400 417 1500 qni
454 1427 621 1480 sero
658 1427 969 1480 uxorem
1009 1399 1461 1490 duxissent.)

506 1523 935 1603 Secundum
1004 1524 1468 1602 Platonis
1526 1523 1843 1622 Leges
1905 1523 2128 1619 (774,
2165 1521 2493 1617 A—B):
2551 1523 2632 1601 Si
2687 1525 2853 1625 quis
2909 1549 3077 1602 cae·

286 1648 451 1726 lebs
487 1651 799 1749 triginta
835 1651 1165 1751 quinque
1201 1673 1438 1726 annos
1477 1648 1685 1742 vixit,
1724 1648 2115 1726 mulctator
2152 1651 2546 1751 quotannis
2583 1650 2711 1749 qui
2751 1651 3074 1730 maximo

292 1801 522 1877 censu
559 1788 672 1851 est
711 1774 1087 1852 drachmis
1138 1787 1437 1852 centum
1458 1830 1479 1865 ‚
1536 1776 1661 1875 qui
1698 1774 2029 1852 secundo
2051 1834 2069 1870 ,
2128 1776 2609 1878 septuaginta
2629 1833 2648 1871 ‚
2703 1777 2924 1856 tertio
2963 1801 3077 1855 ue-

288 1901 633 2000 xaginto„
674 1911 751 1976 et
788 1900 914 2000 qui
953 1911 1260 1999 quarte,
1314 1899 1665 1997 triginta3
1720 1899 1947 1999 idque
1985 1899 2274 1979 Junoni
2311 1927 2608 1981 sacrum
2649 1912 2832 1981 esto.
2906 1901 3078 1978 Non

285 2027 726 2126 persolvens
785 2037 1035 2104 autem
1088 2026 1169 2100 in
1223 2025 1559 2122 singulos
1612 2050 1850 2100 annos
1908 2024 2310 2126 decuplum
2369 2025 2663 2104 debet0.
2741 2025 2840 2106 Et
2893 2025 3082 2103 haec

288 2152 595 2252 quidem
632 2151 1066 2252 pecuniaria
1104 2150 1264 2251 ejus
1289 2208 1307 2243 ,
1348 2150 1474 2249 qui
1514 2174 1825 2226 uxorem
1860 2150 2130 2228 ducere
2171 2178 2322 2228 non
2363 2153 2554 2246 vult,
2593 2175 2842 2253 poena
2879 2161 3081 2246 θεῖος

286 2275 569 2352 honore
606 2287 857 2352 autem
894 2301 943 2352 a
982 2273 1408 2376 junioribus
1446 2272 1793 2352 habendo
1830 2276 2169 2376 privator
2221 2277 2466 2372 omni,
2523 2301 2768 2376 neque
2825 2275 3076 2354 adole-

286 2424 509 2478 scens
546 2398 739 2478 ullus
774 2398 927 2478 ulla
962 2400 1039 2475 in
1078 2425 1159 2477 re
1198 2411 1467 2499 sponte
1502 2399 1571 2474 ei
1610 2397 1937 2477 obedito.

507 2525 733 2628 Apud
768 2525 1153 2603 Romanos
1191 2547 1324 2626 per
1358 2524 1601 2623 legem
1630 2525 1687 2600 J
1688 2524 1920 2603 uliam
1959 2525 2278 2604 caelibes
2315 2527 2911 2627 prohibebantur
2947 2527 3078 2606 he-

288 2651 645 2729 reditates
678 2651 1079 2751 legataque
1132 2662 1577 2729 testamento
1634 2677 1928 2752 capere.
1987 2650 2105 2743 (G
2127 2677 2174 2728 a
2181 2652 2262 2751 ji
2320 2653 2650 2732 Instit.
2709 2655 2808 2746 11,
2833 2653 3077 2760 ¹286.)

503 2776 897 2852 Sozomeni
953 2777 1211 2852 histor.
1264 2775 1524 2851 eccles.
1566 2778 1623 2871 1,
1667 2777 1753 2850 9:
1810 2771 2072 2870 Νόμος
2130 2765 2227 2863 ἦν
2269 2766 2688 2872 “Ρωμαίοις
2749 2771 3072 2862 παλαιὸς

288 2895 444 2974 ἀπὸ
486 2899 736 2975 εἴκοσι
790 2904 927 2975 καὶ
986 2905 1205 2976 πέντε
1262 2897 1498 2988 ἐτῶν,
1558 2897 1714 2974 τῶν
1772 2898 1962 2974 ἴσων
2020 2893 2442 2989 ἀξιοῦσθαι
2502 2895 2837 2977 κωλύων
2889 2896 3076 2987 τούς

289 3019 640 3129 ἀγάμους
694 3036 852 3113 τοῖς
900 3023 1009 3124 μὴ
1069 3032 1498 3115 τοιούτοις,
1560 3030 1723 3123 περὶ
1771 3016 1978 3101 ἄλλα
2030 3056 2112 3100 τε
2169 3024 2464 3115 πολλὰ,
2520 3032 2660 3103 καὶ
2712 3024 2802 3103 τό
2833 3024 3079 3126 μηδὲν

288 3147 733 3249 κερδαίνειν
768 3158 862 3229 ἐκ
904 3150 1283 3245 διαθήκης
1335 3150 1577 3238 τούς
1622 3148 1750 3249 μὴ
1809 3156 2077 3255 γένει
2135 3150 2660 3257 ἐγγυτάτω
2716 3150 3076 3253 προσή-

292 3307 345 3349 x
368 3304 697 3363 οντας.
752 3280 1032 3373 (Vetus
1080 3283 1200 3357 lex
1250 3283 1388 3360 fuit
1424 3281 1624 3382 apud
1664 3282 2084 3376 Romanos,
2143 3307 2334 3383 quae
2379 3283 2719 3377 vetabat,
2775 3308 2873 3360 ne
2909 3306 3074 3359 oae-

291 3403 479 3483 libes
517 3405 613 3483 ab
650 3431 853 3483 anno
890 3408 1149 3485 aetatis
1189 3407 1448 3506 quinto
1487 3430 1577 3481 ac
1610 3406 1962 3483 vicesimo
2013 3409 2174 3507 pari
2219 3407 2388 3506 jure
2427 3420 2680 3485 essent
2712 3432 2891 3485 eum.
2920 3430 3074 3486 ma-

290 3531 451 3607 ritis
474 3590 491 3623 ,
528 3543 689 3609 tum
720 3532 803 3609 in
840 3532 1003 3609 aliis
1039 3533 1379 3632 plurimis
1416 3531 1641 3609 rebus
1662 3590 1681 3623 ‚
1721 3542 1882 3607 tum
1917 3532 1995 3607 in
2034 3557 2160 3625 ec,
2201 3543 2286 3610 ut
2321 3531 2507 3609 nihil
2546 3558 2585 3606 e
2625 3518 3074 3611 testamento

292 3668 685 3756 caperent,
744 3657 904 3756 qui
960 3682 1145 3733 non
1202 3667 1545 3736 essent
1600 3680 1974 3756 genere
2028 3681 2204 3756 pro
2235 3656 2534 3748 ximi.)

508 3797 653 3875 Sed
693 3799 1227 3876 Constantinus
1262 3798 1585 3898 Magnus
1618 3801 1868 3896 legem
1905 3798 2098 3875 hanc
2155 3798 2554 3899 abrogavit
2575 3857 2594 3893 ,
2657 3799 3074 3900 praecepit·

292 3950 475 4023 que,
519 3934 600 3998 ut
636 3924 957 4001 caelibes
994 3926 1156 4025 pari
1182 3926 1392 4026 jure,
1434 3950 1585 4025 qno
1621 3922 1882 4024 reliqui
1924 3949 2182 4001 omnes
2220 3924 2660 4000 fruerentur.
2723 3917 3074 3999 Πάντων

291 4044 445 4122 τῶν
484 4037 790 4143 ὁμοίων
829 4042 1256 4126 ἀπολαύειν
1288 4045 1474 4135 τοῦς
1510 4042 1879 4151 ἀγάμους.
1940 4050 2017 4142 (Ι
2037 4050 2087 4126 b
2108 4050 2133 4124 i
2155 4048 2270 4143 d.)

1443 4259 1596 4344 Ad
1648 4261 1918 4345 1184.

502 4426 751 4528 Hujus
806 4426 997 4526 legis
1053 4437 1433 4504 auctorem
1469 4426 1977 4529 Philippidem
2034 4426 2212 4505 facit
2265 4424 2640 4525 Crobylus
2698 4424 3028 4509 comicus
3051 4482 3068 4517 ,

290 4561 478 4635 teste
518 4551 1117 4653 Harpocratione
1156 4577 1215 4627 s.
1254 4578 1324 4627 v.
1365 4542 1486 4623 ὅτι
1515 4553 1800 4643 χιλίας.

506 4674 853 4753 Clemens
889 4675 1295 4759 Alexandr.
1335 4677 1768 4777 Paedagog.
1806 4678 1906 4773 11,
1946 4704 2110 4779 cap.
2139 4676 2258 4770 10,
2301 4701 2370 4776 p.
2397 4674 2576 4750 233.
2617 4674 2732 4753 ed.
2771 4677 3068 4755 Potter:

292 4790 585 4903 ἄγαμαι
642 4797 798 4875 τῶν
856 4797 1510 4897 Λακεδαιμονίων
1564 4798 1703 4891 τὴν
1761 4797 1994 4875 πόλιν
2047 4795 2192 4889 τήν
2247 4795 2628 4888 παλαιὰν,
2688 4790 2737 4891 ἢ
2788 4796 3072 4897 μόναις

290 4935 453 5011 ταῖς
491 4930 770 5025 ἑτέραις
806 4921 1149 5015 ἀνθίνας
1186 4924 1515 5017 ἐσθῆτας
1552 4930 1691 5001 καὶ
1739 4923 2105 5025 χρυσοῦν
2157 4922 2462 5023 κόσμον
2514 4928 2876 5025 ἐπέτρεψε
2912 4952 3070 5019 φο-

291 5058 451 5146 ρεῖν
472 5105 494 5139 ,
556 5046 1084 5150 ἀφαιρουμένη
1123 5046 1280 5125 τῶν
1318 5046 1672 5148 δοκίμων
1710 5048 2118 5157 γυναικῶν
2153 5046 2298 5141 τὴν
2335 5052 2908 5147 φιλοκοσμίαν,
2959 5048 3072 5147 τῷ

282 5173 560 5271 μόναις
614 5183 917 5273 ἐφεῖναι
970 5181 1599 5269 καλλωπίζεσθαι
1644 5188 1810 5263 ταῖς
1858 5175 2354 5277 ἑταιρούσαις.
2431 5179 2826 5272 (Admiror
2862 5190 3068 5259 vete·

2513 5301 2647 5367 37*
