3725 5850
958 418 1577 484 commem-Amos
1616 420 1722 479 An
1762 412 1889 482 ηε.
1932 414 2056 482 m.
2099 414 2224 483 πο.
2263 414 2392 483 τε..
2899 388 3052 486 513

1452 615 1604 698 Ad
1650 617 1882 699 745.

485 762 740 842 Lexic.
800 764 981 841 rhet.
1037 764 1130 841 ad
1181 766 1357 841 calc.
1397 763 1645 840 Photii
1704 793 1775 866 p.
1816 764 1994 860 670,
2039 764 2180 842 30:
2245 764 2421 841 Τῶν
2460 762 2534 842 δὲ
2577 760 2867 866 ψήφων
2904 766 3050 839 εἰσὶ

268 878 415 957 τοῦ
464 886 613 983 μὲν
669 881 1088 973 διώκοντος
1144 888 1222 962 αἱ
1278 892 1863 986 τετρυπημέναι,
1922 886 2066 962 τοῦ
2128 886 2204 963 δὲ
2264 887 2692 995 φεύγοντος
2749 892 2827 967 αἱ
2864 886 3054 982 πλή-

268 1038 454 1106 ρεις·
514 1002 857 1112 ὅποτὲρῳ
896 1008 966 1086 δ’
1004 1006 1110 1087 ὅῖν
1146 1014 1451 1097 πλείους
1491 1017 1862 1117 γένωνται
1886 1071 1907 1103 ,
1968 1002 2198 1101 οὗτος
2236 1018 2465 1091 ἐνίκα
2491 1041 2505 1059 ·
2562 1012 2692 1092 ὅτε
2732 1014 2810 1093 δὲ
2850 1012 3002 1091 ἶσαι
3029 1074 3052 1107 ,

267 1126 310 1209 ὃ
352 1132 670 1240 φεύγων
711 1132 1164 1242 ἀπέφευγεν.
1240 1138 1567 1234 (Calculi
1604 1142 2056 1219 accusatoris
2109 1154 2282 1218 sunt
2319 1144 2720 1244 perforati,
2778 1145 2886 1221 rei
2925 1171 3054 1221 au·

266 1274 419 1337 tem
460 1262 687 1363 pleni.
746 1264 896 1357 Qui
934 1275 1185 1341 autem
1221 1266 1472 1364 plures
1511 1266 1822 1341 haberet
1859 1266 2226 1362 calculos,
2277 1269 2336 1342 is
2376 1267 2745 1345 vincebat.
2804 1269 3056 1363 Quum

269 1413 455 1464 vero
492 1389 655 1490 pari
694 1400 945 1465 essent
982 1414 1333 1485 numer0,
1392 1416 1564 1465 reus
1602 1390 2201 1486 absolvebatur.)

489 1512 737 1591 Schol.
776 1514 856 1591 in
898 1512 1373 1616 Aristophan.
1412 1514 1601 1590 Ran.
1642 1514 1839 1591 685:
1899 1506 2095 1589 ὅταν
2145 1514 2302 1588 ἴσαι
2344 1516 2420 1590 αἱ
2462 1514 2716 1615 ψῆφοι
2741 1520 3047 1620 ’γένων-

270 1666 439 1727 ται,
482 1630 900 1714 ἀπολύεται
939 1628 983 1714 ὅ
1027 1635 1719 1741 κατηγορούμενος.
1778 1640 1901 1735 (Si
1940 1644 2102 1744 pari
2142 1670 2451 1721 numero
2491 1644 2770 1722 fuerint
2805 1646 3048 1723 calcu-

270 1765 356 1861 li,
387 1764 813 1875 sabsolvitur
852 1768 1085 1858 reus.)

1450 1868 1601 1952 Ad
1648 1872 1881 1953 747.

488 2034 759 2113 Pollux
798 2034 1008 2131 VIII,
1048 2034 1190 2112 63:
1249 2029 1611 2133 ἀτίμητος
1650 2032 1876 2128 δίκη,
1937 2028 2030 2129 ἢν
2086 2034 2242 2113 οὐκ
2301 2040 2508 2115 ἔστιν
2561 2032 3051 2137 ὑποτιμήσα-

274 2162 511 2247 σθαι,
569 2153 765 2234 ἄλλα
804 2156 1189 2233 τοσούτου
1226 2163 1783 2257 ἐπιτετίμηται,
1842 2154 2036 2236 ὅσου
2088 2169 2648 2267 ἐπιγέγραπται.
2707 2166 3054 2259 (Inaesti-

273 2299 557 2361 matum
601 2286 1006 2387 judicium,
1083 2286 1283 2389 quod
1360 2288 1593 2390 pluris
1671 2288 2066 2366 aestimare
2133 2319 2288 2367 non
2346 2294 2554 2387 licet,
2631 2292 2764 2369 sed
2821 2291 3051 2383 tanti,

272 2413 534 2509 quanti
572 2412 1017 2513 inscriptum
1058 2424 1170 2487 est
1208 2414 1705 2506 aestimatur.)

492 2532 915 2613 Scholiasta
968 2538 1044 2613 in
1100 2536 1633 2615 Demosthenis
1672 2536 2103 2617 Midianam.
2150 2541 2324 2637 523,
2373 2540 2406 2616 1
2457 2542 2676 2640 dicit,
2741 2540 2938 2643 quod
2977 2542 3056 2617 in

272 2660 589 2761 privatis
646 2662 899 2738 litibus
956 2663 1117 2759 lex,
1175 2664 1249 2737 in
1305 2662 1623 2764 publicis
1680 2676 2069 2741 accusator
2127 2668 2383 2743 fecerit
2443 2668 3053 2745 aestimationem.

272 2786 521 2887 Hujus
560 2786 962 2863 falsitatem
1002 2788 1326 2865 ostendit
1364 2788 1600 2866 Meier
1639 2803 1714 2866 et
1752 2790 2250 2869 Schoemann.
2311 2794 2503 2887 (Der
2537 2790 2847 2870 attische
2868 2793 3050 2867 Pro-

272 2938 439 2988 cess
478 2941 551 3014 p.
598 2912 813 3003 173.)

492 3038 612 3116 Cf.
676 3039 951 3116 Lexica
1000 3039 1306 3140 Seguer.
1364 3070 1437 3143 p.
1480 3043 1635 3116 202
1676 3053 1751 3118 et
1784 3044 1964 3118 459.
2023 3043 2511 3120 Scholiastam
2549 3047 2628 3120 in
2665 3044 3050 3122 Demosth.

272 3163 667 3242 Calliclem
711 3165 939 3261 1278,
980 3166 1103 3242 27.

1450 3270 1604 3353 Ad
1653 3271 1884 3356 750.

492 3433 925 3511 Falsitatem
963 3434 1181 3537 hujus
1217 3436 1407 3536 legis
1446 3438 1835 3513 ostendere
1872 3450 2184 3514 conatur
2237 3439 2530 3516 Platn
2552 3466 2591 3515 e
2613 3468 2716 3518 ru
2739 3467 2774 3514 s
2830 3441 3053 3533 (Pro-

268 3586 436 3637 cess
476 3560 533 3637 I.
574 3588 647 3660 p.
689 3559 927 3658 205);
983 3560 1113 3636 sed
1149 3561 1563 3660 incassum3
1622 3590 1795 3638 nam
1854 3563 1995 3638 loci
2045 3562 2332 3639 classici
2373 3566 2465 3639 ab
2505 3564 2634 3641 illo
2671 3565 2877 3640 citati
2914 3564 3054 3639 hoc

268 3694 567 3760 tantum
626 3685 985 3787 probant,
1046 3687 1123 3762 in
1182 3687 1563 3764 nonnullis
1619 3689 1916 3765 casibus
1973 3713 2108 3790 per
2161 3690 2362 3790 ipsas
2417 3691 2621 3790 leges
2679 3690 3058 3790 duplicem

266 3810 506 3885 fuisse
566 3814 1045 3888 constitutam
1100 3839 1445 3913 poenam.
1540 3815 1701 3891 Lex
1758 3826 2006 3890 autem
2063 3830 2318 3890 nostra
2375 3816 2591 3910 dicit,
2648 3815 3056 3916 judices

264 3961 431 4011 non
470 3963 693 4036 posse
734 3937 1109 4038 duplicem
1152 3939 1431 4016 dictare
1470 3967 1813 4042 poenam.
2813 3939 2820 3946 ’
3069 3927 3076 3938 ’

1456 4132 1607 4215 Ad
1650 4131 1879 4214 754.

494 4253 762 4355 Suidas
821 4303 877 4355 s.
920 4305 987 4355 v.
1036 4271 1519 4377 Ἐπωβελία.·
1575 4277 1769 4356 Cum
1823 4278 2036 4354 mult-i
2094 4280 2334 4356 bonos
2393 4289 2468 4355 et
2523 4279 2812 4380 quietos
2850 4280 3054 4356 cives

258 4405 768 4506 pecuniarum
816 4430 1043 4483 causa
1098 4405 1768 4499 calumniarentur,
1826 4431 2007 4508 prae
2066 4405 2328 4482 ceteris
2386 4413 2637 4482 autem
2689 4405 2739 4480 ii
2796 4406 2921 4506 qui
2977 4407 3054 4482 in

258 4540 609 4606 mercatu
654 4529 1151 4608 versabantur
1190 4543 1263 4607 et
1298 4530 1594 4607 nautico
1636 4531 1896 4607 fenore
1955 4530 2351 4631 pecuniam
2406 4528 2853 4624 credebant,
2911 4527 3054 4606 hoc
3147 4619 3154 4624 ,

258 4656 577 4732 nomine
620 4656 809 4735 male
847 4654 1225 4750 audirent3
1280 4651 1777 4732 Athenienses
1832 4655 2182 4732 mulctam
2239 4666 2659 4732 statuerunt
2709 4657 2792 4732 in
2839 4677 3053 4732 accu-

256 4793 607 4872 satores,
665 4783 765 4858 ita
803 4794 883 4858 ut
917 4782 1225 4858 obolum
1264 4782 1819 4883 persolverent,
1879 4781 2020 4856 nisi
2079 4809 2246 4858 reos
2295 4783 2809 4882 peregissent,
2867 4805 3054 4880 quos

256 4921 730 4984 accusarent.
790 4907 1004 4984 Hanc
1040 4907 1269 5002 igitur
1308 4918 1674 4982 vocarunt
1709 4903 2158 5003 ἐπωβελίαν.

491 5011 723 5108 Teste
778 5032 1176 5108 scholiasta
1226 5031 1301 5106 in
1344 5029 1687 5108 Aeschin.
1728 5030 2100 5107 Timarch.
2146 5029 2320 5128 163,
2379 5031 2626 5130 legem
2683 5029 2877 5104 hanc
2915 5025 3054 5108 Ar-

260 5155 547 5231 chinus
584 5156 902 5255 rogavit.

2544 5281 2629 5347 33
