3725 5850
690 410 842 487 562
1281 436 1898 487 coMMsurAmus
1959 434 2044 479 11)
2089 430 2244 483 1126.
2291 432 2447 485 1127.
2493 430 2650 485 1129.
2695 430 2852 482 1131.

687 621 1024 716 actrix-sc,
1066 622 1442 720 δημοσίως
1483 627 1587 710 εἰς
1616 618 1932 725 μολγὸν
1969 620 2352 717 πεμφθεὶς
2385 618 2865 717 συρραφῆναι
2897 615 3094 715 μετὰ
3134 616 3456 715 ἐχίδνης,

685 753 823 824 καὶ
863 746 1256 839 πιθήκου,
1316 754 1454 823 καὶ
1495 744 1954 843 ἀλέκτορος,
2015 750 2150 819 καὶ
2213 743 2502 833 κυνὸς,
2562 740 2866 843 ἀσεβῶν
2923 742 3137 836 ζώων
3190 740 3462 841 ἀσεβὴς

685 866 1142 971 ἄνθρωπος,
1205 878 1342 947 καὶ
1398 877 1505 960 εἰς
1562 868 1874 971 ἅμαξαν
1931 876 2388 973 ἐζευγμένην
2435 867 2798 966 μελανῶν
2831 868 3050 967 βοῶν
3088 898 3462 965 κατενεχ-

686 998 926 1089 θῆναι
967 996 1150 1099 πρὸς
1175 997 1642 1088 θάλασσαν,
1700 1003 1839 1073 καὶ
1879 1001 1986 1084 εἰς
2021 994 2338 1095 βόθονα
2375 995 2788 1094 βληθῆναι.
2852 999 3066 1092 (Fuit
3103 999 3466 1099 quaedam

680 1126 804 1203 lex
842 1126 1208 1227 ejusmodi
1246 1127 1589 1203 omnibus
1627 1126 2096 1217 hominibus,
2135 1136 2220 1200 ut
2256 1124 2382 1224 qui
2419 1124 2886 1226 patricidium
2926 1123 3270 1219 fecisset,
3329 1151 3464 1224 pu-

680 1250 869 1326 blice
906 1252 987 1327 in
1026 1252 1344 1328 culleum
1401 1254 1668 1328 missus
1726 1263 2212 1327 consueretur
2259 1276 2423 1326 cum
2481 1249 2743 1349 vipera
2789 1260 2862 1324 et
2905 1249 3117 1324 simia
3156 1259 3228 1325 et
3263 1247 3466 1348 gallo

680 1392 757 1455 et
794 1404 1013 1475 cane,
1052 1382 1298 1485 impiis
1339 1381 1784 1457 animalibus
1824 1379 2096 1481 impius
2135 1377 2384 1471 home,
2428 1387 2503 1453 et
2539 1378 2620 1455 in
2656 1377 3091 1477 plaustrum,
3118 1376 3465 1476 junctum

680 1506 913 1602 nigris
950 1504 1229 1600 bobus,
1274 1506 1787 1606 deportaretur
1828 1504 1925 1581 ad
1962 1528 2206 1591 mare,
2260 1514 2335 1577 et
2369 1501 2447 1576 in
2487 1500 2943 1603 profundum
2981 1501 3464 1589 mitteretur.)

1842 1710 1996 1794 M
2030 1708 2298 1793 uae.

894 1877 1041 1955 Vix
1096 1876 1551 1955 eredendum
1606 1876 1856 1977 itaque
1916 1874 2210 1952 Lexicis
2267 1873 2747 1972 Seguerianis
2803 1902 2873 1976 p.
2919 1876 3114 1952 194:
3170 1902 3462 1966 φονι-

682 1998 908 2076 κὸν·
966 1997 1107 2077 ἐὰν
1134 1996 1509 2097 μέτοικόν
1548 2030 1659 2086 τις
1716 1997 2143 2094 ἀποκτείνῃ
2171 2054 2190 2085 ,
2249 1997 2500 2101 φυγῆς
2543 1996 2802 2093 μόνον
2860 1995 3454 2090 κατεδικάζετο·

680 2122 821 2201 ἐὰν
847 2130 1115 2223 μέντοι
1156 2121 1438 2213 ἀστὸν,
1502 2122 1845 2210 θάνατος
1906 2117 1948 2214 ἦ
1993 2128 2242 2222 ζημία.
2322 2125 2443 2219 (Si
2481 2127 2648 2225 quis
2683 2125 3129 2227 inquilinum
3166 2126 3454 2203 occide-

680 2264 831 2345 ret,
872 2252 1091 2330 exilio
1129 2250 1369 2330 solum
1409 2251 1947 2347 damnabatur3
2003 2252 2064 2328 si
2114 2278 2292 2327 vero
2333 2251 2614 2343 civem,
2655 2276 2854 2325 mors
2893 2265 3006 2326 est
3043 2252 3356 2350 poena.)

897 2397 959 2470 E
998 2396 1456 2497 praescripto
1498 2396 1785 2493 Legum
1830 2395 2161 2470 Platonis
2203 2394 2424 2485 (872,
2467 2391 2597 2487 Ο),
2658 2391 2718 2467 si
2777 2394 2942 2493 quis
2998 2418 3300 2469 servum
3340 2418 3457 2467 oc-

683 2520 863 2595 cidit
900 2522 1103 2596 nulla
1136 2520 1407 2621 injuria
1445 2522 1829 2597 lacessitus
1852 2580 1868 2613 ‚
1928 2522 2060 2597 sed
2117 2533 2319 2594 metu
2347 2576 2363 2607 ,
2423 2544 2516 2593 ne
2556 2518 2781 2593 index
2818 2519 3150 2618 turpium
3189 2530 3265 2593 et
3301 2542 3457 2591 ma-

680 2647 921 2721 lorum
956 2645 1189 2745 ipsius
1228 2646 1636 2721 facinorum
1676 2648 1845 2738 fiat,
1889 2646 2007 2719 vel
2046 2644 2193 2720 alia
2231 2643 2448 2719 simili
2487 2642 2579 2719 de
2617 2666 2879 2735 causa,
2921 2639 3226 2743 perinde
3265 2666 3354 2717 ac
3397 2643 3457 2715 si

680 2774 842 2845 cive
898 2771 1287 2846 interfecto
1346 2797 1513 2845 reus
1570 2771 1822 2846 caedis
1884 2782 2113 2861 esset,
2175 2781 2248 2845 et
2303 2768 2720 2869 hujusmodi
2773 2794 2988 2843 servo
3029 2767 3289 2843 eadem
3329 2794 3460 2841 ra-

680 2896 885 2970 tione
930 2904 1219 2972 mortuo
1258 2895 1363 2970 ita
1402 2920 1569 2972 reus
1611 2907 1791 2970 estc).

1849 3068 2002 3150 Ad
2037 3067 2303 3151 1127.

896 3236 957 3310 Ii
996 3235 1247 3310 exules
1286 3235 1817 3332 intelliguntur,
1856 3235 1982 3333 qui
2024 3258 2171 3307 non
2213 3244 2520 3332 accepta
2562 3233 2784 3308 venia
2820 3233 2896 3308 in
2935 3233 3255 3332 patriam
3295 3233 3461 3307 red-

684 3359 963 3435 iissent.

1841 3457 1994 3541 Ad
2033 3459 2299 3541 1120.

894 3625 1179 3700 Eadem
1224 3625 1448 3701 habet
1484 3627 1869 3726 inscriptio
1930 3653 2204 3725 graeca
2258 3627 2456 3727 apud
2517 3627 3002 3701 Pittacem
3061 3627 3464 3720 (ἐφημερὶς

684 3745 1285 3850 ἀρχαιολογική)
1336 3752 1461 3826 Nv.
1504 3752 1683 3844 888,
1736 3765 1809 3826 et
1867 3753 2065 3852 apud
2106 3752 2544 3850 Rangabem
2601 3750 3067 3849 (Antiquites
3127 3751 3464 3827 Helleni-

684 3877 909 3972 ques)
950 3875 1075 3950 Nr.
1118 3877 1297 3953 259.

1859 3977 2012 4059 Ad
2046 3981 2292 4062 1181.

900 4145 1321 4220 Secundum
1363 4145 1697 4220 Platonis
1754 4147 1997 4244 Leges
2055 4148 2294 4238 (871)
2351 4147 2476 4246 qui
2531 4147 2889 4257 consulto·
2919 4154 3140 4242 atque
3181 4145 3464 4245 injuste

685 4271 999 4369 aliquem
1040 4271 1510 4368 popularium
1552 4295 1687 4344 sua
1722 4297 1948 4344 manu
1989 4271 2294 4362 occidit,
2338 4272 2653 4371 primum
2697 4269 3042 4368 legitimis
3081 4269 3464 4345 abstineto

690 4392 886 4486 (τῶν
930 4395 1283 4488 νομίμων
1322 4395 1752 4494 εἰργέσθω),
1812 4423 2055 4494 neque
2115 4423 2324 4471 saera
2362 4423 2600 4494 neque
2640 4397 2882 4470 forum
2921 4419 3159 4494 neque
3195 4409 3464 4494 portus

686 4545 926 4617 neque
966 4517 1191 4594 ullum
1234 4519 1457 4594 alium
1499 4547 1964 4595 communem
2006 4535 2454 4595 conventum
2496 4521 2881 4620 polluenS,
2921 4521 3080 4594 sive
3119 4522 3285 4619 quis
3325 4519 3463 4596 ho-

684 4650 965 4716 minum
1024 4643 1129 4736 ei,
1187 4643 1312 4741 qui
1370 4643 1553 4718 haec
1612 4647 2023 4737 commisit,
2083 4645 2456 4720 interdicit
2514 4647 2670 4720 sive
2730 4646 2992 4720 minus.
3070 4645 3217 4736 Qui
3277 4671 3464 4720 vero

686 4795 841 4844 non
880 4770 1387 4868 persequitur,
1429 4795 1597 4844 cum
1636 4771 1946 4860 debeat,
2005 4771 2124 4845 vel
2165 4772 2538 4846 abstinere
2575 4795 2728 4844 non
2755 4769 2972 4869 jubet
3011 4796 3104 4846 ex
3141 4771 3272 4864 iis,
3335 4772 3465 4871 qui

684 4894 1035 4969 utriusvis
1092 4919 1311 4970 sexus
1368 4895 1810 4991 cognatione
1852 4896 1946 4970 ad
1989 4897 2472 4969 consobrinos
2531 4921 2760 4994 usque
2819 4907 3196 4972 mortuum
3237 4897 3462 4970 attin-

685 5035 911 5116 gunt,
971 5021 1033 5092 is
1092 5043 1258 5092 reus
1318 5020 1559 5116 agitor
1616 5049 1658 5094 a
1716 5021 2046 5118 quolibet
2102 5021 2351 5095 ulcisci
2391 5037 2766 5095 mortuum
2801 5023 3123 5096 volente.
3169 5065 3268 5076 -—
3308 5023 3461 5097 Da·

682 5159 979 5218 mnatus
1022 5159 1263 5216 autem
1309 5157 1545 5216 morte
1601 5145 2028 5236 mulctator,
2089 5169 2324 5245 neque
2365 5147 2440 5219 in
2478 5146 2857 5221 interfecti
2898 5147 3202 5243 regione
3245 5171 3458 5246 sepe-
