3725 5850
1447 499 1672 551 neum
1709 499 1928 553 JURA.
2914 451 3063 552 31'1

1560 691 1791 767 1219.

505 822 707 897 Dum
744 821 1096 920 mysteria
1133 819 1515 895 Eleusinia
1553 818 2067 910 celebrantur,
2128 815 2582 893 circumeant
2618 817 2887 894 delecti
2926 818 3065 894 viri

309 959 373 1022 et
423 947 764 1022 inducias
820 947 1268 1021 annuntient
1324 970 1460 1046 per
1515 945 1778 1040 urbes,
1839 969 1934 1018 ne
1985 944 2103 1019 cui
2142 942 2599 1020 Graecorum
2643 971 2848 1019 arma
2882 943 3067 1020 infe-

308 1084 590 1164 rantur,
645 1071 776 1147 sed
814 1083 897 1145 ut
934 1071 1258 1170 quietem
1298 1080 1527 1167 agant
1563 1070 1710 1144 hoc
1749 1083 2107 1170 tempore.

520 1351 721 1440 Τοῦς
774 1356 1127 1450 τεχνίτας
1182 1357 1322 1426 καὶ
1385 1357 1556 1426 θεοὶ
1615 1357 1753 1427 καὶ
1807 1354 2142 1452 βασιλεῖς
2196 1355 2332 1425 καὶ
2397 1347 2670 1438 πάντες
2706 1345 3070 1444 ’Έλληνες

311 1480 615 1579 τιμῶσιν
641 1539 660 1569 ,
720 1474 1130 1564 δεδωκότες
1167 1477 1302 1568 τήν
1337 1509 1418 1552 τε
1457 1474 1791 1552 ἀσυλίαν
1829 1483 1968 1552 καὶ
2008 1474 2436 1572 ἀσφάλειαν
2483 1476 2662 1552 πᾶσι
2722 1483 2859 1552 καί
2920 1509 3065 1552 πο-

312 1614 531 1706 λέμου
624 1612 762 1680 καί
834 1602 1163 1703 εἰρήνης,
1257 1603 2048 1690 κατακολουθοῦντες
2120 1614 2280 1690 τοῖς
2353 1602 2499 1678 τοῦ
2580 1599 3071 1692 ’Λπόλλωνος

303 1742 679 1832 Χρησμθῖς·
1336 1733 1736 1826 (Boeckhii
1773 1759 1975 1834 corp.
2014 1732 2235 1810 inscr.
2272 1755 2344 1830 g.
2386 1733 2543 1808 Nro
2583 1732 2854 1825 3067.)

1567 1897 1604 1968 1
1619 1896 1794 1970 220.

510 2021 856 2097 Artifices
914 2047 958 2095 a
1014 2020 1151 2096 diis
1207 2030 1282 2094 et
1319 2021 1620 2118 regibus
1680 2030 1755 2094 et
1813 2020 2158 2095 omnibus
2218 2018 2525 2096 Graecis
2582 2020 3066 2116 honorantur,

316 2149 428 2246 qui
463 2148 568 2222 eis
607 2146 1258 2221 inviolabilitatem
1298 2158 1371 2220 et
1409 2144 1882 2220 securitatem
1938 2145 2015 2220 in
2072 2145 2274 2220 bello
2323 2157 2397 2220 et
2433 2171 2619 2246 pace
2660 2146 3068 2241 dederunt,

315 2273 694 2372 Apollonis
735 2273 1034 2347 oracula
1069 2271 1321 2347 secuti.
1581 2379 1776 2452 122¹

522 2497 725 2589 Τούς
763 2499 1081 2587 ἑκόντας
1118 2507 1549 2595 ληφθέντας
1605 2507 1744 2574 καὶ
1793 2510 2059 2598 χεῖρας
2108 2505 2712 2598 προὶσχομὲνους
2750 2493 2793 2579 ὃ
2836 2499 3070 2603 νόμος

314 2623 792 2717 τοῖς”Ελλησι
824 2624 933 2724 μὴ
974 2631 1331 2702 κτείνειν.
1568 2736 1767 2811 1221
2019 2628 2474 2728 (Thucydid.
2514 2631 2650 2724 III,
2692 2633 2859 2724 58.)

517 2863 663 2957 Qui
718 2863 1054 2942 volentes
1113 2863 1424 2939 veniunt
1475 2862 1554 2938 in
1612 2862 1842 2964 partis
1891 2860 2239 2938 bellantis
2276 2871 2723 2962 potestatem
2760 2877 2833 2941 et
2867 2892 3069 2945 more

316 2990 723 3090 supplicum
762 3016 1026 3065 manus
1065 2988 1497 3083 tendenteS,
1554 2987 1692 3063 hos
1734 2986 2195 3063 Graecorum
2227 2985 2348 3061 lex
2390 2989 2627 3064 occidi
2666 3001 2889 3067 vetat.

1584 3150 1808 3227 1222.

527 3275 686 3351 Τοῦ
728 3279 1161 3374 λυσαμένου
1200 3280 1290 3351 ἐκ
1329 3272 1486 3349 τῶν
1523 3276 1912 3371 πολεμίων
1951 3268 2145 3346 εἶναι
2183 3270 2326 3349 τὸν
2362 3277 2725 3365 λυθέντα,
2782 3272 2921 3351 ἐὰν
2960 3270 3069 3375 μή

318 3396 645 3500 ἀποδιδῷ
683 3397 778 3475 τὰ
819 3396 1071 3499 λύτρα.
1465 3400 1890 3495 (Demosth.
1930 3400 2101 3477 adV.
2142 3402 2538 3479 Nicostrat.
2591 3402 2854 3495 1250.)

1565 3564 1796 3639 1222.

515 3690 975 3791 Redemptus
1013 3690 1170 3791 ejus
1209 3702 1405 3785 est0,
1445 3690 1572 3790 qui
1611 3718 1780 3767 eum
1817 3689 1913 3766 ab
1952 3688 2288 3767 hostibus
2326 3688 2674 3785 redemit,
2717 3690 2858 3767 nisi
2898 3717 3063 3793 pre-

316 3814 491 3890 tium
524 3817 942 3893 restituerit.

1579 3924 1808 4000 1223.

515 4025 816 4121 Μηδενὶ
855 4034 1132 4118 ἐξεῖναι
1177 4023 1659 4119 Ἀθηναίων,
1701 4026 1893 4127 μηδὲ
1930 4026 2085 4103 τῶν
2124 4024 2566 4103 οἰκούντων
2604 4023 3062 4126 Ἀθήνῃσιν,

317 4150 714 4253 ἐλεύθερον
751 4154 964 4253 σῶμα
1001 4157 1380 4253 πρίασθαι
1418 4160 1540 4229 ἐπὶ
1581 4152 1894 4253 δουλείᾳ
1934 4160 2026 4230 ἐκ
2062 4152 2220 4228 τῶν
2258 4146 2814 4253 ἁλισκομένων,
2875 4150 3064 4231 ἄνευ

319 4276 438 4365 τῆς
469 4278 609 4355 τοῦ
645 4283 1014 4379 προτέρου
1055 4274 1424 4353 δεσπότου
1463 4276 1781 4383 γνώμης.

1223 4408 1634 4505 (Plutarch.
1682 4409 1800 4485 10.
1841 4419 2110 4486 orator.
2154 4407 2280 4484 vit.
2322 4408 2648 4510 Lycurg.
2695 4410 2856 4502 12.)

1577 4573 1804 4649 1223.

513 4698 584 4775 Ν
587 4728 684 4775 on
719 4696 943 4775 licere
983 4700 1326 4801 cuiquam
1347 4696 1788 4779 Atheniensi
1827 4708 1955 4775 aut
1992 4697 2306 4777 Athenis
2342 4697 2710 4776 habitanti
2747 4699 3065 4775 liberum

320 4847 570 4924 corpus
607 4835 909 4926 captum
926 4825 1004 4901 in
1025 4826 1462 4901 servitutem
1485 4824 1816 4901 vendere
1855 4826 2015 4901 sine
2054 4824 2321 4925 prioris
2358 4823 2639 4901 domini
2676 4848 3064 4901 consensu.

1575 4984 1804 5061 1224.

523 5110 978 5209 Πέμπουσιν
1015 5108 1084 5184 οἱ
1126 5112 1471 5207 πολέμιοι
1512 5107 1816 5209 νεκρῶν
1853 5103 2254 5208 ἀναίρεσιν
2291 5104 2706 5194 αἰτοῦντες.

1912 5234 2325 5330 (Plutarch.
2368 5235 2641 5335 Agesil.
2685 5234 2847 5327 19.)
