3725 5850
1079 469 1554 530 rnaeslnruu
1595 469 2097 530 monacnum.
2816 435 2969 520 153

1503 665 1680 742 619.

411 775 490 854 Si
538 777 704 880 quis
741 775 1067 878 aliquem
1103 774 1556 852 contumelia
1590 774 1928 854 affecerit
1963 776 2119 852 sive
2157 800 2469 878 puerum
2508 776 2663 852 sive
2704 773 2960 851 mulie-

223 929 361 980 rem
395 903 552 980 sive
590 903 835 978 virum
867 901 1234 1004 ingenuos
1273 911 1404 978 aut
1438 925 1738 996 servoS,
1798 913 1929 978 aut
1983 902 2261 1004 aliquid
2317 901 2611 1002 legibus
2666 899 2969 978 interdi-

225 1039 406 1106 ctum
453 1029 534 1104 in
589 1028 855 1103 horum
907 1026 1233 1128 aliquem
1289 1023 1706 1122 admiserit3
1763 1051 1933 1102 eum
1990 1027 2413 1130 quicunque
2478 1026 2685 1102 volet
2740 1023 2966 1102 Athe-

223 1152 610 1250 niensium,
671 1153 787 1228 cui
842 1153 1060 1247 licet,
1117 1150 1408 1228 deferat
1461 1150 1657 1250 apud
1715 1150 2315 1229 ThesmothetaS.
2391 1150 2971 1227 Thesmothetae

223 1290 447 1356 autem
487 1278 862 1355 actionem
898 1277 1097 1379 apud
1139 1276 1530 1353 Heliaeam
1565 1277 1744 1352 dent
1781 1277 1981 1352 intra
2018 1275 2175 1353 dies
2212 1277 2545 1376 triginta,
2584 1276 2679 1351 ab
2720 1299 2808 1350 eo
2849 1273 2970 1352 die

219 1431 348 1504 quo
385 1404 758 1480 accusatio
797 1402 1024 1479 allata
1060 1402 1323 1497 fuerit,
1383 1402 1521 1477 nisi
1581 1403 1967 1505 publicum
2021 1401 2304 1506 aliquid
2351 1399 2753 1506 impediat,
2812 1410 2967 1475 tum

220 1553 384 1604 vero
420 1539 504 1604 ut
539 1529 859 1631 primum
899 1527 1059 1604 fieri
1105 1525 1400 1630 poterit.
1501 1636 1550 1710 6

395 1735 776 1833 Ἔνδειξις
815 1743 1004 1816 ἔστω
1045 1737 1226 1841 πρὸς
1264 1737 1448 1829 τούς
1489 1637 1969 1840 θὲτὲίοθέτας
1988 1799 2011 1832 ,
2068 1739 2207 1818 ἐάν
2240 1770 2353 1829 τις
2390 1734 2593 1839 ἄρχῃ
2632 1735 2976 1834 ὀφείλων

221 1865 318 1966 τῷ
355 1863 690 1966 δημοσίῳ
715 1890 732 1909 ·
790 1869 863 1941 οἱ
904 1864 980 1941 δέ
1025 1872 1494 1964 θεσμοθέται
1529 1863 1712 1954 τούς
1761 1864 2300 1963 ἐνδειχθέντας
2357 1865 2830 1970 εἰσαγόντων
2866 1868 2971 1952 εἰς

220 1989 296 2066 τό
335 1989 844 2092 δικαστήριον.
1534 1994 1957 2089 (Demosth.
1996 2021 2056 2071 c.
2095 1993 2495 2072 Timocrat.
2538 1995 2757 2086 707.)

413 2264 669 2340 Liceat
704 2265 1074 2341 actionem
1109 2155 2004 2341 indicationiffiistituere
2042 2265 2243 2366 apud
2281 2264 2852 2341 Thesmothetas
2889 2265 2968 2340 in

219 2390 561 2467 aerarium
584 2446 603 2482 ‚
651 2389 777 2490 qui
808 2390 1326 2490 magistratum
1360 2388 1699 2486 gesserit.
1777 2387 2361 2466 Thesmothetae
2401 2399 2651 2466 autem
2686 2389 2965 2468 indica-

219 2527 322 2592 tos
357 2514 834 2592 introducant
868 2515 946 2590 in
971 2513 1365 2615 judicium.
1501 2621 1648 2698 621

403 2739 602 2818 Ἐάν
633 2773 748 2831 τις
783 2743 941 2819 τῶν
977 2740 1457 2839 ὀφειλόντων
1492 2744 1602 2844 τῷ
1642 2743 1984 2845 δημοσίῳ
2013 2743 2123 2844 μή
2167 2750 2471 2834 ἐκτίσας
2526 2743 2616 2821 τό
2658 2739 2973 2846 ὄφλημα

219 2869 295 2967 τῇ
350 2865 556 2948 πόλει
613 2869 1080 2967 ἐξαλειφθῇ,
1157 2868 1356 2948 εἶναι
1429 2877 1606 2946 κατ’
1665 2865 1915 2949 αὐτοῦ
1985 2868 2118 2959 τὰς
2193 2867 2492 2976 γραφὰς
2552 2869 2738 2972 πρός
2792 2869 2973 2958 τούς

223 3001 684 3095 θεσμοθέτας
718 2996 862 3072 τοῦ
903 2990 1318 3100 ἀγραφίου.
1469 3000 1895 3095 (Demosth.
1935 3028 1996 3079 c.
2037 3000 2432 3080 Theocriu.
2483 3000 2751 3094 1338.)

411 3266 493 3345 Si
531 3271 696 3369 quis
735 3270 1019 3347 aerario
1071 3160 1709 3347 debentium6121<¹>n
1767 3272 2013 3348 soluto
2052 3272 2507 3373 reipublicae
2547 3272 2800 3350 debito
2841 3271 2966 3349 de-

219 3394 480 3488 leatur,
548 3394 766 3470 detur
820 3394 894 3470 in
955 3418 1124 3469 eum
1179 3396 1374 3471 actio
1433 3395 1756 3473 nominis
1813 3423 1963 3471 non
2030 3396 2285 3496 scripti
2346 3397 2547 3497 apud
2608 3396 2971 3473 Thesmo-

217 3518 464 3596 thetae.

1495 3630 1671 3705 622.

421 3756 598 3839 Τοῖς
637 3748 996 3850 ἐμπόροις
1034 3756 1171 3825 καὶ
1207 3762 1361 3839 τοῖς
1403 3751 1859 3854 ναυκλήροις
1900 3750 2097 3828 εἶναι
2138 3750 2270 3841 τὰς
2311 3751 2535 3841 δίκας
2574 3751 2755 3852 πρὸς
2794 3750 2973 3840 τούς

223 3882 684 3973 θεσμοθέτας
717 3933 736 3966 ,
801 3873 943 3953 ἐάν
1002 3906 1074 3950 τι
1133 3872 1560 3954 ἀδικῶνται
1616 3886 1702 3954 ἐν
1755 3880 1869 3979 τῷ
1925 3886 2315 3979 ἐμπορίῳ,
2374 3874 2419 3970 ἢ
2475 3876 2791 3954 ἐνθένδε
2842 3908 2971 3953 ποι

219 4007 587 4091 πλέοντες,
645 3996 696 4092 ἢ
733 4006 1104 4101 ἑτέρωθεν
1142 3999 1396 4101 δεῦρο.
1523 4009 1954 4101 (Demosth.
1995 4008 2162 4087 adv,
2203 4005 2513 4109 Apatur.
2537 4008 2759 4101 892.)

411 4273 953 4351 Mercatoribus
992 4285 1067 4350 et
1104 4170 1827 4354 naviculariffiia=122actio
1878 4278 2099 4353 datur
2136 4276 2340 4379 apud
2380 4277 2974 4371 ThesmothetaS‚

217 4398 266 4473 si
298 4426 442 4499 qua
477 4400 752 4500 injuria
785 4398 1206 4477 afficiantur
1243 4402 1400 4479 sive
1438 4402 1614 4479 hinc
1651 4403 1800 4481 alio
1843 4403 2289 4501 navigantes
2310 4402 2467 4479 sive
2486 4402 2783 4480 aliunde
2807 4403 2972 4481 huc.

1501 4564 1680 4639 623.

421 4681 594 4758 Τῶν
639 4680 1034 4781 Ἀθήνῃσι
1076 4688 1576 4785 συμβολαίων
1633 4683 1767 4775 τὰς
1825 4685 2049 4773 δίκας
2104 4685 2301 4762 εἶναι
2342 4684 2529 4786 πρός
2565 4684 2746 4775 τούς
2788 4692 2975 4763 θεσ-

213 4814 549 4899 μοθέτας.
1391 4816 1819 4908 (Demosth.
1859 4816 2028 4892 adv,
2068 4817 2495 4893 Phormion.
2540 4817 2759 4909 920.)

1498 4977 1543 5050 6
1655 5035 1672 5053 .

409 5080 953 5158 Contractuum
1011 5082 1324 5161 Athenis
1382 4978 1753 5161 factgrssum
1809 5085 2137 5162 actiones
2190 5086 2461 5163 dentur
2500 5088 2699 5188 apud
2737 5087 2972 5164 Thes·
3062 5132 3071 5139 ·

96 5278 98 5301 1
223 5205 584 5281 mothetas.
