3725 5850
633 390 788 466 376
1723 418 1848 468 ms
1884 413 2324 466 vaATUM.

1813 599 2245 703 Τμῆμαα’.

1326 751 1790 848 Χρῆσις
1885 748 2112 825 τῶν
2205 741 2711 824 ὖδάτων.

1866 913 1875 920 “
1950 911 2082 926 1⁸-va
2098 909 2141 924 N
2156 909 2182 922 ’ν

1836 1020 2087 1098 Sectio
2148 1021 2217 1096 1.

1525 1165 1830 1241 Usus
1926 1189 2522 1263 aquarum.

1918 1344 2143 1420 1462.

833 1447 1099 1527 ‘'Onov
1127 1457 1278 1550 μέν
1313 1456 1465 1526 ἐστι
1509 1447 1879 1548 δημόσιον
1916 1455 2152 1549 φρέαρ
2191 1443 2408 1536 ἐντός
2447 1449 2804 1540 ἱππικοῦ,
2834 1447 3182 1547 χρῆσθαι
3224 1443 3415 1522 τού-

641 1563 793 1674 τῳ’·
856 1572 1057 1651 ὅπου
1098 1575 1172 1651 δὲ
1214 1580 1478 1652 πλεῖον
1537 1573 1844 1673 ἀπέχει,
1903 1581 2153 1668 ζητεῖν
2207 1571 2416 1674 ὕδωρ
2476 1574 2721 1651 ἴδιον·
2780 1573 2919 1652 ε’·ἀν
2960 1573 3035 1651 δὲ
3077 1571 3417 1674 ὀρύξαν-

634 1733 752 1789 τες
792 1699 1130 1807 ὀργυιῶν
1168 1702 1352 1780 δέκα
1389 1700 1649 1804 βάθος
1689 1712 1862 1802 παρ’
1905 1709 2204 1790 ἑαυτοῖς
2245 1700 2353 1802 μὴ
2397 1700 2669 1804 εὕρωσι
2695 1763 2713 1794 ,
2774 1704 2941 1781 τότε
2982 1701 3419 1804 λαμβάνειν

635 1825 840 1930 παρά
883 1829 1028 1906 τοῦ
1069 1834 1415 1935 γείτονος
1457 1827 1794 1927 ἑξάχουν
1831 1821 2117 1929 ὑδρίαν
2138 1827 2249 1915 δὶς
2273 1827 2591 1922 ἑκάστης
2614 1823 2881 1930 ἡμέρας
2914 1829 3417 1928 πληροῦντας.

1796 1958 2214 2053 (Plutarch.
2256 1957 2407 2036 Sol.
2451 1960 2573 2036 23.
2633 1961 2793 2038 Lex
2834 1959 3197 2052 Solonis.)

852 2231 1005 2308 Ubi
1043 2231 1388 2333 publicus
1429 2241 1542 2308 est
1581 2242 1849 2333 puteus
1877 2289 1893 2327 ,
1921 2122 2417 2330 zssssgduamm
2453 2232 2652 2307 intra
2688 2231 3013 2332 spatium
3054 2230 3423 2331 equestris

635 2383 892 2434 cursus
931 2355 1048 2449 (id
1087 2367 1198 2433 est
1235 2355 1640 2434 stadiorum
1679 2358 2065 2457 quattuor)
2104 2355 2361 2432 venire
2400 2356 2656 2433 liceat:
2716 2357 2840 2454 qui
2900 2381 3079 2432 vero
3116 2356 3421 2453 longius

637 2483 949 2578 absunt,
990 2481 1374 2583 propriam
1411 2481 1554 2556 sibi
1593 2508 1862 2583 aquam
1903 2491 2303 2580 quaerant3
2361 2479 2623 2582 quodsi
2662 2490 2829 2556 acto
2868 2479 2962 2556 ad
3006 2480 3265 2557 decem
3308 2479 3419 2555 ul-

638 2631 905 2683 narum
961 2607 1428 2682 altitudinem
1487 2619 1714 2709 puteo
1771 2633 2046 2706 aquam
2102 2633 2252 2681 non
2309 2605 2772 2696 invenerint,
2854 2615 3013 2682 tum
3070 2631 3115 2681 a
3166 2604 3421 2680 vicino

640 2757 908 2831 aquam
927 2741 1208 2834 petant,
1235 2732 1559 2834 quotidie
1602 2757 1866 2808 urnam
1906 2758 2037 2807 sex
2076 2729 2439 2807 choarum
2478 2755 2829 2833 capacem
2864 2731 2981 2807 bis
3000 2731 3421 2833 implentes,

1819 3015 2257 3117 Τμῆμαβ’.

1655 3165 1965 3261 Περὶ
2076 3156 2408 3261 ὅρων.

1849 3436 2098 3513 Sectio
2155 3438 2226 3513 2.

1645 3582 1796 3657 De
1907 3578 2426 3678 finibusss

1924 3758 2153 3834 1463.

873 3879 1076 3967 Τους
1104 3883 1254 3981 μὲν
1292 3874 1487 3957 ἄλλο
1523 3911 1597 3957 τι
1635 3879 2111 3977 φυτεύοντος
2148 3888 2235 3957 ἐν
2272 3877 2488 3986 ἀγρῷ
2511 3938 2533 3971 ‚
2576 3889 2792 3961 πέντε
2830 3880 3069 3970 πόδας
3106 3878 3432 3978 ἀπέχειν

662 4008 802 4083 τοῦ
862 4014 1250 4113 γείτονος,
1307 4004 1491 4096 τούς
1558 4007 1632 4083 δὲ
1694 4006 1945 4121 συκῆν
2003 4002 2049 4099 ἢ
2104 4012 2419 4099 ἐλαίαν,
2476 4013 2735 4085 ἐννέα·
2796 4017 3229 4109 πορρωτέρω
3278 4007 3432 4114 γὰρ

650 4141 1060 4225 ἐξικνεῖται
1115 4132 1360 4210 ταῦτα
1412 4144 1576 4220 ταῖς
1631 4137 1911 4231 ῥίζαις·
1985 4138 2123 4208 καὶ
2182 4130 2277 4209 οὐ
2340 4132 2525 4208 πᾶσι
2582 4134 2875 4238 γειτνιᾷ
2934 4146 3093 4221 τοῖς
3150 4148 3432 4231 φυτοῖς

649 4256 972 4351 ἀσινῶς,
1040 4256 1237 4334 ἀλλὰ
1296 4264 1436 4335 καὶ
1492 4257 1794 4360 τροφήν
1853 4269 2325 4359 παραιρεῖται
2399 4264 2537 4334 καὶ
2609 4258 3117 4359 βλάπτουσαν
3188 4264 3433 4351 ἐνίοις

648 4381 1037 4487 ἀπορροὴν
1073 4380 1362 4482 ἀφίησι.
1815 4390 2235 4485 (Plutarch.
2275 4388 2425 4467 Sol,
2466 4390 2589 4467 23.
2647 4390 2807 4469 Lex
2846 4392 3207 4487 Solonis)

866 4658 1015 4752 Qui
1064 4658 1264 4735 aliud
1325 4664 1592 4761 (quam
1648 4662 1873 4736 ficum
1912 4550 2364 4753 ddtssgieam)
2422 4661 2771 4763 plantant
2806 4662 2887 4738 in
2924 4689 3149 4763 agro,
3209 4665 3427 4764 quin-

649 4810 790 4886 que
847 4784 1125 4886 pedum
1179 4787 1420 4887 spatio
1476 4813 1523 4862 a
1577 4786 1822 4863 vicino
1877 4786 1955 4863 id
2012 4798 2486 4883 removeant3
2547 4788 2674 4889 qui
2730 4802 2979 4865 autem
3035 4793 3259 4867 ficum
3298 4800 3429 4867 aut

657 4911 941 5006 oleam,
1001 4936 1316 5008 novem3
1370 4938 1542 4987 nam
1581 4913 1853 5014 stirpes
1891 4914 2113 4991 latius
2150 4940 2323 4989 suas
2361 4915 2651 4991 radices
2692 4916 3143 5013 extendunt,
3185 4943 3428 5018 neque

645 5036 954 5113 innoxia
990 5036 1336 5113 omnibus
1375 5037 1535 5114 aliis
1572 5039 1850 5140 plantis
1890 5050 2002 5115 est
2039 5066 2295 5115 earum
2332 5041 2710 5136 vicinitas,
2756 5041 2956 5139 quod
2998 5055 3073 5118 et
3114 5043 3425 5119 alimen-

647 5172 807 5241 tum
842 5162 932 5241 iis
971 5162 1418 5245 subtrahant
1455 5176 1530 5243 et
1565 5165 1951 5244 humorem
1988 5167 2136 5244 illis
2172 5166 2527 5244 infestum
2564 5166 2935 5244 exhalent.
