3725 5850
624 489 781 564 204
1714 515 1838 566 ms
1876 511 2295 564 Punmctm.

1914 701 2092 777 817.

841 823 1058 902 Κατὰ
1099 826 1254 902 τῶν
1292 823 1700 923 ἀρχόντων
1753 831 1892 900 καὶ
1949 821 2149 899 κατά
2212 825 2365 899 τῶν
2424 825 2948 920 συκοφαντῶν
3004 821 3409 924 προβολάς

624 961 713 1030 ἐν
745 953 854 1055 τῷ
894 950 1106 1055 δήμῳ
1143 957 1512 1029 τίθεσθαι
1538 979 1552 994 ·
1610 955 1684 1025 εἰ
1721 948 1804 1026 δέ
1837 979 2043 1038 τινος
2077 955 2892 1049 καταχειροτονηθείη,
2957 941 3187 1040 οὗτος
3226 955 3404 1026 εἰσ-

623 1079 888 1185 άγεται
925 1083 1032 1168 εἰς
1068 1075 1157 1156 τὸ
1199 1075 1711 1178 δικαστήριον.
1839 1079 2418 1182 (Harpocratioz
2460 1080 3176 1177 καταχειροτονία.)

1922 1239 2098 1318 817.
2168 1243 2173 1250 ’

839 1367 1125 1445 Contra
1141 1367 1614 1470 magistratus
1635 1379 1710 1444 et
1729 1365 2231 1469 sycophantas
2270 1370 2661 1468 quaerelae
2694 1369 3175 1446 instituantur
3190 1363 3400 1468 apud

627 1490 1008 1593 populum.
1088 1495 1186 1570 Et
1221 1520 1442 1595 quem
1479 1494 1808 1596 populus
1845 1493 2223 1595 suffragiis
2262 1491 2765 1590 damnaverit,
2823 1494 2885 1568 is
2922 1493 2999 1569 in
3026 1490 3399 1593 judicium

625 1616 1142 1695 introducitur.

1913 1724 2091 1802 818.

839 1847 1497 1948 Καταχειροτονία
1537 1847 1614 1924 δὲ
1655 1845 2289 1947 ἀποχειροτονίας
2328 1846 2705 1947 διαφέρει·
2744 1849 3396 1944 καταχειροτονία

615 1971 767 2071 μὲν
800 1969 946 2076 γὰρ
984 1977 1277 2078 γίνεται
1317 1969 1521 2048 οὕτω
1547 2001 1561 2015 ·
1621 1979 1814 2078 λέγει
1854 1965 1900 2050 ὅ
1940 1973 2181 2072 κῆρυξ
2222 1969 2372 2049 ὅτω
2412 1966 2460 2050 ὁ
2500 1973 2711 2049 δεῖνα
2752 1969 2797 2064 ἢ
2832 1964 2877 2048 ὅ
2920 1971 3134 2048 δεῖνα
3172 1968 3398 2045 δοκεῖ

625 2094 971 2189 ἀδικεῖν,
1031 2095 1288 2198 ἀράτω
1326 2095 1469 2189 τήν
1495 2109 1724 2198 χεῖρα
1750 2126 1765 2141 ·
1825 2096 1992 2174 εἶτα
2048 2101 2122 2173 οἱ
2180 2105 2532 2187 θέλοντες
2579 2103 3007 2174 ε’κτεὶνουσι
3046 2092 3183 2184 τάς
3210 2106 3393 2192 χεῖ-

623 2251 794 2320 ρας·
855 2219 1449 2322 ἀποχειροτονία
1489 2221 1564 2300 δὲ
1605 2220 1848 2311 οὕτως
1874 2247 1891 2267 ·
1950 2217 2101 2300 ὅτω
2146 2221 2255 2326 μὴ
2316 2222 2539 2302 δοκεῖ
2583 2219 2885 2303 ἀδικεῖν
2921 2213 2964 2299 ὅ
3009 2213 3222 2298 δεῖνα
3262 2215 3308 2330 ἢ
3344 2213 3388 2295 ὅ

625 2345 879 2440 δεῖνα,
939 2345 1190 2446 ἀράτω
1246 2345 1387 2439 τὴν
1432 2357 1700 2448 χεῖρα·
1777 2355 1918 2423 καὶ
1973 2353 2441 2425 ἐκτείνουσι·
2518 2343 2796 2424 λοιπὸν
2854 2347 3093 2436 πάσας
3150 2341 3391 2446 ἀριθ-

616 2473 856 2572 μοῦσι
893 2469 1027 2563 τάς
1052 2485 1334 2580 χεῖρας.
1411 2481 1566 2550 Καὶ
1624 2467 1768 2575 ὁρᾷ
1825 2465 1871 2552 o‘
1926 2475 2172 2574 κῆρυξ
2230 2485 2441 2552 ποῖαι
2483 2481 2788 2564 πλείους
2825 2477 3010 2553 εἰσί·
3068 2471 3389 2574 πότερον

623 2597 779 2675 τῶν
835 2598 1306 2695 φασκόντων
1361 2597 1609 2676 αὐτὸν
1663 2599 1971 2678 ἀδικεῖν
2023 2597 2068 2694 ἢ
2116 2598 2267 2700 μὴ·
2322 2609 2460 2678 καὶ
2501 2597 2677 2680 ὅσαι
2716 2596 2820 2678 ἂν
2856 2595 2997 2675 ὦσι
3036 2604 3385 2688 πλείους,

624 2731 786 2802 ἐκεῖ
815 2731 955 2801 καὶ
999 2719 1037 2817 ἦ
1081 2723 1343 2832 γνώμη
1380 2737 1664 2828 κρατεῖ.
1924 2732 2502 2832 (Harpocratioz
2544 2727 3173 2830 διαχειροτονία.)

1920 2893 2098 2967 818.

836 3018 1112 3097 Differt
1145 3029 1396 3095 autem
1434 3019 1955 3098 condemnatio
1992 3044 2129 3121 per
2166 3046 2519 3097 manuum
2576 3020 3075 3097 elevationem
3123 3016 3217 3095 ab
3258 3016 3385 3093 ab-

625 3142 990 3221 solutione
1064 3170 1200 3246 per
1270 3168 1628 3219 manuum
1701 3144 2220 3245 elevationem.
2295 3145 2438 3223 Illa
2510 3146 2713 3221 enim
2784 3144 2891 3221 sie
2946 3142 3385 3219 instituitur:

626 3294 894 3370 praeeo
931 3269 1147 3347 dicit:
1203 3268 1321 3345 eui
1360 3268 1481 3345 hie
1519 3270 1640 3346 vel
1677 3270 1802 3347 ille
1857 3268 2183 3347 criminis
2242 3296 2411 3347 reus
2470 3296 2631 3347 esse
2690 3268 3029 3361 videtur,
3088 3293 3385 3347 manum

626 3393 862 3471 tollat.
975 3393 1193 3471 Tune
1250 3396 1375 3497 qui
1445 3394 1707 3473 volunt
1728 3455 1744 3477 .
1803 3423 2107 3473 manum
2162 3396 2592 3471 extendunt.
2676 3392 3067 3472 Absolutio
3142 3404 3385 3468 autem

627 3520 769 3595 ita:
827 3520 946 3595 oui
984 3518 1105 3595 hie
1143 3520 1262 3595 vel
1299 3521 1426 3596 ille
1463 3548 1617 3597 non
1656 3521 1948 3597 videtur
1998 3521 2325 3597 oriminis
2364 3546 2535 3597 reus
2576 3548 2776 3614 esse,
2814 3544 3118 3597 manum
3155 3516 3384 3594 tollat.

629 3642 724 3719 Et
760 3644 1192 3721 extendunt.
1267 3645 1540 3723 Postea
1592 3672 1850 3722 omnes
1909 3672 2174 3723 manus
2230 3656 2646 3722 numerant.
2722 3644 2820 3721 Et
2854 3669 3127 3747 praeeo
3168 3641 3381 3742 dispi-

627 3770 765 3864 eit,
842 3770 1078 3847 utrius
1133 3770 1366 3873 partis
1421 3770 1571 3847 sint
1624 3771 1880 3873 plures
1938 3796 2240 3865 manus,
2318 3770 2749 3867 illorumne,
2828 3769 2954 3871 qui
3006 3760 3385 3845 affirment

629 3894 954 3971 oriminis
994 3922 1198 3973 reum
1239 3922 1440 3992 esse,
1499 3922 1594 3973 an
1653 3922 1907 3973 eorum
1944 3898 2070 3999 qui
2110 3906 2407 3995 negent.
2502 3899 2713 3995 Quae
2750 3896 2980 3995 igitur
3012 3920 3188 3997 pars
3228 3890 3379 3997 plu-

630 4046 748 4095 res
785 4019 1014 4098 habet
1051 4048 1356 4119 manus,
1414 4022 1571 4123 ejus
1608 4022 1983 4099 sententia
2020 4020 2269 4098 vineit-

1923 4179 2099 4257 819.

843 4294 1218 4403 Προβολὴ
1278 4312 1414 4383 καὶ
1465 4303 1674 4382 κατὰ
1728 4304 1884 4384 τῶν
1936 4266 2299 4393 κακόνως
2356 4302 2539 4401 πρὸς
2592 4300 2735 4381 τὸν
2792 4302 3043 4402 δῆμον
3092 4302 3385 4381 διακει-

619 4434 902 4528 μένων.
2414 4434 2725 4528 (Pollux
2764 4432 2970 4528 VIH,
3008 4433 3174 4524 46.)

843 4648 1172 4742 Querela
1208 4650 1431 4727 etiam
1469 4650 1732 4729 eontra
1768 4679 1897 4729 eos
1924 4542 2204 4746 Sdlgur,
2264 4651 2388 4753 qui
2428 4676 2609 4749 erga
2643 4647 3007 4754 populum
3043 4648 3238 4725 male
3276 4650 3383 4727 af-

626 4774 801 4853 fecti
837 4784 1030 4852 sunt.

1914 4886 2093 4962 820.

845 5009 1142 5093 OEuvsg
1175 5004 1320 5083 τὸν
1365 5002 1610 5107 δῆμον
1649 5007 2122 5101 ἐξαπατῶσι,
2187 5004 2575 5109 προβολάς
2631 5003 2893 5084 αὐτῶν
2943 5004 3146 5084 εἶναι
3170 5002 3386 5116 ,Ἰκαὶ

629 5130 997 5240 ἐγγυητὰς
1033 5133 1546 5229 καταστῆσαι,
1603 5142 1737 5224 ἕως
1775 5130 1880 5210 ἂν
1913 5134 2321 5233 κριθῶσιν.

1799 5246 2268 5349 (Xenophon
2303 5246 2473 5323 hist,
2508 5210 2757 5344 gisen.
2794 5246 2853 5344 Ι,
2892 5244 2966 5341 7,
3008 5243 3173 5341 35.)
