3725 5850
692 440 735 519 1
752 440 851 519 12
1514 508 1523 517 .
1788 460 1914 513 ms
1949 459 2370 513 waucort.

899 762 1337 843 Celebratur
1388 770 1639 839 autem
1693 650 2332 837 ΕΙοιιεὶἒεῗῗτίαω
2365 770 2764 847 ‘certamen
2817 761 3318 867 Proserpinae
3383 775 3462 840 et

689 889 1019 988 Cereris,
1076 891 1203 991 qui
1241 898 1547 967 vocatur
1582 885 2003 981 Eleusinia3
2057 883 2268 985 cujus
2302 888 2716 987 praemium
2754 899 2868 967 est
2905 888 3288 967 hordeum.

910 1153 1073 1247 Τὴν
1128 1152 1205 1231 δὲ
1256 1148 1526 1253 ἑορτὴν
1578 1148 1866 1243 ταύτην
1913 1142 2191 1253 ἄγουσι
2240 1147 2658 1243 Ἀθηναῖοι
2710 1150 2862 1230 ἇνοὶ
2900 1157 3120 1232 πέντε
3151 1156 3323 1231 ἔτεα
3359 1154 3458 1254 τῇ

686 1288 947 1381 Μητρὶ
983 1286 1124 1356 καὶ
1159 1278 1250 1379 τῇ
1292 1276 1600 1380 Κούρῃ,
1659 1283 1797 1353 καὶ
1858 1273 2124 1353 αὐτῶν
2170 1307 2250 1353 τε
2302 1269 2345 1353 ὃ
2402 1275 2880 1379 βουλόμενος
2932 1278 3266 1358 καὶτῶν
3304 1274 3461 1356 ἅλ-

688 1414 845 1487 λων
887 1402 1285 1499 Ἐλλήνων
1310 1408 1643 1506 μυέεται.
1736 1514 1741 1521 ι
1978 1514 2138 1589 460
2383 1408 2779 1503 (Herodot.
2817 1409 3026 1507 VIII,
3069 1411 3242 1507 65.)

902 1624 1160 1727 Agunt
1213 1634 1465 1703 autem
1520 1623 1781 1725 quinto
1838 1648 2130 1725 quoque
2191 1648 2388 1699 anno
2443 1622 2585 1700 hoc
2645 1624 2918 1702 festum
2953 1624 3456 1707 Athenienses

687 1754 940 1833 Cereri
977 1754 1201 1831 Matri
1231 1763 1307 1828 et
1342 1751 1879 1853 Proserpinae,
1939 1762 2014 1825 et
2069 1748 2402 1850 quisquis
2451 1750 2614 1827 vult
2649 1752 2982 1853 ipsorum
3019 1761 3095 1828 et
3129 1750 3458 1853 reliquo-

690 1907 859 1959 rum
896 1861 1394 1975 G‘rraecoruin,
1450 1877 1565 1955 his
1600 1876 1832 1955 sacris
1869 1874 2229 1953 initiatur.

1981 2036 2160 2113 461.

902 2142 1260 2243 Πάτριόν
1311 2148 1467 2220 ἐστι
1521 2152 1685 2229 ταῖς
1744 2147 1962 2227 θεαῖς
2019 2136 2388 2241 ἀνιεροῦν
2422 2138 2558 2229 τοὶς
2595 2140 2869 2232 στολάς
2903 2140 3088 2231 τούς
3115 2141 3458 2243 μύστας,

687 2280 777 2350 ἐν
812 2263 932 2360 αἷς
967 2267 1285 2366 τύχοιεν
1311 2272 1759 2368 μυηθέντες.
1873 2266 2162 2363 (Schol.
2182 2268 2264 2345 in
2285 2266 2765 2371 Aristophan.
2795 2272 2994 2349 Plut.
3017 2272 3242 2370 845.)

2097 2414 2163 2489 1.

899 2522 969 2601 A
1004 2524 1407 2625 majoribus
1459 2522 1817 2600 traditum
1871 2414 2165 2618 estfffiut
2197 2520 2510 2639 initiati3
2566 2548 2714 2623 qua
2751 2533 3004 2603 essent
3040 2524 3292 2603 amicti
3327 2550 3454 2601 ve-

689 2661 841 2749 ste,
900 2652 1182 2728 deabus
1224 2658 1769 2727 consecrarent.
1981 2755 2136 2831 462
2719 2688 2754 2729 ιι

892 2859 1073 2940 Ἐπὶ
1132 2858 1449 2969 ζεύγους
1495 2856 1604 2962 μὴ
1672 2852 1976 2936 ἀπιέναι
2049 2870 2389 2965 γυναῖκα
2453 2854 2996 2954 Ἐλευσίναδε,
3074 2856 3281 2953 ὅπως
3344 2862 3456 2966 μὴ

690 2989 1148 3070 ἐλαττῶνται
1188 2993 1266 3065 αἱ
1308 2988 1711 3088 δημοτικαὶ
1747 2977 1905 3063 vino*
1945 2985 2102 3066 τῶν
2138 2992 2547 3068 πλουσίων.

1552 3098 1969 3194 (Plutarch.
2009 3099 2104 3175 X.
2143 3111 2410 3176 orator.
2451 3101 2670 3177 vitae.
2712 3097 3033 3201 Lycurg.
3080 3098 3244 3196 14.)

1983 3244 2162 3320 462.

905 3347 1195 3432 Mulieri
1233 3351 1447 3428 nefas
1485 3361 1645 3427 esto
1690 3351 1771 3428 in
1804 3349 2003 3452 bigis
2043 3351 2471 3430 Eleusinem
2507 3353 2657 3448 ire,
2714 3377 2810 3430 ne
2850 3381 2896 3430 a
2932 3353 3286 3430 divitibus
3323 3380 3461 3455 po-

690 3480 989 3580 pulares
1025 3477 1348 3554 feminae
1388 3487 1855 3577 superentur.
2038 3585 2137 3660 63

1981 3587 2032 3658 4
2143 3641 2160 3659 .

911 3687 1072 3784 Tim
1130 3686 1417 3780 δούλην
1467 3693 1605 3763 καὶ
1660 3687 1801 3782 τὴν
1856 3683 2166 3766 ἅπαντα
2217 3685 2361 3766 τὸν
2403 3686 2709 3788 χρόνον
2746 3691 3078 3790 αἰσχρῶς
3119 3691 3466 3792 βιοῦσαν

694 3809 873 3893 οὔτε
912 3819 1330 3914 παρελθεῖν
1384 3814 1561 3889 εἴσω
1616 3813 1758 3889 τοῦ
1800 3812 2011 3913 ἱεροῦ
2071 3813 2242 3910 (τῆς
2281 3811 2664 3915 Δήμητρος
2701 3822 2838 3890 καὶ
2876 3815 3008 3907 τῆς
3046 3818 3460 3918 Περσεφό-

695 3951 864 4037 νης]
904 3934 1071 4017 οὔτ’
1113 3939 1309 4015 ἰδεῖν
1345 3939 1503 4014 τῶν
1542 3937 1775 4015 ἔνδον
1813 3937 2047 4016 οὐδέν
2073 3997 2094 4028 ,
2155 3933 2384 4030 οὔσης
2437 3941 2566 4032 τῆς
2626 3946 2910 4030 θυσίας
2947 3941 3259 4030 ταύταις
3295 3955 3463 4030 ταῖς

699 4073 933 4154 θεαῖς.
1829 4071 2128 4164 (Isaeus
2167 4069 2258 4144 de
2299 4068 2735 4147 Philoctem.
2777 4071 2930 4148 her.
2971 4069 3038 4174 ξ.
3083 4073 3246 4166 50.)

1987 4213 2167 4289 463.

910 4319 1188 4398 Servae
1228 4330 1303 4395 et
1341 4321 1445 4417 ei,
1504 4345 1693 4421 quae
1750 4346 1886 4423 per
1942 4347 2240 4397 omnem
2295 4331 2618 4398 aetatem
2663 4323 2945 4400 infame
2985 4324 3182 4401 vitae
3220 4349 3460 4425 genus

696 4457 951 4523 secuta
986 4455 1138 4543 est,
1179 4471 1275 4523 ne
1313 4447 1534 4524 liceat
1570 4447 1766 4523 intra
1802 4447 2166 4549 templum
2203 4447 2665 4525 Eleusinium
2703 4448 3016 4546 intrare,
3054 4476 3296 4553 neque
3336 4476 3458 4526 eo-

693 4599 861 4649 rum
898 4598 1087 4673 quae
1145 4572 1224 4649 in
1283 4599 1371 4650 eo
1426 4583 1789 4674 geruntur
1828 4574 2224 4674 quicquam
2279 4573 2572 4670 videre,
2633 4601 2858 4678 quum
2919 4577 3120 4654 hisce
3179 4575 3458 4654 deabus

694 4697 997 4792 (Cereri
1036 4709 1110 4774 et
1146 4699 1681 4800 Proserpinae)
1719 4725 2014 4775 sacrum
2052 4701 2156 4775 fit.

915 4941 1029 5020 Τοὶ
1074 4937 1508 5044 ςΑῑῙροίκλεια
1544 4951 1632 5022 ἐν
1668 4939 1876 5022 ἄστει
1923 4841 2170 5026 θύῗιῒ.
2243 4951 2676 5046 (Demosth.
2699 4951 2861 5030 fals·
2883 4954 3108 5052 legat.
3129 4953 3352 5045 379.)

910 5201 1337 5280 Herculana
1372 5227 1587 5280 sacra
1622 5203 1807 5278 fiant
1840 5201 1921 5278 in
1959 5095 2165 5278 uli-bt.
