3725 5850
580 396 735 470 520
1328 416 1943 468 COMMENTARIUS
1987 414 2088 463 An
2129 412 2254 465 808.
2295 410 2419 465 812.
2463 414 2586 467 814.

580 608 972 709 Syrianam
1011 608 1105 687 ad
1146 610 1599 706 Hermogen.
1642 617 1807 683 stat.
1849 606 1954 679 28
1977 633 1994 700 ;
2051 617 2126 683 et
2163 606 2483 705 Gregor.
2523 605 2858 683 Corinth.
2901 604 2996 681 ad
3039 605 3356 681 Hermo-

580 758 752 831 gen.
792 733 1118 813 method.
1160 735 1515 833 eloquent
1581 732 1805 807 1119.
1849 758 1912 807 c.
1953 731 2044 809 ΙΙ.

1754 942 1905 1026 Ad
1953 944 2184 1027 808.

800 1110 1176 1206 „Pollucis
1234 1111 1601 1211 posterior
1636 1110 1847 1185 locus
1887 1135 2057 1184 cum
2097 1108 2340 1210 priore
2379 1134 2716 1211 pugnare
2755 1108 3085 1205 videtui-3
3141 1134 3316 1183 nam
3344 1166 3363 1201 ,

586 1233 784 1334 quod
838 1246 1059 1312 antea
1096 1229 1237 1307 τὸν
1272 1227 1760 1331 βουλόμενον
1799 1234 2064 1311 fecisse
2101 1234 2432 1329 dixerat,
2489 1234 2563 1310 id
2604 1259 2801 1309 nunc
2840 1232 3356 1309 thesmothetis

585 1360 863 1435 tribuit.
938 1360 1335 1436 Conciliari
1394 1371 1645 1437 tamen
1703 1358 1889 1435 haec
1926 1360 2148 1437 facile
2185 1372 2541 1461 possunt,
2597 1359 2660 1435 si
2702 1370 3019 1457 statuae,
3077 1358 3363 1435 adeun-

588 1484 723 1560 dos
782 1484 1097 1585 primum
1156 1512 1200 1560 a
1258 1484 1592 1562 delatore
1648 1486 1875 1561 fuisse
1935 1483 2521 1581 thesmothetas,
2594 1484 3314 1584 interrogandosque
3341 1540 3364 1577 ,

586 1619 830 1685 utrum
870 1610 964 1685 ad
1003 1637 1083 1685 se
1120 1622 1250 1686 aut
1286 1610 1379 1685 ad
1417 1609 1739 1710 aliquem
1779 1636 1821 1685 e
1856 1608 2170 1709 collegis
2207 1636 2482 1687 nomen
2522 1608 2832 1705 deferri,
2873 1636 2970 1686 an
3009 1610 3371 1709 εἰσαγγε-

591 1734 773 1805 λίαν
826 1734 1105 1811 institui
1166 1748 1509 1837 oportere
1570 1736 2098 1815 existimarent.
2193 1736 2272 1812 Si
2343 1735 2839 1839 εἰσαγγελίαν
2891 1734 3178 1811 institui
3237 1745 3378 1808 aut

588 1884 811 1958 posse
864 1871 993 1935 aut
1046 1861 1319 1939 debere
1376 1862 1977 1965 respondissent,
2035 1872 2214 1939 tunc
2261 1876 2388 1938 aut
2422 1863 2628 1963 ipsos
2666 1888 2824 1939 rem
2861 1860 2958 1937 ad
2998 1857 3372 1963 populum

590 1980 842 2058 tulisse
868 2040 885 2072 ‚
941 1995 1071 2061 aut
1127 1987 1579 2085 delatorem3
1634 2012 2079 2089 quamquam
2123 1988 2366 2088 potuit
2405 1986 2467 2061 is
2505 2012 2802 2087 quoque
2849 1984 3375 2085 εἰσαγγέλλειν

592 2106 734 2183 dici
758 2167 775 2201 ,
834 2110 956 2211 qui
996 2111 1489 2213 εἰσαγγελίαν
1544 2139 1679 2189 suo
1736 2113 2036 2189 nomine
2075 2140 2122 2189 a
2157 2112 2678 2189 thesmothetis
2717 2110 3196 2189 deferendam
3237 2136 3374 2185 cu·

593 2235 839 2309 rarit.“
904 2234 1497 2313 Schomann:
1552 2240 1686 2314 De
1744 2238 2188 2314 comitiis
2246 2235 3009 2316 Atheniensium
3063 2262 3136 2334 p.
3179 2234 3366 2309 205.

1770 2448 1922 2533 Ad
1981 2451 2193 2532 812.

811 2612 1037 2687 Teste
1078 2612 1377 2690 Polluce
1417 2616 1667 2708 (VIII,
1693 2616 1834 2709 53)
1879 2614 2280 2691 secundum
2321 2613 2616 2691 Solonis
2655 2614 3122 2715 praescripta
3157 2613 3368 2687 mille

583 2736 872 2837 judices
920 2737 1361 2833 judicabant
1415 2740 2071 2835 denunciatione-⁶3,
2132 2739 2400 2840 quibus
2457 2754 2754 2841 postea,
2811 2750 2896 2813 ut
2947 2738 3379 2812 Demetrius

601 2860 1005 2940 Phalereus
1044 2865 1304 2958 tradit,
1366 2864 1754 2966 quingenti
1796 2865 2022 2943 additi
2058 2876 2252 2942 sunt.
2831 2965 2839 2972 ,

814 2989 1225 3092 Hyperidis
1258 3005 1505 3068 aetate
1547 2991 1707 3092 jam
1754 2993 2261 3069 abutebantur
2297 2992 2499 3068 cives
2543 2993 2714 3093 juro
2753 2989 3378 3068 denunciationis.

598 3113 799 3188 Dicit
837 3114 1031 3188 enim
1090 3119 1199 3216 (p
1221 3143 1319 3190 ro
1380 3117 1442 3191 Ε
1467 3142 1512 3191 u
1535 3143 1579 3191 x
1605 3143 1642 3192 e
1667 3116 1832 3217 nip
1860 3144 1908 3216 p
1932 3143 1976 3190 o
2041 3117 2285 3211 1—3)
2345 3117 2548 3220 prius
2589 3116 2678 3193 dc
2719 3115 3010 3214 magnis
3051 3114 3379 3190 crimini-

601 3236 743 3312 bus
799 3251 872 3314 et
927 3239 1497 3316 evidentissimis
1554 3240 2172 3318 denunciationes
2230 3242 2498 3338 fuisse3
2554 3267 2752 3318 nunc
2808 3267 2986 3317 vero
3049 3266 3236 3340 quae
3294 3238 3382 3313 in

604 3365 787 3438 urbe
829 3365 1046 3455 fiant,
1088 3391 1393 3466 prorsus
1434 3391 1594 3440 esse
1636 3363 1984 3463 ridicula3
2025 3367 2364 3443 nimirum
2403 3366 2816 3465 Diognides
2856 3377 2930 3442 et
2967 3364 3381 3445 Antidorus

599 3487 1004 3588 inquilinus
1044 3489 1137 3565 ad
1177 3490 1537 3590 populum
1578 3490 2042 3587 deferuntur,
2082 3493 2282 3593 quod
2323 3493 2663 3568 tibicinas
2702 3491 2957 3592 majori
2997 3515 3213 3592 quam
3255 3489 3382 3566 lex

590 3615 815 3714 jubet
851 3613 1193 3690 mercede
1232 3615 1521 3712 locent3
1563 3614 1949 3714 Agasicles
1989 3632 2230 3692 autem
2274 3617 2730 3706 Piraecnsis,
2769 3615 2968 3717 quod
3006 3616 3083 3689 in
3121 3613 3376 3690 album

604 3740 1177 3815 Halimusiorum
1221 3742 1315 3816 sit
1353 3742 1784 3842 inscriptus;
1828 3741 2319 3844 Euxenippus
2358 3743 2674 3843 denique
2715 3743 2811 3819 ob
2840 3743 3146 3833 somnia,
3186 3767 3386 3840 quae

604 3893 685 3940 se
726 3865 997 3940 vidisse
1040 3865 1273 3958 dicat3
1330 3893 1369 3942 e
1428 3869 1695 3966 quibus
1750 3868 2345 3943 accusat-ionibus
2404 3869 2610 3944 nulla
2665 3895 2756 3943 ne
2798 3867 3178 3942 minimum
3219 3867 3384 3967 qui-

606 3990 775 4066 dem
816 4018 985 4066 cum
1021 3992 1189 4088 lege
1231 3991 1825 4066 denunciat-ionis
1865 3991 2093 4067 habet
2129 4018 2546 4068 commune.

819 4115 1245 4190 Formulam
1302 4115 1902 4193 denunciationis
1961 4116 2134 4193 vide
2183 4117 2382 4218 apud
2425 4113 2904 4192 Plutarchum
2948 4117 3025 4191 in
3063 4117 3218 4191 vita
3258 4115 3384 4191 Al-

607 4241 915 4317 cibiadis
956 4243 1080 4317 22.
1801 4344 1953 4427 Ad

824 4509 1068 4585 Schol.
1107 4510 1186 4586 in
1225 4511 1570 4589 Aeschin.
1616 4543 1719 4589 or.
1781 4515 1872 4590 de
1936 4515 2124 4590 male
2177 4524 2366 4612 gest.
2407 4515 2627 4609 legat.
2671 4513 2812 4586 61:
2861 4507 3002 4583 Ἐν
3039 4507 3148 4607 τῷ
3191 4505 3390 4582 θεά-

614 4661 769 4731 τρῳ
810 4628 1025 4730 αὐτῷ
1059 4631 1255 4731 μετὰ
1296 4631 1432 4723 τὴν
1472 4631 1745 4732 ἑορτὴν
1802 4639 2176 4725 ἐκκλησία
2239 4631 2646 4731 ἡθροίζετο
2671 4693 2690 4723 ,
2751 4641 2835 4708 ἐν
2871 4623 2916 4730 ᾗ
2959 4630 3190 4708 οὐδὲν
3226 4640 3392 4708 ἕτε-

613 4787 755 4857 ρον
796 4752 969 4847 3510}
1024 4764 1187 4854 περὶ
1241 4756 1370 4848 τῆς
1428 4760 1683 4856 ἑορτῆς
1743 4759 2229 4836 ἐσκοποῦντο
2284 4766 2420 4834 κη’
2480 4757 2663 4846 τούς
2721 4757 3394 4858 πλημμελήσαντας

616 4890 777 4982 περὶ
822 4879 1069 4974 αὐτὴν
1107 4882 1509 4976 ἐκόλαζον.
1570 4892 1701 4982 (In
1741 4891 1904 4991 ipso
1943 4890 2228 4965 theatro
2269 4903 2440 4990 post
2476 4890 2742 4966 festum
2781 4889 3039 4965 concio
3076 4911 3391 4986 congre-

614 5015 971 5112 gabatur,
1028 5015 1103 5088 in
1140 5040 1287 5113 qua
1325 5017 1613 5090 nonnisi
1658 5042 1745 5092 ea
1780 5043 1968 5116 quae
2007 5017 2100 5090 ad
2143 5017 2418 5090 festum
2457 5016 2874 5091 attinebant
2905 5011 3386 5113 inquireban-

616 5151 777 5234 tur,
836 5150 909 5216 et
944 5139 1463 5242 delinquentes
1504 5155 1764 5219 contra
1798 5139 1978 5218 illud
2018 5142 2496 5244 puniebant.)
