3725 5850
1272 401 1372 456 Dc
1407 399 2027 456 MERCATORIBUS.
2865 369 3015 451 303

1528 594 1564 666 1
1582 593 1754 669 189.

475 741 588 818 Ne
626 740 1016 842 quisquam
1050 738 1129 814 in
1169 737 1465 814 civitate
1523 745 1720 813 emat
1773 737 2224 814 frumentum
2274 737 2468 812 ultra
2506 734 2767 811 corbes
2808 734 3015 833 quin-

294 869 638 969 quaginta.
733 866 1056 967 Oportet
1107 873 1357 940 autem
1411 864 1651 940 carius
1707 864 1929 942 obolo
1986 873 2273 940 tantum
2331 861 2680 937 vendere.
2757 859 3017 957 Neque

294 975 636 1071 annonam
691 1001 1110 1069 coementes
1164 989 1244 1066 in
1295 989 1663 1090 granariis
1717 990 1813 1068 ad
1870 1001 2161 1095 tempus
2215 988 2539 1068 caritatis
2596 1009 3019 1079 reservare,

294 1117 392 1195 vel
425 1142 619 1194 mors
659 1126 819 1194 esto
853 1141 1118 1220 poena.
1519 1141 1578 1297 ·¹
1597 1223 1746 1305 ¹90
1829 1135 1838 1148 ·

467 1359 886 1468 Ἀργύριον
924 1361 1000 1440 δὲ
1032 1361 1142 1464 μὴ
1183 1372 1460 1456 ἐξεῖναι
1498 1363 1873 1475 ἐκδούναι
1902 1361 2355 1458 Ἀθηναίων
2390 1367 2527 1439 καὶ
2566 1361 2722 1439 τῶν
2749 1365 3021 1461 μετοί-

291 1517 435 1564 κων
488 1489 645 1565 τῶν
689 1487 1066 1581 Ἀθήνησι
1111 1487 1696 1589 μετοικούντων
1739 1489 2056 1590 μηδενὶ,
2109 1489 2295 1590 μηδὲ
2347 1479 2458 1566 ὧν
2495 1478 2719 1566 οὗτοι
2756 1484 3019 1586 κύριοί

291 1620 482 1704 εἰσιν,
533 1617 639 1702 εἰς
677 1611 882 1690 ναῦν
920 1611 1078 1706 ἥτις
1115 1611 1221 1692 ὂίν
1247 1613 1358 1714 μὴ
1389 1621 1632 1716 μέλλῃ
1670 1611 1885 1709 ἄξειν
1916 1629 2130 1694 σῖτον
2173 1607 2566 1708 Ἀθήναζε
2604 1619 2743 1691 καὶ
2784 1606 3022 1689 τᾶλλα

291 1737 366 1814 ‘ca'
405 1747 889 1844 γεγραμμένα
927 1745 1093 1840 περὶ
1133 1737 1466 1816 ἑκάστου
1503 1737 1798 1822 αὐτῶν.·
1829 1738 2029 1821 Ἐοὲν
2049 1740 2133 1819 δέ
2146 1773 2253 1829 τις
2292 1741 2501 1842 ἐκδῷ
2538 1738 2738 1841 παρὰ
2776 1738 3019 1828 ταῦτ’,

289 1863 462 1940 εἶναι
498 1863 638 1956 τὴν
671 1862 916 1961 φάσιν
952 1872 1092 1941 καὶ
1129 1865 1272 1958 τὴν
1307 1863 1779 1971 ἀπογραφὴν
1815 1867 1955 1945 τοῦ
1996 1864 2370 1973 ἀργυρίου
2409 1864 2592 1966 πρὸς
2629 1861 2813 1952 τούς
2853 1871 3019 1942 ἑπι-

282 1987 578 2090 μελητάς
599 2049 620 2082 ,
661 1987 883 2066 καθὰ
923 1997 1090 2090 περὶ
1127 1991 1256 2082 τῆς
1295 1989 1478 2081 νεώς
1516 1997 1654 2071 καὶ
1692 1991 1834 2073 τοῦ
1876 1996 2093 2069 σίτου
2131 1994 2459 2093 εἴρηται,
2509 1989 2712 2067 κατὰ
2749 1989 3017 2066 ταῦτα.

290 2120 426 2191 Καὶ
462 2116 640 2208 δίκη
681 2113 898 2219 αύτῷ
929 2115 1034 2216 μὴ
1096 2119 1284 2193 ἔστω
1341 2123 1506 2220 περὶ
1563 2116 1707 2193 τοῦ
1767 2115 2183 2223 ἀργυρίου,
2241 2111 2288 2194 ὃ
2342 2114 2445 2202 ἂν
2500 2117 2710 2220 ἐκδῷ
2745 2111 3027 2200 ἄλλοσέ

290 2271 374 2338 πῃ
411 2237 454 2333 ἢ
497 2237 891 2336 Ἀθήναζε
915 2301 936 2334 ,
984 2241 1174 2342 μηδὲ
1214 2239 1411 2343 ἀρχὴ
1451 2247 1806 2348 εἰσαγέτω
1847 2249 2012 2347 περὶ
2049 2241 2333 2321 τούτου
2361 2243 2714 2345 μηδεμία.

1604 2373 2029 2466 (Demosth.
2068 2375 2235 2452 adv·
2276 2375 2548 2452 Lacrit.
2589 2371 2808 2465 941.)

1543 2493 1768 2613 119οζ

478 2678 899 2776 Argentum
949 2689 1197 2755 autem
1253 2706 1404 2755 non
1444 2679 1663 2754 liceat
1701 2688 2039 2755 mutuum
2078 2679 2255 2755 dare
2291 2679 2421 2754 ulli
2459 2677 3026 2755 Atheniensium

285 2811 398 2876 aut
433 2800 960 2902 inquilinorum
982 2803 1296 2880 Athenis
1336 2803 1766 2903 degentium
1805 2815 1933 2879 aut
1970 2806 2100 2880 ulli
2140 2831 2394 2881 eorum
2432 2831 2741 2904 quorum
2778 2805 2853 2878 hi
2893 2802 3025 2878 do-

286 2928 451 3003 mini
485 2940 695 3026 sunt,
751 2932 832 3009 in
868 2956 1182 3027 navem,
1241 2957 1432 3031 quae
1471 2929 1804 3009 Athenas
1861 2943 2168 3008 vectura
2225 2960 2374 3007 non
2431 2936 2523 3007 sit
2569 2932 3026 3007 frumentum

285 3062 350 3129 et
384 3066 663 3150 cetera,
722 3082 913 3158 quae
953 3056 1046 3136 de
1084 3057 1398 3156 singulis
1434 3082 1690 3133 earum
1726 3082 1975 3136 rerum
2023 3060 2109 3152 (e
2148 3068 2365 3159 pacto
2402 3058 2813 3147 convento)
2850 3057 3024 3132 scri-

283 3188 404 3277 pta
437 3180 725 3257 fuerint.
802 3180 939 3258 Sin
994 3183 1162 3283 quis
1216 3192 1556 3258 mutuum
1613 3180 1905 3276 dederit
1958 3194 2217 3258 contra
2268 3182 2493 3277 haec,
2552 3194 2712 3258 esto
2750 3182 3025 3271 delatio

285 3312 352 3376 et
381 3305 865 3409 praescriptio
902 3308 1191 3407 argenti
1231 3307 1432 3409 apud
1467 3319 1848 3385 curatores
1873 3368 1891 3404 ,
1952 3309 2571 3408 quemadmodum
2608 3306 2701 3384 de
2740 3307 2915 3383 navi
2954 3317 3030 3381 et

282 3428 635 3505 frumento
691 3430 975 3507 dictum
1031 3444 1181 3527 est,
1241 3434 1401 3533 pari
1458 3432 1765 3509 ratione.
1838 3434 1938 3508 Et
1992 3434 2181 3510 actio
2245 3434 2310 3508 ei
2366 3460 2458 3510 ne
2516 3432 2731 3509 detur
2766 3427 2871 3530 ‚de
2910 3458 3025 3507 ar-

281 3566 534 3650 geum,
587 3556 788 3656 quod
827 3553 976 3633 alio
1014 3557 1369 3659 quopiam
1407 3558 1716 3635 elocarit
1751 3586 1975 3661 quam
2014 3550 2345 3637 Athenas
2369 3618 2387 3655 ‚
2444 3586 2583 3637 nec
2638 3555 3026 3659 magistra-

286 3688 396 3755 tus
435 3682 620 3759 ullus
659 3709 828 3759 eam
863 3684 941 3759 in
969 3682 1332 3785 judicium
1367 3684 1842 3765 introducito.

491 4000 688 4090 Τούς
739 4001 1218 4105 ναυκλήρους
1273 4012 1409 4082 καὶ
1465 4002 1652 4097 τούς
1706 4006 2074 4106 ἐπιβάτας
2113 4010 2326 4082 πλεῖν
2362 4009 2465 4092 εἰς
2505 4000 2551 4079 ὅ
2587 4035 2659 4079 τι
2699 3998 2753 4077 οἳ
2760 4033 2803 4078 ν
2842 4030 3031 4079 συν-

283 4125 565 4203 θῶνται
602 4127 1012 4231 ἐμπόριον·
1073 4136 1146 4209 εἰ
1181 4130 1256 4212 δὲ
1287 4130 1396 4234 μή
1416 4190 1440 4225 ,
1497 4144 1660 4221 ταῖς
1688 4136 2083 4238 μεγίσταις
2124 4135 2414 4233 ζημίαις
2452 4128 2646 4207 εἶναι
2683 4128 3024 4227 ἐνόχους.

1441 4246 1869 4357 (Demosth.
1910 4288 1970 4338 c.
2008 4261 2505 4365 Dionysodor.
2549 4260 2818 4351 1286.)

1548 4423 1778 4506 1191.

489 4563 945 4644 Navicularii
983 4576 1057 4641 et
1093 4578 1428 4644 vectores
1466 4567 1546 4642 in
1607 4594 1780 4643 eum
1833 4566 2217 4671 appellent
2252 4576 2693 4665 mercatum,
2751 4568 2844 4644 de
2884 4592 3030 4668 quo

277 4686 468 4761 inter
530 4690 735 4790 ipsos
813 4692 1282 4789 convenerit3
1338 4694 1453 4769 sin
1527 4691 1742 4769 aliter
1814 4692 2166 4786 fecerint,
2227 4690 2563 4769 maximis
2638 4702 3031 4769 teneantur

279 4838 550 4909 poems.
