3725 5850
1000 482 1615 539 commsnmmus
1652 481 1761 537 An
1798 482 1924 539 294.
1963 484 2090 541 295.
2130 484 2254 541 29⁷.
2843 462 2990 543 461

218 674 579 753 referunt
614 673 1053 755 doeentibus
1090 674 1507 754 rationibus
1545 674 1846 779 Olymp.
1893 678 2069 776 111,
2111 678 2160 755 3
2217 700 2400 781 quas
2456 679 2630 759 dedi
2675 679 2755 757 in
2791 677 3002 759 Aetis

214 787 728 894 Quaestorum
765 804 895 881 Nr.
940 803 1113 878 157.
1189 804 1451 903 Itaque
1507 802 1677 881 vide
1734 828 1829 881 ne
1885 804 1984 880 illi
2041 806 2136 883 ad
2192 831 2405 883 saera
2459 805 2823 909 quaedam
2843 866 2862 903 ,
2919 808 3000 883 in

216 925 497 1025 quibus
532 927 859 1029 populus
896 929 1367 1031 epularetur,
1406 929 1983 1007 convocaverint
2019 930 2222 1009 cives
2259 958 2473 1026 suos,
2513 932 2831 1034 indeque
2868 958 2998 1008 no-

216 1076 401 1127 men
438 1054 839 1129 traxerint:
896 1054 1359 1155 optimatium
1413 1054 1617 1131 bona
1669 1064 1960 1151 autem,
2019 1081 2209 1157 quae
2265 1066 2348 1133 ut
2403 1058 2996 1159 publicarentur,

212 1176 307 1251 in
357 1176 678 1253 indicem
730 1175 971 1256 relata·
1022 1180 1118 1256 ab
1174 1177 1319 1255 illis
1368 1176 1750 1274 dicuntur,
1807 1190 2216 1280 potuerunt
2249 1194 2418 1282 post
2455 1169 2880 1261 anarchiam
2917 1185 2995 1261 in

209 1302 465 1402 ipsum
500 1302 701 1379 huno
738 1303 1126 1405 epularum
1168 1330 1381 1381 usum
1418 1303 1790 1380 converti:
1848 1304 2476 1405 quemadmodum
2515 1309 2713 1386 bona
2748 1309 2992 1410 publi-

210 1440 390 1506 cata
444 1428 643 1507 haud
699 1454 869 1507 raro
926 1430 1209 1533 populo
1270 1430 1549 1507 viritim
1605 1429 2002 1509 distributa
2052 1432 2301 1511 sunt.“
2381 1432 2608 1536 Oorp.
2650 1436 2995 1535 Inscript.

210 1582 329 1654 gr.
372 1556 431 1632 Ι.
471 1583 544 1657 p.
592 1554 769 1631 138.

437 1678 553 1757 cf.
591 1680 815 1757 etiam
852 1679 1210 1757 Boeekhii
1246 1680 1425 1773 Oee.
1464 1683 1671 1781 publ.
1715 1683 1805 1759 T.
1844 1684 1940 1761 11.
1979 1710 2052 1784 p.
2097 1682 2270 1759 127.

434 1806 977 1908 Harpocratioz
1032 1808 1113 1877 Σ
1126 1808 1235 1880 υλ
1258 1809 1300 1878 λ
1325 1803 1555 1909 ογῆς
1580 1830 1597 1847 ·
1656 1798 1912 1904 ὄνομα
1951 1801 2210 1907 ἀρχῆς.
2261 1802 2546 1893 Ἰσαῖος
2581 1812 2667 1882 ἐν
2701 1805 2812 1907 τῷ
2842 1838 2990 1907 με·-

216 1926 555 2028 τοικικῷ
595 1932 1031 2025 σαφέστατα
1074 1926 1309 2020 δηλοῖ.

1396 2055 1547 2139 Ad
1590 2058 1823 2141 204.

438 2199 1106 2303 Harpocratio
1165 2228 1221 2278 s.
1260 2230 1331 2279 v.
1391 2197 1755 2291 Ζητητήςε
1796 2201 2280 2301 Magistratus
2317 2200 2632 2285 Athenis
2669 2203 2762 2280 ad
2801 2216 2986 2281 tem-

216 2352 363 2426 pus
418 2326 900 2421 constitutus,
958 2328 1018 2403 si
1079 2328 1381 2428 quando
1436 2328 1880 2429 anquirendi
1937 2338 2226 2423 essent,
2283 2328 2408 2427 qui
2465 2329 2765 2430 publice
2802 2329 2990 2431 inju-

218 2451 397 2527 riosi
439 2450 776 2528 fuissent.
1976 2517 1984 2525 .
3011 2445 3016 2449 ’

438 2574 797 2654 Suidas
852 2604 909 2653 s.
948 2604 1019 2653 v.
1056 2578 1429 2666 Ζητηταίε
1467 2579 1956 2680 Inquisitores
1996 2589 2214 2655 erant
2249 2579 2724 2679 magistratus
2763 2578 2990 2657 Athe-

216 2701 335 2777 nis
376 2702 599 2777 eertis
636 2702 1094 2804 temporibus
1134 2714 1465 2797 oreatus,
1522 2702 1618 2779 ad
1674 2728 1897 2803 quem
1953 2702 2486 2781 deferebantur
2537 2706 2628 2801 ii,
2686 2705 2812 2805 qui
2853 2706 2998 2780 rei-·

215 2825 562 2927 publicae
601 2828 991 2930 pecuniam
1033 2825 1451 2924 debebant,
1506 2854 1644 2907 nee
1681 2829 2221 2932 persolverant.

438 2952 919 3056 Anonymi
976 2983 1335 3055 argum.
1390 2957 1487 3032 in
1542 2955 2033 3060 Demosth.
2093 2980 2154 3031 o.
2211 2955 2741 3032 Timocrat.
2794 2955 2988 3030 696:

217 3077 472 3172 Quum
508 3081 932 3184 respublica
970 3083 1330 3184 pecuniae
1368 3082 1622 3183 inopia
1657 3081 2075 3174 laboraret,
2116 3079 2574 3182 Aristophon
2615 3081 2990 3159 decretum

216 3215 477 3303 rogat,
546 3218 628 3282 ut
681 3208 1346 3308 inquisitores
1403 3205 1831 3309 deligantur
1891 3207 2240 3301 (ἑλέσθαι
2298 3201 2646 3300 ζητητάς)
2707 3231 2985 3302 eorum,

217 3331 344 3429 qui
382 3333 669 3408 aerario
708 3331 1069 3411 deberent
1108 3344 1182 3411 et
1218 3333 1451 3411 latere
1490 3332 1914 3426 studerent,
1971 3343 2200 3434 utque
2238 3332 2403 3409 illos
2439 3332 2790 3409 indicent.

436 3454 704 3540 Pollux
752 3457 961 3550 VIII,
1024 3459 1215 3533 115:
1272 3457 1797 3560 Inquisitores,
1854 3484 2134 3535 nomen
2191 3457 2582 3559 cujusdam
2637 3456 2986 3559 publicae

216 3579 623 3658 functionis
646 3640 664 3676 ,
705 3584 831 3683 qui
870 3583 1175 3662 latentia
1210 3585 1609 3685 inquirunt.

434 3704 556 3783 Of.
596 3705 841 3787 Schol.
879 3709 958 3785 in
997 3709 1481 3789 Demosthen.
1522 3708 1923 3788 Timocrat.
1963 3707 2142 3807 703,
2188 3709 2308 3788 10.

1392 3920 1543 4004 Ad
1585 3920 1816 4008 205.

432 4084 1142 4187 Harpocratio:
1199 4079 1649 4183 Μαστῆρες,
1688 4086 2169 4186 magistratus
2209 4109 2371 4160 esse
2413 4082 2745 4181 videtur,
2787 4095 2869 4162 ut
2905 4086 2981 4162 in

214 4211 476 4312 populi
514 4237 633 4288 res
669 4211 1003 4313 publicas
1058 4209 1469 4314 inquireret
1522 4211 1996 4311 designatus,
2053 4209 2363 4313 perinde
2421 4235 2507 4286 ae
2566 4211 2871 4299 ζητηταί
2911 4223 2987 4287 et

204 4331 535 4434 μάστροι
552 4391 577 4424 ,
634 4349 937 4414 auctore
974 4337 1369 4418 Aristotele
1406 4337 1484 4413 in
1522 4336 1908 4438 republica
1943 4333 2466 4414 Pelleniorum.

430 4462 677 4540 Photii
714 4463 894 4541 Lex.
933 4463 1191 4540 Rhet.:
1235 4455 1741 4551 Ἐκλήθησαν
1796 4457 1876 4534 δὲ
1924 4455 2297 4558 μαστῆρες
2353 4453 2509 4532 ἀπὸ
2547 4456 2704 4534 τῶν
2739 4487 2983 4552 κυνη-

212 4584 377 4689 γῶν
410 4584 567 4660 τῶν
604 4591 689 4662 ἐν
724 4595 885 4673 τοῖς
912 4595 1237 4683 μαστοῖς
1277 4583 1431 4661 τῶν
1470 4581 1674 4687 ὀρῶν
1734 4579 2172 4677 ζητούντων
2225 4580 2322 4658 τοὶ
2365 4587 2619 4683 θηρία.
2695 4589 2981 4682 (Voca-

212 4715 485 4792 bantur
522 4727 773 4792 autem
800 4711 1173 4812 μαστῆρες
1212 4740 1259 4791 a
1294 4713 1796 4810 venatoribus,
1830 4713 1956 4817 qui
1993 4714 2071 4790 in
2109 4713 2476 4792 montium
2512 4715 2740 4790 rumis
2780 4718 2985 4810 (μα-

214 4843 459 4934 στοῖς)
493 4841 689 4920 feras
734 4841 1161 4941 quaerunt.)

1386 4944 1537 5028 Ad
1582 4945 1808 5028 20⁷.

428 5093 781 5172 Suidas
839 5121 896 5170 s.
936 5122 1009 5170 v.
1064 5086 1413 5183 Βοώνηςε
1469 5094 1711 5172 Boum
1766 5103 2060 5195 emptor
2120 5119 2165 5169 a
2202 5092 2486 5172 civibus
2541 5089 2982 5190 eligebatur,

216 5231 293 5296 ut
333 5220 563 5296 boves
600 5219 697 5296 ad
733 5220 1091 5297 sacrificia
1128 5232 1426 5298 emeret.
1506 5223 1684 5298 Erat
1739 5231 1984 5298 autem
2043 5244 2308 5296 munus
2356 5216 2554 5294 istud
2597 5215 2810 5294 valde
2849 5216 2983 5293 ho-
