3725 5850
1459 469 1869 522 connum.
2876 447 3039 523 ’229

297 660 558 738 aerario
593 685 638 736 a
675 661 972 760 singulo
1012 657 1293 738 talento
1331 660 1654 740 solvunt.
1729 660 1851 738 Illi
1906 685 2087 736 vero
2126 661 2483 764 Equitum
2538 687 2847 740 censum
2900 663 3043 742 sol-

297 798 574 881 ventes,
635 787 836 889 quod
883 813 1110 887 equos
1149 787 1348 864 alere
1386 787 1716 888 possint,
1775 786 1883 862 ita
1923 785 2295 864 dicuntur.
2369 787 2761 868 Mensuras
2796 799 3045 866 autem

295 911 628 1011 colligunt
662 925 1078 1008 trecentas,
1141 922 1216 989 et
1251 937 1296 986 a
1333 911 1630 1010 singulo
1669 911 2143 988 semitalento
2180 913 2504 990 solvunt.
2581 912 2636 989 J
2641 926 3038 1015 ugatorum

296 1048 521 1113 autem
555 1062 864 1115 censum
899 1035 1272 1114 solventes
1311 1062 1356 1112 a
1393 1035 1730 1112 ducentis
1767 1038 2134 1114 mensuris
2172 1039 2278 1115 ita
2334 1038 2719 1136 dicuntur,
2776 1052 2854 1118 et
2889 1040 3036 1116 sol-

295 1172 465 1235 vunt
494 1188 538 1238 a
571 1163 886 1262 singulis
924 1161 1183 1240 decem
1221 1161 1458 1238 minis.
1534 1159 2043 1240 Mercenariae
2104 1174 2351 1240 autem
2384 1157 2695 1268 {classis,
2754 1143 3043 1242 nullum

293 1287 786 1385 magistratum
823 1289 1146 1383 obeunt,
1206 1313 1447 1389 neque
1489 1286 1896 1388 quidquam
1933 1289 2256 1367 solvunt.

1568 1449 1744 1524 905.

489 1586 688 1680 Τοῦς
735 1594 1152 1692 μετοίκους
1205 1593 1344 1666 καὶ
1395 1586 1580 1676 τούς
1634 1592 1990 1686 τεχνίτας
2062 1585 2347 1678 ἀτελεῖς
2403 1583 2756 1682 ποιῆσαι,
2834 1583 3037 1678 ὅπως

290 1707 504 1811 ὄχλος
574 1716 814 1804 πολύς
869 1713 1376 1814 πανταχόθεν
1431 1718 1538 1802 εἰς
1591 1711 1736 1806 τὴν
1793 1714 2022 1793 πόλιν
2074 1721 2462 1814 κατέλθῃ,
2529 1721 2669 1810 καὶ
2728 1718 3037 1802 πλείους

288 1847 536 1937 τέχνας
571 1841 1257 1920 κατασκευάσωσιν
1294 1835 1642 1940 εὐχερῶς.
2176 1818 2189 1832 ’

1289 1968 1633 2063 (Diodor.
1673 1969 1808 2066 XI,
1851 1969 1975 2046 43.
2035 1971 2194 2048 Lex
2231 1969 2820 2063 Themistoclis.)

1565 2131 1744 2206 905.

479 2275 828 2377 Inquilini
885 2274 961 2352 et
1014 2276 1319 2379 opifices
1375 2274 1742 2350 immunes
1799 2285 2061 2369 sunm,
2122 2286 2205 2350 ut
2259 2273 2482 2354 turba
2536 2271 3031 2376 undequaque

282 2403 351 2477 in
385 2403 644 2479 urbem
679 2403 1006 2479 confluat
1044 2410 1119 2478 et
1155 2425 1430 2500 magna
1487 2401 1971 2478 artificiorum
2026 2403 2347 2480 varietas
2384 2401 2693 2479 minimo
2732 2399 3037 2502 negotio

285 2537 757 2630 comparetur.

1562 2633 1736 2711 906.

458 2769 718 2854 ιὈταν
739 2775 1160 2878 χρημάτων
1197 2768 1248 2874 ᾗ
1286 2773 1612 2875 εἰσφορὰ
1673 2771 1857 2874 πρὸς
1912 2771 2059 2866 τὴν
2094 2773 2326 2852 πόλιν
2364 2779 2439 2852 οἱ
2478 2775 2800 2875 ἐζιιποροι
2844 2770 3035 2865 ἀζή-

273 2932 428 3000 μιοι
471 2901 1167 3001 διαφυλάττονται,
1225 2895 1322 2991 ὦς
1375 2899 1522 2994 τὴν
1557 2907 1787 2979 πόλιν
1842 2895 2323 2997 ὠφελοῦντες
2379 2907 2689 2978 πλεῖστα
2739 2897 2865 2977 διὰ
2904 2894 3037 2991 τῆς

281 3024 531 3106 αὐτῶν
565 3035 949 3132 ἐμπορίας.
1399 3032 1685 3127 (Schol.
1724 3030 1803 3109 in
1841 3029 2321 3134 Aristophan.
2361 3030 2555 3110 Plut.
2600 3032 2819 3124 904.)

1563 3195 1738 3271 906.

482 3340 732 3435 Quum
783 3341 1148 3444 pecuniae
1206 3338 1490 3417 civitati
1545 3336 2069 3433 conferuntur,
2128 3350 2578 3417 mercatores
2642 3338 3037 3419 indemnes

280 3478 838 3563 conservantur,
876 3466 1053 3568 quia
1086 3492 1224 3567 per
1261 3476 1753 3542 mercaturam
1790 3462 2193 3567 plurimum
2230 3464 2593 3566 adjuvant
2630 3466 3033 3545 civitatem.

1555 3644 1733 3719 907.

487 3784 668 3863 Τῶν
695 3790 799 3874 εἰς
827 3782 974 3863 τὸν
1019 3780 1362 3886 πόλεμον
1396 3790 1536 3861 καὶ
1576 3782 1715 3877 τὴν
1753 3787 2130 3884 σωτηρίαν
2164 3784 2294 3875 τῆς
2332 3781 2615 3871 πόλεως
2650 3784 3039 3885 εἰσφορῶν

282 3908 522 4000 οὐδεὶς
559 3916 710 3989 ἐστ’
750 3908 1035 4003 ἀτελὴς.
1581 3914 2009 4009 (Demosth.
2052 3913 2219 3992 adv.
2264 3914 2561 4017 Leptin.
2600 3912 2821 4007 462.)

1569 4075 1745 4150 907.

483 4222 692 4317 Quae
729 4224 808 4300 in
843 4223 1024 4301 belli
1077 4221 1648 4298 necessitatibus
1705 4219 2111 4319 exiguntur
2165 4218 2619 4320 salutemque
2676 4220 3032 4322 reipubli-

279 4374 398 4426 cae
438 4347 828 4426 continent
861 4346 1181 4444 tributa,
1237 4371 1496 4423 eorum
1530 4346 1812 4423 nemini
1850 4344 2071 4422 datur
2107 4344 2260 4420 ulla
2294 4344 2744 4423 immunitas.

1561 4506 1737 4585 908.

337 4710 354 4733 .
488 4647 665 4728 Τῶν
691 4642 801 4752 μῆ
841 4646 1354 4749 εἰσφερόντων
1389 4644 1484 4723 τοὶ
1549 4653 1838 4746 σφέτερ’
1882 4642 2143 4723 αὐτῶν
2178 4642 2314 4734 τοὶς
2352 4644 2621 4736 οὐσίας
2660 4642 3035 4746 δημεύειν.
3068 4667 3075 4676 “

1707 4776 2019 4879 (Lysias
2056 4804 2118 4855 c.
2157 4774 2558 4855 Philocrat.
2599 4772 2665 4879 ξ.
2709 4778 2819 4870 9.)

1558 4940 1735 5017 908.

481 5084 627 5177 Qui
665 5110 706 5161 e
745 5082 1054 5186 privatis
1095 5082 1410 5159 fortunis
1448 5084 1731 5161 tributa
1769 5082 2073 5184 publica
2119 5108 2273 5159 non
2310 5080 2853 5185 persolverint,
2914 5104 3035 5157 eo·

283 5234 432 5288 rum
467 5234 585 5287 res
621 5208 1026 5289 familiares
1063 5209 1556 5313 publicentur.
