3725 5850
1105 436 1725 503 coMMeNrAmos
1760 438 1868 488 An
1911 433 2033 488 350.
2074 433 2200 487 sss.
2240 432 2366 488 359.
2949 410 3104 489 467

288 633 666 703 maturae
724 639 919 703 esset
978 625 1325 703 eundum.
1407 629 2026 732 (Xenophon.
2087 631 2796 710 Lacedaemon.
2854 652 3100 730 resp.

287 747 439 842 XI’
494 750 625 842 2⁰)
1506 856 1658 939 Aa
1699 858 1931 940 ³⁵0.

539 1019 869 1097 Additur
902 1030 978 1095 et
1013 1021 1198 1096 ratio
1247 1020 1567 1117 ibidem;
1626 1023 2013 1098 nimirum:
2073 1017 2198 1095 διὰ
2254 1017 2342 1095 τὸ
2399 1016 2583 1107 τούς
2641 1014 3106 1123 στρατηγοῦς

292 1138 855 1241 ψευδομένους
908 1146 1263 1231 πλείονας
1321 1150 1842 1243 καταριθμεῖν
1899 1150 2112 1249 (quia
2161 1149 2339 1225 belli
2381 1149 2606 1225 duces
2646 1148 2940 1224 mentiri
2983 1174 3098 1221 so-

288 1270 587 1345 lebant
624 1281 699 1345 et
744 1268 995 1371 plures
1056 1272 1610 1361 annumerare.)
2492 1285 2498 1293 “

1503 1481 1657 1564 Aa
1693 1482 1928 1567 358.

541 1644 615 1721 A
636 1656 667 1719 t
686 1642 734 1718 h
759 1671 798 1720 e
821 1670 873 1720 n
892 1670 937 1719 a
960 1670 998 1719 e
1021 1671 1071 1720 u
1090 1672 1123 1719 s
1180 1643 1308 1738 VI,
1351 1644 1545 1719 234:
1602 1646 1921 1723 Parasiti
1978 1673 2253 1724 nomen
2277 1706 2294 1745 ,
2355 1649 2594 1751 inquit
2631 1646 3095 1740 Plutarchus,

297 1770 489 1845 olim
556 1768 854 1869 quidem
910 1769 1401 1845 honorificum
1453 1782 1527 1845 et
1566 1781 1906 1845 sanctum
1947 1782 2122 1847 erat.
2199 1773 2508 1849 Polemo
2550 1787 2800 1850 autem
2839 1774 2931 1851 de
2969 1797 3096 1875 pa-

300 1894 573 1970 rasitis
615 1894 799 1969 haec
835 1894 1045 1970 dicit:
1104 1894 1419 1970 Parasiti
1459 1922 1733 1972 nomen
1772 1922 1972 1973 nunc
2011 1898 2312 1998 quidem
2350 1900 2679 1997 ignobile
2720 1909 2858 1995 est,
2900 1898 3099 2000 apud

301 2031 622 2095 veteres
662 2046 841 2097 vero
896 2019 1308 2119 reperimus
1367 2020 1772 2120 parasitum
1794 2080 1811 2115 ,
1872 2048 2166 2097 sacrum
2204 2024 2482 2126 aliquid
2506 2078 2525 2117 ‚
2582 2050 2668 2100 ac
2708 2025 2862 2100 fere
2902 2024 3104 2100 idem

302 2170 483 2219 cum
534 2148 873 2221 conviva.
950 2147 1037 2222 In
1083 2142 1518 2243 Cynosarge
1576 2144 1878 2247 quidem
1933 2146 2009 2220 in
2048 2147 2388 2253 Herculis
2446 2148 2728 2250 templo
2752 2206 2770 2243 ,
2829 2158 2941 2224 est
2979 2174 3102 2225 co-

302 2271 581 2346 lumna
618 2269 983 2371 quaedam
1002 2328 1021 2364 ,
1081 2271 1200 2345 cui
1255 2270 1692 2373 inscriptum
1730 2271 2112 2347 decretum
2153 2272 2559 2349 Alcibiadis
2581 2330 2598 2365 ‚
2657 2274 2900 2353 scriba
2938 2272 3100 2351 Ste-

304 2394 581 2496 phano
620 2394 1082 2497 Thucydidis
1142 2394 1291 2470 filio
1315 2452 1332 2489 ‚
1390 2396 1518 2470 ubi
1577 2395 1759 2471 haec
1808 2398 2187 2494 leguntur:
2245 2396 2323 2473 M
2347 2426 2384 2473 e
2405 2426 2455 2473 n
2477 2426 2512 2475 s
2537 2409 2622 2475 tr
2644 2426 2694 2475 u
2713 2424 2758 2474 a
2811 2427 2847 2476 s
2867 2426 2915 2477 a
2935 2426 2974 2476 c
2995 2428 3034 2475 r
3055 2428 3102 2477 a

308 2522 644 2597 facito
697 2521 1165 2598 sacerdos
1216 2547 1423 2596 cum
1469 2522 1983 2624 parasitis.
2041 2523 2480 2599 Parasiti
2531 2549 2762 2601 vero
2815 2550 3098 2601 unum

311 2670 353 2720 e
413 2644 769 2722 nothis
825 2657 917 2722 et
976 2672 1085 2723 ex
1142 2645 1481 2722 horum
1536 2646 1795 2722 filiis
1851 2647 2044 2721 sibi
2102 2659 2644 2747 cooptanto
2699 2649 2892 2725 ritu
2946 2678 2996 2751 p
3023 2677 3099 2727 a·

308 2772 540 2848 trio,
621 2769 720 2847 Si
776 2772 992 2871 quis
1048 2796 1282 2847 vero
1340 2772 1775 2872 parasiti
1832 2772 2190 2849 officio
2245 2773 2532 2873 fungi
2591 2800 2686 2849 re
2711 2799 3101 2852 cusave-

312 2898 493 2994 rit,
559 2895 939 2974 referat
994 2897 1293 2972 etiam
1346 2894 1454 2970 de
1511 2894 1661 2971 his
1720 2895 2196 2974 sacerdos
2252 2896 2917 2998 adjudicium.

538 3024 578 3099 Ι
601 3022 651 3096 d
670 3047 709 3098 e
734 3049 809 3096 m
846 3019 979 3116 VI,
1020 3023 1173 3096 235
1198 3049 1216 3097 z
1272 3027 1363 3099 In
1420 3022 1619 3122 regis
1678 3021 1972 3118 legibus
2029 3023 2136 3096 sic
2186 3023 2542 3124 scriptum
2591 3034 2742 3099 est:
2799 3021 2852 3100 S
2873 3051 2918 3100 a
2939 3050 2978 3099 c
2998 3053 3035 3102 r
3057 3051 3102 3100 a

312 3147 783 3248 Apollini
842 3149 1294 3223 faciunto
1352 3173 1401 3248 p
1427 3148 1787 3223 arasiti
1844 3145 2650 3236 Acharnensium.
2689 3189 2794 3202 -—
2831 3149 3086 3226 Clear-

314 3273 505 3348 chus
551 3299 729 3349 vero
770 3271 1103 3348 Solensis
1142 3271 1435 3347 scribit:
1494 3272 1916 3348 Parasitum
1968 3297 2170 3346 nunc
2208 3272 2510 3373 quidem
2545 3272 2924 3351 hominem
2963 3303 3093 3352 vo-

314 3410 501 3474 cant
540 3397 637 3473 ad
675 3398 927 3474 omnia
960 3408 1342 3500 paratum,
1401 3398 1575 3473 olim
1633 3422 1813 3474 vero
1873 3422 2041 3474 eum
2094 3398 2220 3498 qui
2276 3410 2472 3474 esset
2525 3400 2622 3476 ad
2669 3401 3097 3476 convictum

315 3535 741 3624 cooptatus
817 3521 1039 3600 Certe
1081 3524 1388 3599 vetustis
1429 3523 1721 3621 legibus
1765 3521 2162 3624 pleraeque
2201 3523 2572 3619 civitates,
2613 3534 2836 3624 atque
2876 3527 3097 3602 etiam

318 3649 417 3723 ad
453 3649 663 3726 hunc
700 3649 899 3725 diem
952 3651 1031 3725 in
1087 3649 1679 3726 honoratissimis
1734 3647 2292 3747 magistratibus
2349 3661 2660 3726 censent
2704 3652 3095 3751 parasitos·

256 3810 261 3816 ·
318 3775 413 3849 In
454 3774 856 3851 Castorum
890 3773 1075 3850 aede
1112 3774 1189 3850 in
1228 3774 1573 3852 columna
1611 3775 1930 3874 quadam
1969 3773 2154 3851 haec
2195 3776 2474 3876 scripta
2530 3786 2742 3852 sunt:
2797 3778 2860 3852 B
2883 3805 2928 3853 o
2947 3798 2996 3852 u
3021 3803 3097 3854 m

326 3898 724 3993 ducum,
800 3901 961 4000 qui
1028 3900 1385 3976 selecti
1451 3899 1875 3995 fuerint,
1953 3901 2257 3976 tertia
2311 3926 2538 4000 pars
2591 3900 2706 3978 ad
2761 3901 3094 3979 ludos:

324 4023 733 4100 duarum
807 4025 1425 4125 reliquarum
1498 4023 1933 4124 partium
1987 4022 2308 4102 altera
2361 4025 2912 4122 sacerdoti,
2971 4029 3092 4104 al-

320 4162 353 4223 t
376 4175 541 4228 era
592 4177 643 4251 p
666 4151 1027 4228 arasiti
1050 4177 1104 4228 s.
1146 4191 1250 4204 --
1290 4148 1553 4226 Crates
1592 4176 1771 4225 vero
1811 4151 1950 4225 ait:
2001 4151 2300 4228 Nomen
2331 4153 2644 4252 parasiti
2679 4150 2900 4228 hodie
2939 4155 3096 4254 qui·
3217 4179 3226 4190 ·

324 4272 500 4350 dem
554 4275 853 4375 ponitur
898 4276 979 4350 in
1017 4303 1095 4352 re
1135 4272 1448 4373 ignobili
1473 4297 1490 4370 3
1546 4275 1753 4373 prius
1812 4299 1990 4349 vero
2046 4275 2354 4377 parasiti
2411 4277 2910 4374 vocabantur,
2971 4280 3096 4380 qui

327 4398 421 4473 ad
478 4399 982 4498 colligendum
1036 4426 1325 4477 sacrum
1379 4401 1833 4476 frumentum
1871 4401 2237 4478 nominati
2276 4413 2488 4477 erant
2509 4427 2526 4499 3
2585 4413 2660 4478 et
2697 4415 2856 4478 erat
2891 4404 3096 4478 curia

330 4517 729 4620 (ἀρχεῖον)
786 4525 1149 4625 quaedam
1194 4525 1707 4628 parasitorum.
1778 4565 1872 4576 -
1927 4525 1990 4600 E
2049 4551 2196 4624 quo
2253 4536 2606 4628 apparet,
2666 4526 2911 4602 locum
2948 4553 3094 4627 quo

327 4648 809 4752 deponebant
844 4648 1151 4751 parasiti
1188 4649 1550 4751 primitias
1587 4649 1777 4725 sacri
1814 4647 2202 4742 frumenti,
2259 4677 2309 4750 p
2334 4649 2847 4726 arasitium
2889 4655 3084 4746 (πα-

330 4776 752 4868 ρασὶτειον)
788 4775 1013 4852 fuisse
1054 4777 1537 4877 appellatum.

1500 4983 1652 5069 Aa
1690 4986 1925 5070 350.

544 5149 813 5234 Pollux
854 5149 1061 5252 VIII,
1105 5149 1296 5229 10¹7:
1355 5147 1541 5225 δέκα
1598 5141 1811 5237 ὄντες
1863 5140 2083 5226 οὗτοι
2121 5147 2374 5226 ἔθυον
2415 5148 2696 5235 θυσίας
2730 5142 2866 5236 τὰς
2903 5177 3091 5228 πεν-
3217 5245 3222 5253 .

2541 5273 2670 5338 30*
