3725 5850
968 442 1585 493 commum-Amos
1622 440 1727 489 Ao
1769 437 1892 491 583.
1933 436 2056 491 585.
2098 436 2221 490 591.
2263 438 2390 491 592.
2893 414 3048 489 489

281 626 625 717 κοῦντας
679 624 1023 713 εὐθύνας
1082 624 1383 703 διδόναι
1439 625 1597 702 τῶν
1659 630 2227 727 πεπραγμένων.
2313 622 2706 717 Ἐξιὸντος
2763 626 2840 703 δὲ
2895 624 3044 702 τοῦ

281 752 643 829 ἐνιαυτοῦ
685 752 987 851 πρῶτον
1024 747 1179 827 ἀπὸ
1219 751 1377 827 τῶν
1414 749 1817 843 διαιτητῶν
1879 743 2251 849 ἤρχοντο·
2300 748 2726 852 μικρότερα
2761 748 2909 855 γάρ
2952 744 3046 842 ἦν

279 874 369 951 τὰ
410 869 545 953 ὑπ’
584 872 847 953 αὐτῶν
886 873 1411 974 διοικούμενα.
1488 879 1673 974 (Qui
1710 879 2020 980 publica
2053 881 2358 979 negotia
2395 879 3041 973 administrabant,

278 1032 529 1083 rerum
582 1017 963 1103 gestarum
1019 1006 1341 1083 rationes
1380 1004 1753 1081 debebant
1786 1004 2124 1081 reddere.
2203 1004 2546 1083 Exeunte
2583 1004 2812 1105 igitur
2847 1030 3045 1081 anno

277 1132 599 1234 primum
654 1134 749 1209 ab
808 1130 1099 1207 arbitris
1154 1130 1653 1231 incipiebant3
1708 1129 1808 1207 ab
1862 1127 2012 1207 illis
2069 1130 2270 1207 enim
2325 1128 2630 1208 minoris
2685 1128 3044 1207 momenti

275 1282 393 1332 res
432 1255 1205 1347 administrabantur.)

490 1382 661 1459 Hoc
702 1393 951 1457 autem
984 1380 1061 1456 in
1099 1380 1481 1479 logisterio
1524 1377 1769 1455 fiebat.
1836 1377 2070 1472 (Vide
2111 1373 2178 1479 §u
2220 1378 2439 1472 276.)

490 1526 661 1603 Non
697 1524 925 1625 igitur
964 1523 1417 1601 credendum
1460 1520 1934 1623 Aristophani
1973 1522 2288 1615 comico,
2349 1522 2544 1598 solos
2569 1521 2862 1622 judices
2901 1520 3036 1597 im·

274 1676 535 1727 munes
572 1650 797 1727 fuisse
834 1648 1258 1725 reddendae
1299 1646 1628 1724 rationis.
1670 1649 1827 1717 Καὶ
1865 1642 2082 1719 ταῦτ’
2123 1638 2664 1719 ἀνυπεύθυνοι
2701 1640 2996 1742 δρῶμεν
3023 1669 3041 1686 ·

270 1770 431 1849 τῶν
468 1768 539 1848 δ’
577 1764 836 1848 ἄλλων
870 1765 1171 1870 οὐδεμί’
1210 1766 1407 1869 ἀρχή
1447 1770 1792 1873 (Vespae
1832 1770 2051 1865 587).

1451 2000 1605 2084 Aa
1644 2001 1876 2083 58³.

486 2168 754 2246 Suidas
808 2197 868 2246 s.
907 2196 978 2245 v.
1034 2160 1239 2239 κατὰ
1284 2162 1568 2261 δήμους
1606 2160 1970 2239 δικασταί
1991 2193 2014 2237 .·
2071 2166 2376 2245 Judioes
2433 2168 2756 2269 pagani3
2825 2166 3039 2244 initio

274 2308 484 2370 erant
522 2320 828 2370 numero
868 2294 1174 2395 triginta
1197 2352 1214 2385 ,
1272 2294 1398 2394 qui
1438 2291 1774 2392 singulos
1813 2318 2050 2394 pagos
2087 2293 2450 2368 obeuntes
2475 2294 2604 2394 jus
2645 2292 3040 2386 dicebant3

274 2432 535 2520 postea
568 2446 751 2497 vero
788 2420 1087 2497 fuerunt
1124 2418 1640 2519 quadraginta.

488 2546 758 2621 Pollux
815 2546 1023 2639 VIII,
1070 2544 1262 2619 100:
1320 2542 1833 2641 Quadraginta
1871 2542 2185 2645 primum
2223 2543 2568 2641 Triginta
2607 2543 2745 2619 soli
2785 2552 3040 2635 erant3

273 2670 395 2747 sed
433 2682 607 2773 post
642 2670 929 2747 deletos
966 2670 1276 2769 triginta
1312 2682 1669 2769 tyrannos
1692 2725 1710 2759 ,
1771 2668 1943 2745 odio
1980 2668 2268 2745 numeri
2320 2668 2627 2767 triginta
2647 2726 2666 2763 ,
2726 2664 3041 2767 quadra-

273 2794 481 2894 ginta
516 2797 719 2871 viros
756 2806 1119 2871 crearunt.

1439 2893 1590 2977 Ad
1638 2896 1870 2979 585.

484 3062 879 3141 Ordinaria
912 3064 1313 3140 tribunalia
1344 3023 1609 3139 ‘tamen
1653 3063 1783 3165 jus
1838 3062 2220 3140 habebant
2273 3087 2402 3138 eos
2427 3121 2444 3156 ,
2507 3063 2631 3161 qui
2669 3061 2764 3138 ab
2803 3061 3034 3140 Areo-

272 3214 468 3290 pago
494 3246 511 3280 ,
571 3198 884 3292 excepta
918 3189 1126 3265 necis
1181 3213 1444 3281 causa,
1501 3186 1831 3264 damnati
1889 3188 2244 3276 fuissent,
2303 3185 2762 3265 absolvendi.
2841 3187 3036 3264 Vide

270 3313 718 3391 Platneri
778 3313 1089 3390 Process
1128 3339 1197 3390 u.
1240 3313 1565 3410 Klagen,
1622 3339 1695 3414 p.
1733 3311 1856 3388 31.

1441 3520 1595 3604 Ad
1651 3523 1863 3606 501.

484 3687 918 3800 Vocabatur
972 3689 1197 3767 etiam
1251 3681 1634 3776 ἐπάλξεις,
1692 3687 2101 3766 secundum
2148 3689 2323 3767 Lex.
2364 3689 2672 3790 Seguer.
2715 3717 2786 3792 p.
2829 3688 3033 3763 2432

258 3806 656 3902 Ἐπάλξεις
696 3870 713 3890 .
756 3871 771 3886 .
815 3872 830 3887 .
874 3873 889 3892 .
933 3805 1430 3909 δικαστήριον
1484 3809 1643 3885 τῶν
1696 3809 2100 3907 φονικῶν,
2161 3807 2654 3912 ᾠκοδόμηται
2711 3809 2788 3889 δὲ
2847 3805 3032 3910 πρὸς

264 3937 373 4037 τῷ
411 3941 897 4036 Πρυτανείῳ.
973 3937 1384 4031 (Tribunal
1440 3964 1826 4016 causarum
1877 3939 2340 4042 capitalium3
2397 3951 2509 4018 est
2546 3951 2798 4017 autem
2832 3937 3030 4016 aedi-

263 4067 567 4143 ficatum
607 4088 840 4166 penes
880 4063 1402 4164 Prytaneum.)

1437 4236 1587 4319 Ad
1627 4239 1858 4320 592.

474 4405 835 4482 Pollux
872 4401 1083 4496 VIII,
1127 4401 1311 4478 120:
1355 4401 1533 4480 Erat
1569 4403 1713 4481 hoc
1740 4404 2106 4506 judicium
2143 4406 2222 4480 in
2259 4407 2466 4501 mari,
2508 4417 2584 4483 et
2619 4431 2830 4483 reum
2869 4408 3028 4509 qui·

264 4528 430 4608 dem
467 4529 1079 4628 adnavigantem,
1138 4554 1295 4604 non
1332 4539 1583 4604 tamen
1623 4541 1898 4606 terram
1935 4539 2402 4629 tangentem,
2459 4558 2505 4609 a
2543 4557 2736 4608 nave
2777 4533 3026 4610 defen-

264 4654 547 4732 sionem
587 4654 700 4732 sui
740 4654 983 4732 dicere
1024 4653 1459 4757 oportebat,
1519 4679 1758 4755 neque
1808 4657 2088 4733 scalam
2125 4684 2208 4732 ne
2224 4683 2364 4759 que
2403 4681 2748 4734 ancoram
2789 4669 3030 4735 terrae

262 4781 739 4884 injicientem.

473 4905 643 4983 Hoc
685 4905 1052 5008 judicium
1106 4908 1515 4984 vocabatur
1570 4908 1797 4984 etiam
1832 4910 1920 4980 ἐν
1955 4910 2108 5006 Ζέᾳ
2149 4907 2326 4986 Lex.
2368 4906 2675 5010 Seguer.
2732 4936 2802 5010 p.
2848 4906 3028 4982 311.

473 5027 589 5110 Of.
628 5029 946 5110 Pausan.
986 5031 1043 5127 I,
1087 5031 1211 5127 28,
1258 5032 1377 5112 11.
