3725 5850
1141 453 1758 507 commen-murus
1795 454 1904 506 An
1942 453 2067 508 373.
2109 454 2234 510 374.
2884 434 3075 508 -469

307 649 696 726 lotheta
753 640 1038 742 (αὐτὸς
1098 640 1531 734 ἀθλοθέτης
1589 645 2025 744 αἱρεθείς),
2087 647 2657 741 demonstravit,
2715 649 3087 749 quomodo

307 774 430 876 qui
469 783 885 869 certarent,
926 771 1148 867 tibia,
1187 794 1370 847 voce
1411 772 1532 847 vel
1571 771 1844 848 fidibus
1886 798 2154 850 canere
2194 773 2577 851 deberent.

520 917 848 993 Pericles
905 916 1167 1016 igitur.
1238 915 1577 1013 quamvis
1634 915 1947 992 scenicis
2001 915 2195 992 ludis
2253 917 2706 1018 praefuerit,
2768 916 3079 994 athlo-

308 1042 586 1119 theta
640 1050 965 1118 vocatur.

517 1186 607 1261 In
647 1183 1174 1262 Demosthenis
1215 1186 1548 1260 oratione
1587 1183 1681 1262 de
1721 1183 2021 1261 Corona
2057 1186 2169 1288 (p.
2215 1185 2367 1279 265
2394 1229 2437 1235 —
2485 1185 2679 1278 266)
2738 1210 2919 1260 vero
2976 1185 3077 1261 le-

305 1311 588 1408 gimus:
646 1311 856 1388 Dixit
891 1309 1166 1387 Callias
1205 1310 1500 1412 placere
1539 1311 1830 1386 senatui
1884 1311 2309 1412 populoque
2349 1323 2431 1386 ut
2467 1312 2845 1388 donentur
2886 1309 3078 1387 Cha-

309 1436 631 1512 ridemus
692 1444 766 1511 et
799 1433 1174 1511 Dictimus
1233 1457 1456 1510 aurea
1512 1458 1830 1528 corona,
1888 1446 1964 1510 et
2018 1435 2497 1511 renuncietur
2534 1434 3080 1512 Panathenaeis

311 1561 602 1662 magnis
640 1560 720 1636 in
773 1559 1231 1661 gymnico
1289 1558 1832 1636 certamine
1894 1563 2018 1652 (ἐν
2070 1556 2182 1656 τῷ
2240 1555 2598 1660 γυμνικῷ
2659 1552 2945 1660 ἀγῶνι)
3006 1571 3081 1636 et

307 1685 723 1789 Dionysiis,
783 1683 1158 1785 tragoedis
1219 1685 1457 1761 novis.
1531 1683 2024 1760 Renunciatio
2082 1696 2331 1761 autem
2368 1711 2587 1764 curae
2626 1686 2724 1762 sit
2760 1685 3075 1762 thesmo-

307 1812 568 1903 thetis,
626 1809 1070 1914 prytanibus
1109 1821 1182 1886 et
1229 1808 1900 1907 agonothetis,

518 1953 709 2032 Cum
763 1953 886 2029 hic
941 1953 1033 2031 de
1089 1952 1549 2053 gymnico
1619 1977 1916 2053 quoque
1974 1955 2523 2030 certamine
2583 1964 2889 2052 agatur,
2950 1951 3077 2028 de-

309 2082 644 2157 buissent
679 2078 902 2155 etiam
941 2077 1394 2154 athlothetae
1436 2078 1995 2153 commemorari
2022 2103 2039 2172 3
2096 2077 2295 2177 quod
2335 2105 2504 2153 cum
2543 2106 2697 2157 non
2738 2081 2868 2154 fiat
2892 2135 2909 2172 ,
2947 2103 3075 2153 ve-

309 2208 366 2281 ri
404 2206 640 2281 simile
699 2214 814 2280 est
862 2228 1114 2303 agon
1138 2228 1182 2278 o
1206 2201 1571 2278 thetam
1620 2213 1695 2277 et
1741 2199 2202 2279 athlothe
2226 2213 2412 2280 tam
2462 2229 2690 2280 unum
2729 2202 3076 2302 idemque

308 2331 721 2408 denotasse.

1476 2483 1628 2568 Ad
1667 2486 1900 2568 374.

519 2688 1068 2791 Antiquissimis
1110 2687 1558 2789 reipublicae
1599 2687 2063 2788 temporibus
2112 2687 2354 2788 potuit
2392 2687 2693 2788 quidem
2734 2687 2934 2781 fieri,
2993 2699 3075 2764 ut

307 2816 659 2914 suffragio
695 2825 1124 2890 crearentur
1161 2812 1716 2915 sophronistae,
1775 2813 1964 2888 sicut
2001 2812 2337 2913 plerique
2380 2813 2901 2912 magistra-tue,
2940 2810 3071 2887 sed

306 2942 605 3019 dilatata
645 2953 816 3043 post
853 2940 1310 3018 Clisthenem
1349 2938 1828 3031 democratia,
1870 2964 2061 3040 quae
2102 2950 2373 3014 sortem
2413 2939 2769 3041 praetulit
2806 2939 3069 3015 suffra-

305 3069 468 3168 gio,
527 3068 685 3145 veri
742 3068 978 3143 simile
1031 3078 1144 3143 est
1179 3066 1690 3168 sophronistas
1729 3075 1926 3142 sorte
1963 3064 2189 3141 fuisse
2226 3076 2535 3141 creatos.

515 3209 632 3287 of.
671 3204 740 3310 ξ.
779 3207 1222 3284 381-385,

521 3352 737 3429 Plato
795 3349 1107 3427 Axioch.
1162 3378 1235 3452 p.
1294 3349 1488 3444 367,
1546 3346 1651 3425 A:
1735 3346 1905 3432 Πᾶς
1961 3338 2004 3421 ὁ
2063 3345 2205 3420 τοῦ
2255 3348 2781 3444 μειρακίσκου
2836 3342 3071 3433 πόνος

307 3481 510 3551 ἐστὶν
548 3466 705 3549 ὑπὸ
746 3476 1290 3570 σωφρονιστάς.
1366 3474 1825 3568 (Universus
1863 3474 2399 3551 adolescentuli
2438 3473 2653 3550 labor
2688 3472 3068 3572 subjectus

307 3617 414 3680 est
448 3600 1080 3701 castigatoribus.)

515 3746 696 3821 Post
731 3744 1086 3822 tredecim
1123 3743 1355 3819 tribus
1392 3742 1762 3819 institutas
1802 3769 1935 3821 sex
1974 3744 2311 3837 fuerunt,
2373 3754 2446 3819 et
2486 3743 2793 3821 totidem
2834 3744 3065 3844 hypo-

308 3870 842 3974 sophronistae.
900 3868 994 3944 V.
1035 3867 1258 3971 Corp.
1297 3867 1629 3971 inscript.
1666 3897 1778 3970 gr.
1818 3898 1890 3945 n.
1934 3872 2109 3945 272.
2153 3872 2328 3944 276.

517 4012 938 4089 Secundum
975 4035 1244 4112 corpus
1292 4011 1618 4111 inscript.
1676 4037 1787 4111 gr.
1829 4012 1957 4087 Nr.
1998 4012 2155 4085 214
2212 4009 2727 4112 sophronistae
2786 4011 3068 4087 tardius

307 4139 644 4241 (Olymp.
693 4135 862 4227 115,
903 4135 996 4230 1)
1034 4133 1433 4229 curabant,
1491 4161 1587 4211 ne
1645 4136 1822 4237 quid
1878 4136 1955 4212 in
2004 4136 2396 4237 pervigilio
2440 4138 2647 4229 (περὶ
2685 4129 2828 4223 τὴν
2867 4160 3068 4208 παν-

307 4256 630 4354 νυχίδα)
667 4261 1094 4362 petulanter
1131 4271 1496 4359 ageretur.

519 4403 998 4502 Magistratus
1038 4400 1492 4479 educationis
1535 4411 1748 4478 erant
1785 4401 2011 4479 etiam
2048 4412 2421 4478 cosmetae
2463 4412 2533 4476 et
2572 4401 3065 4504 hypocosme-

304 4542 419 4607 tae
458 4530 800 4631 subjecta
823 4528 986 4631 jam
1020 4527 1376 4605 Romanis
1415 4526 1750 4605 Graecia.
1826 4527 1941 4603 Of.
1982 4527 2208 4630 Corp.
2246 4528 2576 4628 inscript.
2617 4552 2727 4626 gr.
2770 4555 2843 4628 p.
2888 4526 3066 4604 375.

305 4654 596 4733 Deinde
633 4653 1155 4755 paedotribae,
1196 4652 1322 4753 qui
1361 4678 1500 4754 per
1536 4654 1733 4729 vitae
1771 4663 2068 4755 tempus
2106 4679 2410 4729 munere
2449 4653 2665 4753 fungi
2702 4654 3066 4731 solebant.

306 4780 492 4857 Ibid.
533 4805 607 4879 p.
647 4779 823 4854 385.

517 4919 953 4997 Charondas
990 4922 1235 5019 legem
1273 4946 1320 4995 a
1357 4924 1666 4999 vetustis
1703 4922 2317 5023 legumlatoribus
2366 4922 2867 5025 posthabitam
2903 4946 3069 4999 san-

308 5048 516 5139 civit,
577 5059 656 5121 ut
695 5073 954 5123 omnes
997 5047 1269 5121 civium
1311 5048 1436 5123 filii
1479 5049 1558 5123 in
1595 5049 1816 5125 bonis
1851 5048 2081 5124 literis
2119 5048 2709 5143 instituerentur,
2768 5048 3069 5124 civitate

312 5171 680 5276 stipendia
732 5170 1102 5272 magistris
1161 5185 1538 5272 erogante.
1614 5174 2117 5275 Prospexerat
2172 5177 2398 5253 enim.
2457 5175 2665 5269 illos,
2727 5172 2851 5273 qui
2891 5198 3069 5275 prae
