3725 5850
963 438 1292 489 coMMnu
1317 438 1580 489 ”Aluus
1615 436 1724 487 AD
1761 434 1889 492 564.
1932 437 2057 492 53⁷.
2100 437 2225 492 5⁶8.
2264 438 2391 494 569.
2916 420 3074 495 487

296 627 442 705 suit
475 630 554 703 in
579 628 916 731 judicum
942 629 1478 731 jurejurando:
1536 631 2151 709 sententiam
2190 634 2497 711 feram
2536 635 3085 711 secundum·

293 755 570 853 leges
626 748 1116 851 (ψηφιοῦμαι
1171 746 1374 826 narni
1424 746 1612 837 τούς
1652 748 2017 855 νόμους);
2072 754 2255 834 illud
2293 758 2641 835 nimirum
2682 785 2821 860 pro
2860 786 3061 837 com.

293 890 509 980 perto
547 879 842 974 habuit,
899 880 1360 957 conservatis
1417 879 1873 981 reipublicae
1928 882 2223 983 legibus
2280 884 2571 961 salvum
2627 885 2845 961 simul
2898 911 3063 963 esse

288 1004 687 1105 imperium
723 1005 1108 1107 populare.

502 1129 980 1209 Andocid.
1021 1157 1082 1206 c.
1129 1128 1432 1207 Alcib.
1471 1126 1536 1231 ᾧ.
1577 1131 1659 1205 3:
1718 1129 1875 1207 Vos
1901 1133 2171 1232 juratis
2208 1160 2451 1235 neque
2489 1136 2787 1212 civitate
2826 1160 3057 1237 quen-

285 1256 456 1334 dam
495 1282 656 1335 esse
699 1257 1106 1359 ejecturos‚
1165 1282 1407 1356 neque
1444 1254 1523 1331 in
1561 1257 1977 1335 custodiam
2034 1258 2373 1356 daturos,
2431 1285 2675 1362 neque
2730 1271 3059 1339 extremo

283 1383 652 1484 supplicio
695 1408 922 1461 causa
957 1408 1110 1460 non
1149 1384 1404 1461 audita
1441 1372 1850 1479 (ἄκριτον)
1892 1383 2341 1462 addicturus.

495 1509 762 1585 Idem
818 1508 928 1585 de
983 1522 1375 1611 myster.
1435 1504 1503 1610 ξ.
1544 1510 1635 1583 91
1672 1538 1688 1586 :
1745 1508 1945 1606 Vos,
2002 1507 2537 1609 AthenienseS‚
2577 1537 2726 1612 quo
2769 1511 3057 1613 jureju-

282 1634 518 1712 rando
558 1636 837 1713 astricti
864 1635 1276 1736 judicatis?
1338 1636 1560 1733 „Non
1619 1637 1935 1715 ulciscar
1988 1637 2295 1739 injurias
2349 1664 2590 1741 neque
2648 1636 2771 1716 alii
2828 1638 2925 1715 ad
2980 1636 3055 1713 id

280 1758 609 1837 hortanti
648 1761 1226 1863 obtemperab0‚
1279 1760 1406 1838 sed
1445 1761 1855 1839 secundum
1894 1773 2093 1839 ratas
2131 1763 2343 1863 leges
2384 1757 2623 1859 (κατὰ
2663 1757 2848 1849 τούς
2886 1788 3053 1838 κει-

272 1886 557 1981 μένους
595 1881 927 1983 νόμους)
967 1887 1413 1965 sententiam
1450 1886 1761 1965 dicam.“

495 2010 659 2089 Hoc
691 2010 1275 2091 additamentum
1313 2012 1624 2091 accessit
1661 2038 1856 2091 anno
1900 2014 2137 2091 403-0
2178 2040 2241 2091 a.
2284 2013 2455 2119 Chr.
2491 2027 2667 2119 post
2700 2016 3053 2120 expulsos

277 2137 586 2238 triginta
622 2148 1003 2241 tyrannos.

1452 2242 1603 2325 Ad
1642 2244 1873 2327 504.

492 2407 734 2487 Schol.
793 2408 888 2485 ad
958 2410 1247 2486 Platon.
1303 2411 1445 2511 leg.
1501 2411 1634 2487 IX.
1692 2440 1764 2513 p.
1827 2411 2031 2487 458:
2106 2405 2484 2500 διαιτηταί
2542 2410 2741 2484 εἰσιν
2792 2415 2879 2484 ἐν
2935 2404 3051 2495 οἷς

265 2526 701 2623 Ἀθήνησιν
737 2529 1140 2637 εἰσήγοντο
1179 2534 1254 2607 αἱ
1300 2531 1682 2609 ἰδιωτικαὶ
1723 2531 1963 2614 δίκαι.
2024 2538 2345 2631 (Arbitri
2385 2548 2574 2629 suut,
2616 2536 2817 2638 apud
2858 2562 3047 2637 quos

271 2661 930 2739 introducebantur
972 2658 1279 2739 Athenis
1315 2663 1481 2739 lit-es
1515 2663 1923 2765 privatae.)

1458 2872 1609 2957 Ad
1657 2875 1890 2958 50⁷.

485 3041 878 3118 Lucian.
940 3039 1381 3118 Abdicat.
1445 3040 1533 3114 11
1571 3068 1587 3115 :
1646 3038 1937 3116 Videtis
1976 3039 2135 3117 fere
2170 3040 2248 3115 in
2286 3041 2549 3116 ceteris
2589 3040 2811 3116 etiam
2837 3040 3035 3142 judi-

271 3167 441 3262 ciis,
482 3178 565 3242 ut
602 3191 646 3244 a
673 3166 1050 3270 judicibus
1091 3165 1471 3242 soriitione
1507 3165 1762 3259 lectis,
1813 3164 1875 3242 si
1915 3164 2077 3265 quis
2115 3165 2471 3266 injustum
2508 3165 2787 3241 factum
2826 3177 3039 3266 putet

257 3291 658 3392 judicium,
715 3293 1096 3394 permittat
1152 3292 1274 3368 lex
1314 3292 1408 3368 ad
1448 3291 1650 3367 aliud
1689 3315 2101 3392 provocare
2142 3302 2214 3367 et
2251 3289 2457 3366 abire
2498 3290 2864 3368 tribunal:
2924 3296 3038 3367 sin

268 3417 496 3516 aliqui
545 3417 742 3493 ultro
797 3417 935 3492 sibi
981 3415 1270 3516 judices
1326 3414 1720 3492 statuerint
1759 3424 1835 3491 et
1872 3414 2178 3491 delectis
2216 3441 2260 3490 a
2297 3441 2376 3492 se
2416 3416 2885 3516 permiserint
2922 3441 3035 3492 ar-

267 3543 606 3637 bitrium,
669 3569 818 3618 non
866 3542 1025 3643 jam
1081 3541 1220 3618 hoc
1276 3540 1657 3618 concedat.
1737 3541 2028 3634 Quibus
2088 3540 2284 3616 enim
2320 3540 2530 3617 initio
2567 3541 2842 3618 licebat
2882 3567 3036 3619 non

264 3679 503 3761 stare,
561 3667 694 3742 hos
733 3668 792 3742 si
831 3666 994 3768 quis
1035 3693 1170 3742 sua
1227 3677 1493 3768 sponte
1552 3665 1855 3763 legerit,
1904 3666 2187 3766 justum
2226 3677 2337 3742 est
2376 3689 2631 3743 eorum
2664 3665 2874 3743 illum
2911 3693 3033 3744 co·

263 3793 597 3892 gnitione
639 3801 1069 3868 contentum
1111 3817 1290 3868 esse.
1983 3868 1991 3880 ,
3028 3794 3035 3806 ’

1436 3893 1586 3976 Ad
1628 3894 1858 3978 508.

479 4062 749 4138 Pollux
787 4059 996 4153 VIII,
1044 4059 1235 4134 127:
1295 4057 1564 4160 ἔλεγον
1627 4062 2019 4157 ἐπιτρίψαι
2082 4054 2429 4147 δίαιταν,
2488 4061 2625 4132 καὶ
2686 4049 2726 4148 ἧ
2778 4055 3032 4133 δίαιτα

260 4190 613 4262 ἐκαλεῖτο
653 4179 1033 4280 ἑπιτροπῆ.
1097 4184 1508 4280 (Dicebant
1545 4213 1584 4262 c
1611 4211 1653 4261 o
1676 4187 2049 4262 mmitte
2074 4213 2168 4263 re
2209 4185 2638 4282 arbitrium
2678 4199 2750 4263 et
2786 4187 3033 4289 ipsum

259 4315 644 4392 arbitrium
687 4313 1094 4388 vocabatur
1129 4321 1460 4413 potestas
1501 4309 1939 4403 statuendi.)

475 4435 586 4515 Cf.
627 4437 904 4515 Lexica
942 4435 1247 4538 Seguer.
1288 4465 1360 4537 p.
1404 4435 1528 4512 35.

1429 4629 1580 4712 Ad
1621 4629 1851 4711 509.

469 4799 638 4874 Non
679 4796 896 4872 video
935 4821 1064 4872 cur
1103 4794 1403 4872 haereat
1440 4795 1764 4870 Meierus
1805 4794 1988 4886 (Die
2011 4791 2837 4869 Privatschiedsrichter
2874 4791 3025 4868 und

253 4923 372 4999 die
414 4923 536 4996 off.
575 4924 847 4999 Diaten
893 4920 1198 4998 Athens,
1239 4921 1458 4998 Halle
1503 4919 1732 5013 1846,
1774 4948 1846 5020 p.
1900 4921 2037 5011 15)
2076 4920 2153 4993 in
2192 4919 2442 4994 verbis
2484 4918 2811 4994 Pollucis
2850 4910 3023 4988 ἀτι-

245 5048 393 5142 μία
453 5040 844 5143 ἀφώριστο
899 5041 1007 5142 τῷ
1057 5038 1163 5140 μή
1227 5039 1694 5132 διαιτήσαντι
1765 5036 1913 5131 τήν
1968 5045 2629 5139 ἐπικληρωθεῖσαν
2701 5036 3025 5118 δίαιταν.

254 5173 532 5252 Arbitri
592 5173 786 5248 enim
845 5167 1122 5273 publici
1178 5197 1324 5246 non
1365 5170 1436 5246 vi
1477 5172 1935 5270 cogebantur
1974 5169 2068 5245 ad
2108 5169 2645 5272 acceptandum
2686 5170 2829 5247 hoc
2867 5195 3023 5244 mu-
