3725 5850
883 463 1210 522 nanu-us
1245 467 1688 520 runnoauu
1727 469 2257 524 Punmcontm.
2788 445 2948 524 217

1471 659 1651 737 860.

399 805 812 883 proventus
849 814 966 883 est
1000 816 1459 884 secturarum
1496 807 2106 904 argentariarum,
2144 831 2335 910 quae
2354 809 2629 886 suntin
2648 807 2943 887 Laurio.

1469 983 1647 1061 861.

396 1124 917 1230 Διαγραφή
973 1133 1181 1204 ἐστιν
1219 1116 1258 1218 ἦ
1302 1121 1756 1214 διατύπωσις
1793 1127 1954 1202 τῶν
1990 1134 2631 1230 πιπρασκομένων
2658 1125 2947 1228 μετάλ-

207 1279 392 1338 κων,
465 1247 800 1340 δηλοῦσα
858 1247 983 1325 διὰ
1041 1249 1556 1355 γραμμάτων,
1625 1248 1780 1329 άπὸ
1841 1258 2067 1342 ποίας
2124 1249 2361 1353 ἀρχῆς
2408 1259 2638 1353 μέχρι
2694 1251 2945 1330 πόσου

209 1379 492 1474 πέρατος
533 1374 1056 1476 πιπράσκεται.
2358 1381 2733 1478 (Suidas.)

1474 1489 1651 1567 861.

395 1631 811 1734 Descriptio
869 1643 981 1708 est
1035 1633 1260 1710 index
1331 1633 1806 1712 venditorum
1870 1635 2384 1730 metallorum,
2461 1635 2693 1712 literis
2750 1632 2939 1711 indi-

207 1782 406 1854 cans,
457 1783 504 1834 a
539 1785 688 1860 quo
726 1758 936 1836 initio
977 1758 1072 1835 ad
1109 1785 1332 1861 quem
1370 1785 1606 1860 usque
1643 1759 2039 1836 terminum
2079 1773 2424 1838 veneant.

1467 1939 1646 2016 862.

401 2079 488 2154 Oi
531 2075 624 2152 τά
666 2075 1028 2182 ἀργύρεια
1065 2085 1403 2180 μέταλλα
1461 2076 2000 2184 ἐργαζόμενοι,
2061 2076 2261 2156 ὅπου
2298 2077 2722 2179 βούλονται
2760 2106 2945 2152 και-

207 2202 339 2278 νοῦ
373 2205 598 2306 ἔργου
637 2195 1070 2300 ἄρξασθαι,
1131 2201 1475 2302 φανερὸν
1531 2204 1939 2281 ποιοῦνται
1994 2215 2153 2292 τοῖς
2206 2212 2321 2281 ἐπ’
2363 2209 2687 2292 ἐκείνοις
2724 2234 2943 2280 τετα-

209 2333 482 2428 γμένοις
519 2320 678 2404 ὖπὸ
719 2327 861 2402 τοῦ
903 2325 1192 2424 δήμου,
1252 2335 1392 2403 καὶ
1451 2325 2043 2433 ἀπογράφονται
2100 2329 2243 2405 τοῦ
2283 2333 2528 2405 τελεῖν·
2567 2335 2792 2405 ἕνεκα
2832 2331 2941 2428 τῷ

207 2448 398 2554 δήμῳ
433 2450 798 2544 εἰκοστήν
829 2451 1192 2552 τετάρτην
1227 2455 1372 2530 τοῦ
1410 2453 1703 2531 καινοῦ
1730 2452 2141 2554 μετάλλου.

1468 2585 1816 2681 (Suidast
1872 2580 2237 2689 ἀγράφου
2264 2584 2731 2681 μετάλλου.)

1469 2766 1646 2842 862.

395 2908 535 3001 Qui
573 2910 866 3009 argenti
907 2910 1198 2987 fodinas
1237 2921 1627 3007 exercent,
1684 2938 1850 2986 cum
1912 2910 2005 2989 ad
2062 2938 2340 2987 novum
2380 2935 2567 3010 opus
2608 2917 2780 2987 sunt
2818 2932 2941 3005 ag-

202 3036 542 3130 gressuri,
601 3061 760 3110 rem
798 3034 892 3111 ad
932 3036 1099 3111 illos
1138 3035 1525 3131 deferunt,
1586 3062 1770 3135 quos
1820 3034 2142 3137 populus
2182 3034 2501 3111 metallis
2539 3032 2943 3134 praefecit,

205 3182 574 3261 eorumque
635 3162 941 3235 nomina
993 3160 1268 3237 tabulis
1323 3161 1865 3255 inscribuntur,
1943 3171 2025 3236 ut
2099 3160 2529 3238 vicesimam
2604 3166 2945 3258 quartam

203 3284 356 3358 novi
394 3285 672 3361 metalli
710 3286 1012 3387 publico
1050 3287 1368 3363 solvant.

1471 3412 1647 3489 863.

394 3548 904 3627 Μισθοῦνται
962 3560 1228 3652 τεμένη
1285 3558 1420 3630 καὶ
1482 3558 1740 3643 οἰκίας
1789 3554 1989 3653 παρὰ
2030 3552 2159 3645 τῆς
2200 3549 2499 3639 πόλεως.
2561 3546 2822 3637 ’Ὀπως
2862 3578 2946 3652 γε

198 3670 336 3765 μὴν
369 3672 456 3747 τά
514 3671 912 3767 ὠνηθέντα
952 3676 1316 3771 σώζηται,
1376 3680 1484 3779 τῷ
1525 3678 1866 3781 δημοσίῳ
1923 3683 2074 3755 ἔστι
2136 3675 2565 3777 λαμβάνειν
2621 3674 2945 3781 ἐγγύους

205 3796 380 3899 παρὰ
418 3800 574 3877 τῶν
602 3806 1178 3901 μισθουμένων.
1332 3809 1803 3912 (Xenophon
1841 3808 2130 3907 Vectig.
2174 3808 2305 3905 1V,
2355 3807 2731 3899 19--20.)

1477 3988 1658 4066 863.

387 4128 839 4206 Conducunt
888 4130 1188 4231 quidam
1247 4159 1293 4207 a
1347 4132 1730 4232 republica
1785 4128 1995 4207 lucos
2055 4143 2129 4207 et
2184 4130 2465 4205 domos,
2544 4128 2651 4204 Ut
2695 4140 2944 4205 autem

202 4254 586 4331 conductae
624 4280 744 4331 res
782 4256 1035 4333 salvae
1075 4258 1264 4352 sint,
1323 4258 1494 4335 licet
1551 4253 1836 4336 aerario
1886 4256 2358 4359 fidejussores
2398 4281 2444 4329 a
2478 4253 2943 4331 conductori-

201 4372 322 4453 bus
357 4379 705 4481 accipere.

1469 4490 1648 4565 864.

399 4626 812 4726 Πρόσοδον
851 4638 1317 4729 παρέχουσιν
1335 4632 1408 4704 οἱ
1432 4635 1838 4729 ἐωνημένοι
1860 4626 2045 4715 τούς
2064 4625 2413 4727 καρπούς
2449 4626 2599 4705 τῶν
2619 4630 2940 4730 μοριῶν.

1220 4758 1525 4861 (Lysias
1562 4786 1703 4861 pro
1742 4784 1956 4835 sacra
1995 4758 2161 4837 olea
2200 4758 2467 4836 excisa.
2508 4754 2576 4859 ξ.
2618 4760 2729 4853 2.)

1472 4940 1650 5017 864.

389 5079 741 5157 Reditum
812 5084 1182 5185 praebent
1238 5096 1314 5161 et
1367 5085 1476 5162 illi
1499 5144 1518 5182 ‚
1595 5086 1720 5187 qui
1797 5111 2177 5164 sacrarum
2252 5089 2587 5167 olearum
2660 5086 2946 5163 fructus

201 5201 559 5283 redimunt.
