3725 5850
940 456 1557 512 commsummns
1594 456 1701 508 An
1740 454 1867 511 114.
1909 455 2033 511 115.
2073 452 2200 511 ns.
2242 454 2367 511 119.
2871 426 3017 510 431

263 645 379 748 qui
417 647 621 749 prius
676 649 1123 753 popularem
1178 659 1454 727 statum
1489 662 1692 728 recte
1730 676 1809 728 se
1846 650 2123 728 habere
2161 672 2384 751 posse
2421 661 2704 752 negant
2723 708 2742 747 ,
2801 674 3030 753 quam

260 781 333 846 et
381 774 580 849 servi
636 785 709 852 et
764 775 929 873 alii,
998 776 1125 877 qui
1179 776 1278 853 ob
1335 777 1667 879 inopiam
1722 778 2078 858 drachma
2133 776 2513 855 civitatem
2566 775 3022 875 venderent,

260 894 780 979 drachmae
836 902 1407 1005 participes
1462 904 1744 983 fiant.

1438 1129 1592 1215 Ad
1640 1134 1840 1217 u4.

466 1288 1031 1371 Dinarchus
1086 1318 1148 1371 c.
1204 1276 1701 1373 Demosth.
1750 1296 1897 1371 86:
1953 1294 2263 1373 Pactum
2301 1297 2476 1374 fecit
2509 1297 2680 1375 cu'm
2715 1296 3018 1400 populo,

253 1414 533 1520 scripto
588 1422 1271 1518 senatusconsulto,
1326 1420 1552 1523 idque
1608 1420 1812 1524 apud
1848 1422 2167 1501 Matrem
2219 1422 2526 1501 deorum
2584 1424 2700 1518 (id
2735 1434 2890 1501 est:
2943 1423 3024 1497 in

252 1541 585 1637 Metron)
620 1542 1004 1648 deposuit,
1063 1572 1253 1648 quae
1308 1547 1559 1625 omnia
1600 1548 1779 1649 jura
1829 1548 1912 1625 in
1959 1549 2212 1627 literas
2246 1550 2490 1627 relata
2525 1548 2850 1627 custodit
2885 1549 3023 1625 rei-

254 1667 622 1769 publicae.

461 1812 997 1893 Demosthe
1022 1838 1189 1893 nes
1244 1813 1357 1892 de
1410 1815 1673 1894 falsa
1724 1812 2020 1915 legat.
2061 1815 2257 1892 381:
2312 1816 2521 1893 Inter
2556 1816 2858 1920 publica
2894 1840 3021 1894 ve-

250 1947 405 2013 stra
440 1938 903 2017 monimenta
938 1939 1019 2018 in
1055 1938 1383 2039 Metroo,
1442 1941 1710 2042 quibus
1762 1942 2101 2019 minister
2135 1941 2478 2045 publicus
2515 1955 2846 2043 praeest,
2904 1967 3023 2019 as-

254 2074 612 2142 servatur.

1436 2185 1589 2270 Ad
1638 2188 1838 2272 115.

462 2352 631 2431 Ηοο
667 2350 935 2431 accidit
969 2380 1168 2433 anno
1206 2354 1384 2433 307.
1424 2382 1491 2435 a.
1512 2355 1650 2434 Oh.
1685 2398 1786 2411 --
1816 2354 2134 2434 Saeculo
2171 2356 2392 2435 tertio
2427 2364 2604 2458 post
2623 2353 2760 2433 ch.
2801 2378 3016 2431 sena-

248 2489 367 2555 tus
405 2478 731 2555 virorum
770 2479 913 2557 fuit
948 2480 1125 2557 750.
1200 2475 1423 2555 Κατὰ
1482 2474 1571 2555 τὸ
1632 2474 2065 2579 ἐπερώτημα
2119 2476 2245 2571 τῆς
2298 2484 2379 2571 ἐξ
2426 2474 2708 2579 Ἀρέου
2764 2473 3020 2581 πάγου

244 2599 536 2700 βουλῆς
593 2605 734 2676 καὶ
790 2600 920 2693 τῆς
973 2602 1262 2703 βουλῆς
1314 2602 1476 2681 τῶν
1544 2610 1693 2681 ΨΝ
1738 2608 2061 2709 legimus
2120 2606 2200 2683 in
2259 2632 2460 2711 corp.
2517 2606 2847 2709 inscript.
2905 2631 3018 2704 gr.

248 2730 380 2806 Nr.
422 2730 600 2807 380.
674 2728 997 2809 Tardius
1019 2790 1038 2828 ,
1078 2732 1369 2811 saeculo
1406 2733 1565 2828 4-0,
1604 2744 1910 2811 senatus
1946 2732 2484 2811 'Ptecentorum
2521 2732 2862 2810 occurrit.
2908 2720 3034 2803 ‘H
3059 2800 3068 2809 ,

241 2847 497 2953 βουλὴ
549 2848 710 2930 τῶν
764 2857 1251 2954 τριακοσίων.
1349 2857 1577 2954 (Ibid.
1645 2858 1777 2936 Nr.
1839 2856 2019 2934 372.
2099 2855 2216 2934 Of.
2274 2857 2500 2934 ctiam
2552 2858 2612 2953 I,
2666 2884 2740 2960 p.
2797 2856 3018 2949 902).

246 2978 475 3058 Unde
509 2990 717 3083 patet
753 2983 1135 3062 Hadriano
1187 2985 1641 3087 imperatore
1698 2993 2039 3061 senatum
2075 2981 2670 3082 Quingentorum
2713 3006 3019 3059 revoca-

243 3115 403 3184 tum
442 3131 607 3184 esse
646 3120 723 3185 et
758 3134 993 3210 usque
1028 3109 1125 3187 ad
1162 3107 1621 3188 caracallam
1654 3109 2183 3212 permansisse.

470 3249 742 3329 Officia
804 3263 881 3330 et
941 3253 1321 3332 historiam
1392 3264 1695 3332 senatus
1768 3252 2242 3332 adumbravit
2311 3251 2376 3332 O
2400 3277 2447 3328 a
2462 3277 2502 3329 r
2519 3249 2612 3330 ol
2632 3279 2683 3328 u
2701 3279 2738 3329 s
2811 3248 2883 3326 V
2898 3277 2945 3328 a
2965 3277 3016 3326 n

246 3373 313 3452 Ο
332 3403 369 3453 s
391 3400 433 3454 e
455 3402 509 3452 n
527 3375 579 3452 b
598 3405 639 3454 r
654 3405 703 3454 u
720 3403 775 3478 g
792 3405 847 3478 g
868 3404 909 3456 e
928 3403 982 3454 n
1046 3379 1124 3455 in
1178 3380 1701 3483 Disputatione
1757 3379 2084 3457 literaria
2140 3379 2231 3456 de
2286 3389 2552 3456 senatu
2609 3375 3014 3455 Athenien·

182 3512 187 3516 ’
242 3506 439 3618 sium
479 3504 787 3608 (Hagae
826 3504 1193 3586 Comitum
1216 3565 1233 3605 ,
1286 3507 1558 3602 1834.)

1436 3735 1589 3820 Ad
1639 3739 1837 3822 118.

464 3899 763 3980 Bekker
818 3900 1098 3981 Anecd.
1156 3929 1267 4002 gr.
1325 3905 1382 3981 Ι.
1440 3930 1515 4007 p.
1577 3904 1754 3980 274.
1827 3901 2152 3996 Κυρία
2207 3902 2750 3989 ἐκκλησία·
2826 3885 3014 3994 ἕνῇ

242 4022 433 4115 τούς
488 4019 873 4126 ἄρχοντας
928 4023 1509 4127 ἐχειροτόνουν,
1580 4021 1757 4102 οἷον
1815 4021 2282 4129 στρατηγοῦς
2301 4081 2324 4116 ,
2393 4020 2820 4124 ἱππάρχους
2875 4027 3014 4097 καὶ

244 4149 481 4239 ὅσους
530 4149 951 4241 τοιούτους.
1040 4155 1171 4251 (In
1225 4157 1619 4257 principali
1678 4156 2040 4233 concione
2113 4137 2589 4255 magistratus
2653 4153 3014 4250 suffragio

242 4282 645 4377 creabant,
702 4307 973 4384 nempe
1029 4280 1469 4380 belliduces,
1528 4281 1862 4381 equitum
1920 4281 2313 4381 magistros
2352 4289 2428 4356 et
2475 4305 2736 4356 omnes
2795 4277 3014 4380 hujus

244 4409 611 4508 generis.)

1436 4527 1589 4612 Ad
1636 4529 1835 4614 119.

465 4695 707 4773 Schol.
746 4695 825 4771 in
862 4695 1341 4775 Demosthen.
1377 4696 1541 4775 fals.
1577 4696 1805 4797 legat.
1847 4694 2024 4790 378,
2066 4693 2208 4770 26:
2264 4686 2721 4798 Σύγκλητος
2759 4686 2837 4765 δὲ
2875 4694 3014 4764 ἑκ-

246 4822 528 4913 κλησία
566 4815 903 4910 ἐκλήθη,
961 4815 1213 4910 ἐπειδή
1274 4825 1361 4896 ἐν
1405 4819 1556 4920 μὲν
1611 4827 1771 4906 τοῖς
1826 4819 2187 4917 νομίμοις
2241 4819 2380 4890 καὶ
2418 4813 2836 4906 συνήθεσιν
2874 4808 3014 4907 ἀφ’

250 4943 535 5023 ἑαυτοῦ
576 4938 618 5022 o‘
665 4941 895 5045 δῆμος
933 4951 1417 5043 συνέτρεχεν·
1478 4941 1673 5021 ὅταν
1729 4941 1806 5021 δὲ
1860 4949 1941 5035 ἐξ
1999 4938 2339 5048 ἀνάγκης
2375 4937 2586 5028 τινὸς
2641 4937 3014 5041 σύλλογος

247 5079 596 5176 γένηται,
655 5069 1132 5176 συγκαλοῦσι
1172 5075 1369 5158 τινὲς
1409 5067 1835 5170 περιιόντες.
1914 5068 2015 5167 (O
2040 5100 2082 5148 o
2105 5099 2157 5146 n
2180 5097 2225 5146 v
2247 5098 2291 5146 o
2315 5097 2356 5147 c
2377 5081 2540 5147 ata
2584 5068 2844 5144 concio
2879 5093 3011 5144 vo-

249 5202 608 5298 cabatur,
666 5201 839 5302 quia
892 5201 971 5278 in
1024 5199 1372 5298 legitimis
1411 5209 1484 5276 et
1520 5198 1896 5277 consvetis
1933 5225 1978 5276 a
2013 5223 2092 5275 se
2129 5196 2294 5300 ipso
2331 5193 2824 5272 concurrebat
2876 5221 3010 5297 po-
