3725 5850
1087 469 1702 526 comusummus
1741 473 1846 522 An
1886 470 2015 528 310.
2048 473 2175 529 312.
2470 435 2473 438 ⁴
2840 455 2995 534 468

223 666 420 744 εἰσιν
453 675 538 747 ἐν
575 669 686 773 τῷ
729 673 1124 768 Πειραιεῖ,
1182 666 1398 738 πέντε
1455 656 1534 738 δὲ
1587 667 1677 738 ἐν
1731 656 1965 741 ἄστει.
2049 670 2418 763 (Numero
2455 671 2750 769 decem,
2808 701 2991 775 quo·

224 823 382 874 rum
421 801 748 903 quinque
785 800 864 875 in
907 799 1257 889 Piraeeo,
1319 792 1642 893 quinque
1685 794 1765 869 in
1799 795 2050 887 urbe.)

434 942 814 1020 Bockhius
872 937 1237 1035 (Staatsh.
1279 937 1336 1013 I.
1377 961 1450 1037 p.
1490 935 1636 1029 ’70)
1695 937 2001 1038 conjicit
2055 938 2531 1019 scribendum
2586 967 2747 1021 esse
2788 944 2989 1048 apud

221 1066 932 1169 Harpocrationem:
991 1065 1095 1148 εἰς
1123 1061 1273 1158 μὲν
1309 1055 1454 1135 τὸν
1490 1057 1826 1158 Πειραιᾶ
1863 1062 2122 1152 πέντε,
2165 1059 2353 1139 δέκα
2390 1062 2461 1138 δ’
2500 1068 2606 1152 εἰς
2644 1059 2859 1147 ἄστυ.

1390 1271 1542 1355 Ad
1603 1274 1816 1356 310.

428 1446 1107 1549 Harpocratio
1163 1470 1222 1520 s.
1265 1471 1332 1518 v.
1393 1435 1963 1537 Προμετρητήςε
2018 1443 2442 1523 Dinarchus
2490 1458 2751 1527 contra
2788 1447 2985 1550 Aga-

217 1571 509 1648 siclem:
569 1572 944 1674 „Scyt-hae
983 1570 1523 1648 antemensoris
1565 1569 1759 1644 filius
1797 1569 1875 1642 in
1916 1593 2305 1646 numerum
2347 1573 2621 1650 civium
2659 1602 2983 1678 pagano-

215 1723 375 1772 rum
412 1701 541 1791 (ἐν
577 1691 972 1794 δημόταις)
1013 1706 1126 1774 est
1164 1695 1435 1773 relatus
1475 1705 1550 1769 et
1586 1694 1744 1794 ipse
1785 1693 1865 1768 in
1904 1692 2064 1770 foro
2100 1701 2643 1776 antemensoris
2680 1725 2987 1778 munere

213 1821 590 1924 hucusque
632 1825 932 1902 functus
971 1823 1153 1901 est.“

429 1965 781 2044 Suidas
837 1995 893 2042 s.
952 1993 1022 2043 v,
1091 1956 1666 2063 Προμετρητὴςε
1724 1961 1847 2038 Sic
1905 1960 2329 2062 dicebatur,
2391 1968 2516 2067 qui
2570 1968 2983 2065 frumenta,

215 2115 400 2190 quae
439 2093 518 2169 in
549 2093 712 2170 foro
750 2090 1315 2187 vendebantur,
1373 2099 1447 2165 et
1501 2087 1810 2188 quaevis
1866 2087 2012 2164 alia
2048 2090 2331 2167 semina
2375 2094 2717 2171 mercede
2757 2095 2983 2173 dime-

213 2215 552 2294 tiebatur.
2474 2231 2477 2236 ¹

424 2359 543 2439 Ab
578 2372 1091 2439 antemensore
1134 2360 1260 2438 vix
1298 2360 1441 2438 fuit
1477 2359 1815 2437 diversus
1855 2359 2215 2436 frumenti
2252 2387 2587 2461 mensor,
2646 2388 2979 2462 πυρομε-

212 2481 510 2582 τρητῆς,
569 2488 662 2564 de
700 2512 847 2588 quo
884 2489 1072 2564 haec
1109 2486 1339 2563 habet
1377 2485 1915 2588 Harpocratio:
1975 2473 2018 2557 ὃ
2074 2480 2259 2570 τούς
2316 2492 2982 2588 πιπρασκομένους

214 2608 500 2709 πυρούς
537 2615 623 2687 ἐν
659 2609 754 2710 τῇ
790 2607 1038 2715 ἀγορᾷ
1093 2614 1235 2684 καὶ
1291 2609 1450 2686 τῶν
1507 2601 1767 2684 ἄλλων
1823 2606 2273 2709 σπερμάτων
2325 2617 2656 2688 ἕκαστον
2712 2611 2981 2714 διαμε-

209 2735 449 2835 τρῶν,
507 2741 644 2813 καὶ
704 2727 748 2812 ὃ
805 2733 1094 2813 τούτου
1144 2735 1288 2812 τοῦ
1348 2737 1580 2840 ἔργον
1617 2730 1924 2836 μισθὸν
1958 2733 2407 2836 λαμβάνων.
2482 2742 2766 2820 Eadem
2804 2743 2983 2821 dicit

209 2869 478 2947 Suidas
515 2869 608 2948 de
658 2881 1385 2949 antemensore.

419 3014 812 3092 Mensurae
868 3014 1420 3117 praefectorum
1465 3010 1712 3088 socius
1771 3011 1893 3087 vel
1951 3010 2286 3087 minister
2323 3010 2542 3089 fuerit
2564 3011 2802 3090 ‘etiam
2840 3006 2977 3083 δο-

209 3134 604 3235 κιμαστὴς,
643 3137 733 3215 de
775 3166 924 3240 quo
963 3138 1143 3217 Lex.
1185 3136 1494 3236 Seguer.
1536 3136 1733 3239 apud
1774 3134 2095 3212 Bekker.
2137 3134 2420 3213 Anecd.
2460 3162 2569 3236 gr.
2594 3137 2651 3214 Ι.
2690 3164 2763 3239 p.
2788 3138 2975 3215 238:

209 3254 247 3336 ὃ
288 3260 636 3357 δικάζων
670 3270 806 3339 καὶ
846 3260 1055 3351 ἱστὰς
1091 3259 1234 3338 τὸν
1272 3256 1632 3359 σταθμὸν
1689 3266 1827 3335 καὶ
1888 3255 1976 3335 τὸ
2009 3263 2298 3359 μέτρον
2334 3260 2491 3336 τῶν
2546 3256 2848 3353 ὠνίων,
2907 3266 2982 3338 εἰ

210 3389 361 3464 ἔστι
393 3387 602 3465 καλοὶ
641 3396 780 3466 καὶ
819 3390 1146 3490 ἓζιιμετρα
1183 3392 1322 3463 καὶ
1363 3382 1960 3493 ἀκακούργητα,
2019 3390 2145 3489 qui
2201 3388 2533 3490 pondera
2572 3402 2645 3467 et
2680 3416 2975 3468 mensu-

207 3544 320 3595 ras
359 3520 864 3621 investigavit.

1383 3636 1534 3721 Ad
1589 3638 1803 3721 312.

417 3806 864 3883 Differentia
920 3830 1500 3907 agronomorum
1555 3830 1601 3881 a
1656 3802 2247 3906 sitophylacibus
2304 3802 2547 3881 elucet
2602 3822 2641 3881 e
2699 3806 2971 3906 Lysiae

206 3933 536 4009 oratione
577 3932 932 4009 adversus
970 3931 1492 4009 frumentarios
1531 3932 1650 4032 (p.
1693 3930 1873 4025 722,
1916 3924 2207 4029 §.16):
2264 3930 2386 4001 ἐπὶ
2434 3928 2584 4025 μὲν
2636 3941 2794 4019 τοῖς
2831 3923 2971 4007 ἅλ-

204 4063 362 4146 λοις
400 4054 660 4147 ὠνίοις
719 4054 952 4133 ἅπασι
1009 4053 1196 4146 τούς
1251 4052 1790 4162 ἀγορανόμους
1845 4054 2208 4150 φύλακας
2240 4052 2791 4148 κατεστήσατε,
2848 4062 2970 4132 ἐπὶ

206 4181 276 4258 δὲ
329 4182 570 4282 ταύτῃ
617 4180 826 4283 μόνῃ
885 4181 1084 4281 (τῶν
1120 4181 1605 4280 σιτοπωλῶν)
1663 4186 1895 4279 τέχνῃ
1924 4184 2163 4281 χωρὶς
2202 4178 2731 4277 σιτοφύλακας
2769 4177 2972 4257 ἀπο-

204 4309 598 4410 κληροῦτε.
671 4311 1020 4407 (Cunctis
1079 4312 1241 4389 aliis
1298 4312 1522 4389 rebus
1579 4307 1973 4387 venalibus
2028 4308 2302 4387 aediles
2348 4336 2488 4411 pro
2540 4309 2970 4387 custodibus

202 4440 693 4542 praefecistis,
751 4438 920 4515 huic
956 4438 1092 4515 soli
1133 4439 1571 4532 (frumeuti)
1626 4448 2091 4515 mercaturae
2129 4436 2477 4513 frumenti
2515 4436 2969 4539 inspectores

58 4632 60 4657 ἰ
141 4584 146 4587 ·
203 4564 750 4659 constituistis.)

409 4714 618 4789 Inter
673 4734 948 4787 annum
999 4709 1156 4785 307
1195 4720 1270 4787 et
1305 4710 1462 4785 200
1500 4734 1566 4787 a.
1606 4707 1741 4785 Ch.
1802 4708 2125 4812 populus
2182 4708 2567 4788 decretum
2624 4704 2829 4801 tulit,
2888 4716 2969 4781 ut

204 4839 678 4939 magistratus
733 4836 1154 4915 mercatorii
1213 4862 1264 4913 n
1287 4864 1328 4911 o
1351 4862 1388 4911 r
1407 4862 1482 4911 m
1501 4834 1590 4911 al
1613 4861 1654 4911 e
1676 4861 1710 4911 s
1767 4860 1842 4911 m
1863 4860 1905 4911 e
1924 4861 1975 4911 n
1994 4862 2031 4911 s
2052 4862 2101 4910 u
2127 4861 2164 4912 r-
2186 4858 2231 4910 a
2250 4861 2287 4910 s
2340 4827 2783 4930 (σύμβολα)
2842 4855 2967 4905 cu·

204 4973 451 5039 tarent
485 4962 678 5059 fieri,
719 4960 815 5038 ad
854 4988 1162 5062 quarum
1199 4960 1538 5059 regulam
1575 4984 1963 5037 mensurae
2004 4985 2267 5038 omnes
2302 4970 2378 5035 et
2414 4958 2755 5061 pondera
2790 4959 2967 5050 (ση-

205 5083 556 5183 κώματα)
599 5087 1153 5187 redigerentur,
1209 5087 1314 5161 ita
1352 5098 1435 5162 ut
1487 5086 1782 5165 nonnisi
1841 5085 2206 5187 ejusmodi
2262 5085 2627 5163 mensuris
2668 5094 2740 5159 et
2776 5108 2965 5183 pon-

206 5212 497 5289 deribus
531 5212 790 5290 liceret
827 5210 1036 5289 arida
1075 5222 1147 5288 et
1183 5212 1411 5291 fluida
1449 5211 1797 5289 vendere.
1841 5210 1923 5287 Si
1961 5213 2127 5313 quis
2166 5212 2735 5310 magistrat-uum
2770 5233 2964 5285 mer-
