3725 5850
1065 473 1380 524 Evsnsm
1421 471 1726 524 mean
1761 471 2071 524 POPULA
2081 473 2237 526 tus„
2861 444 3053 525 259³.-

1514 661 1778 740 1025:

479 807 551 884 Si
601 809 781 908 quis,
819 809 1216 909 imperium
1268 803 1634 909 populare
1673 807 1990 898 Athenis
2030 809 2431 902 everterit,
2491 819 2617 885 aut
2654 813 3013 910 oppressa

251 935 640 1034 republica
667 934 1183 1031 magistratum
1221 932 1613 1034 quemdam
1655 936 2010 1032 gesserit,
2076 936 2137 1010 is
2173 935 2407 1028 hostis
2434 931 3011 1026 ,Atheniensium
3124 1034 3139 1050 .

251 1058 605 1153 habetor,
664 1068 884 1159 atque
942 1059 1178 1134 inulto
1226 1057 1566 1154 moritor,
1626 1069 1702 1136 et
1737 1059 2125 1140 facultates
2166 1060 2325 1160 ejus
2365 1058 2879 1160 publicantor,
2937 1069 3013 1134 et

247 1183 542 1274 decima
593 1209 768 1285 pars
825 1208 1080 1282 earum
1133 1183 1511 1270 Mivervae
1569 1210 1782 1260 sacra
1838 1196 2017 1261 est0.
2094 1185 2239 1294 Qui
2296 1195 2547 1296 aute-m
2600 1209 2809 1260 reum
2840 1211 3009 1306 per-

253 1309 520 1385 emerit
553 1311 646 1385 et
663 1303 790 1410 qui
827 1294 1284 1412 peremptori
1324 1311 1570 1387 caedis
1610 1289 1868 1387 auctor
1905 1310 2165 1406 fuerit,
2223 1287 2523 1387 sanctus
2562 1319 2637 1383 et
2672 1309 2842 1410 pius
2883 1309 3011 1384 ha-

253 1435 492 1510 betor.
552 1435 608 1510 J
612 1446 877 1510 uranto
916 1446 1165 1512 autem
1201 1433 1704 1526 Athenienses
1735 1464 1995 1514 omnes
2034 1437 2368 1514 tributim
2405 1445 2479 1513 et
2517 1433 2855 1510 curiatim
2892 1458 3011 1507 su·
3052 1436 3057 1444 '

253 1585 398 1660 per
427 1559 684 1646 ,hostiis
721 1561 1106 1662 perfectis,
1172 1571 1290 1655 ut,
1332 1561 1456 1660 qui
1504 1543 1785 1644 isthaec
1821 1562 2116 1658 fecerit,
2174 1587 2347 1638 eum
2381 1558 2717 1636 occidere
2756 1557 3009 1634 velint.

255 1686 311 1761 J
315 1685 798 1786 usju'randum
834 1711 1012 1762 vero
1053 1685 1194 1761 hoc
1233 1693 1433 1761 esto:

393 1811 398 1814 ’
474 1809 877 1908 „Occidam
913 1821 1138 1886 manu
1175 1834 1372 1904 mea,
1413 1810 1472 1884 si
1509 1791 1808 1910 potero,
1836 1821 2017 1887 eum·
2042 1810 2747 1913 qui'renipublicam
2782 1807 3009 1888 Athe·

254 1936 374 2012 nis
415 1935 801 2028 everterit,
843 1948 933 2010 et
987 1935 1048 2010 si
1103 1935 1264 2034 quis
1321 1961 1679 2036 oppresso
1733 1936 2046 2035 imperio
2100 1917 2443 2038 populari
2497 1935 3051 2034 magistratum·

257 2061 487 2137 ullum
539 2061 894 2159 gesserit,
954 2071 1028 2135 et
1063 2060 1124 2135 si
1163 2060 1327 2159 quis
1383 2061 1857 2162 tyrannidem
1913 2063 2257 2138 moliatur
2312 2072 2441 2138 aut
2477 2061 2893 2160 adjutorem
2931 2083 3011 2134 se

253 2196 580 2286 praestet
631 2183 1106 2286 tyrannidem
1160 2185 1562 2268 affectanti.
1655 2186 1754 2262 Et
1817 2186 1880 2262 si
1938 2187 2102 2286 quis
2160 2186 2347 2262 alius
2402 2211 2571 2262 eum
2626 2183 3011 2278 occiderit,

253 2311 450 2386 hunc
487 2311 692 2414 pium
728 2334 910 2407 erga
947 2309 1123 2385 deos
1187 2320 1263 2384 et
1319 2308 1716 2387 daemones
1771 2309 2109 2405 habebo,
2164 2321 2265 2414 ut,
2285 2310 2410 2414 qui
2448 2309 2741 2408 hostem
2777 2306 3007 2386 Athe-

254 2435 619 2511 niensium
655 2433 1072 2536 peremerit,
1094 2435 1577 2534 fortunasque
1612 2436 1983 2537 perempti
2020 2447 2324 2512 cunctas
2364 2434 2500 2511 sub
2538 2415 2752 2511 hasta
2788 2458 3016 2550 quum

251 2560 698 2654 vendidero,
751 2571 910 2634 tum
965 2570 1254 2659 partem
1301 2559 1682 2638 dimidiam
1719 2561 2077 2660 pecuniae
2115 2561 2289 2637 inde
2333 2558 2682 2637 redactae
2720 2583 3010 2702 perem-

251 2687 445 2787 ptori
481 2683 790 2762 reddam
820 2683 928 2760 nil
963 2683 1430 2760 defraudans.
1507 2685 1642 2761 Sin
1680 2697 1933 2797 autem
1978 2686 2142 2788 quis
2184 2686 2261 2760 in
2298 2685 2465 2787 ipsa
2502 2685 2728 2764 caede
2768 2695 2897 2762 aut
2933 2685 3013 2759 in

255 2825 522 2890 conatu
557 2810 804 2888 caedis
841 2811 1309 2906 occubuerit,
1321 2812 1543 2888 bene
1583 2813 1852 2888 faciam
1890 2812 1955 2887 ei
1997 2814 2302 2914 ejusque
2342 2812 2597 2888 liberis
2621 2870 2639 2906 ,
2698 2811 3010 2913 perinde

253 2949 472 3066 atque
528 2937 932 3015 Harmodio
989 2963 1157 3012 cum
1195 2919 1700 3035 Aristogitone
1761 2964 2169 3047 eorumque
2203 2937 2543 3038 posteris.
2620 2938 3011 3030 Quaecun-

254 3090 391 3164 que
455 3076 709 3173 autem
758 3073 1220 3139 sacramenta
1267 3058 1586 3139 Athenis
1641 3071 1771 3136 aut
1823 3063 1902 3137 in
1960 3062 2219 3137 castris
2278 3072 2407 3137 aut
2472 3060 2763 3163 uspiam
2828 3062 3009 3156 alibi

251 3184 634 3267 locorum
615 3216 694 3264 m
731 3188 1069 3265 fraudem
1105 3187 1367 3289 populi
1408 3186 1881 3265 Atheniensis
1932 3186 2129 3263 dicta
2165 3186 2483 3283 fuerint,
2544 3212 2635 3262 ea
2669 3168 3011 3262 rescindo

254 3326 472 3416 atque
507 3316 712 3389 irrita
749 3313 1222 3416 pronuntiof‘

463 3440 670 3515 Haec
695 3434 1002 3540 juranto
1039 3436 1533 3516 Athenienses
1586 3462 1846 3514 omnes
1903 3464 2126 3539 super
2180 3437 2443 3514 hostiis
2488 3438 2834 3539 perfectis
2869 3438 3007 3513 rite

255 3577 420 3642 ante
461 3566 874 3661 Liberalia3
923 3576 998 3639 et
1035 3566 1319 3665 precari
1357 3576 1754 3658 mementO,
1794 3576 1885 3639 ut
1912 3566 2163 3640 sancte
2193 3564 2475 3667 juranti
2519 3566 2797 3639 multae
2837 3558 3007 3664 pro·
3047 3582 3058 3596 ‘

253 3692 640 3791 speritates
663 3690 1030 3785 eveniant,
1049 3684 1708 3793 {pejerans-autem·
1733 3698 1815 3764 ut
1854 3716 2007 3766 una
2043 3710 2211 3766 cum
2248 3692 2455 3791 prole
2494 3691 2686 3767 male
2725 3698 3005 3791 pereat.

1524 3869 1751 3945 1026.
1831 3876 1836 3881 ’

450 4009 645 4088 Ἐάν
693 4043 802 4099 τις
838 4009 976 4089 τὸν
1012 3984 1652 4101 τῶνἈθηναιάἰί)
1708 4008 1958 4109 δῆμον
2009 4006 2287 4106 ἀδικῇ,
2347 4007 2750 4109 δεδεμένον
2806 4006 3009 4084 ἀπο-

254 4136 502 4215 δικεῖν
555 4146 642 4215 ἐν
695 4143 804 4238 τῷ
862 4136 1118 4237 δήμῳ,
1176 4142 1314 4211 καὶ
1353 4133 2061 4239 ἐὰν-καταγνωσθῇ
2094 4132 2441 4225 ἀδικεῖν,
2484 4132 3009 4211 ’ἀποθανόντα

254 4270 348 4352 εἰς
407 4264 524 4340 τὸ
557 4264 970 4365 βάραθρον
1007 4262 1508 4362 ἐμβληθῆναι·
1514 4318 1544 4353 5
1595 4260 1687 4337 τὰ
1731 4260 1806 4337 δὲ
1838 4260 2199 4360 χρήματα
2238 4258 2487 4337 αὐτοῦ
2531 4258 3008 4359 δημευθῆναι

254 4422 382 4467 και
423 4390 552 4481 τῆς
596 4388 789 4466 θεοῦ
834 4388 920 4465 τὸ
961 4386 1414 4465 ἐπιδέκατον
1449 4386 1668 4481 εἶνᾳι.

1350 4490 1877 4663 (Xenophon.
1915 4518 2081 4649 hist.
2120 4542 2369 4617 graec.
2402 4518 2467 4615 Ι,
2510 4516 2581 4613 7,
2620 4516 2793 4617 20.)

1415 4676 1422 4683 ’
1507 4668 1742 4756 1026.

463 4826 542 4901 Si
579 4827 742 4925 quis
781 4827 1145 4928 populum
1182 4817 1734 4902 Atheniensem*
1757 4818 2104 4921 laeserit,
2161 4824 2241 4899 in
2279 4823 2595 4901 vinculis
2633 4823 2834 4924 apud
2870 4849 3004 4923 po-

255 4954 504 5051 pulum
543 4958 846 5027 eausam
883 4950 1148 5027 dicatz'
1177 4961 1258 5031 et
1287 4952 1353 5025 si
1391 4950 2083 5031 damnat-ustulans
2114 4950 2433 5051 injuriae
2470 4950 2731 5047 fuerit,
2790 4972 3001 5023 neca-

255 5090 364 5157 tus
421 5080 502 5152 in
558 5076 990 5152 barathrum
1011 5090 1024 5102 ‘
1046 5074 1435 5174 abjiciatur
1447 5080 1512 5169 ,¹2
1534 5076 1754 5153 bonis
1801 5075 2209 5176 publicatis
2233 5120 2275 5169 ,·
2306 5085 2382 5151 et
2410 5088 2674 5162 ,eoru'm
2724 5074 3009 5149 decima

257 5203 1120 5294 Mineruaecousecrata.
1217 5212 1253 5243 ·<'·
1665 5256 1702 5307 ‚³

2452 5319 2580 5387 17*
