3725 5850
650 399 805 476 034
1246 421 1861 480 comminuimus
1903 425 2008 475 An
2051 421 2207 481 152⁰.
2250 420 2406 488 ¹521,
2449 423 2608 484 152³.
2651 421 2806 481 122⁴.

1805 611 1958 696 Ad
1994 611 2282 698 1520.

642 894 689 977 3
857 780 1165 858 Bekker
1218 777 1499 859 'Aneod-
1562 805 1674 884 gr.
1732 781 1788 856 I.
1846 807 1920 884 p.
1980 777 2176 854 244:
2259 772 2682 882 Ἐγγυητής
2738 771 2784 856 ὅ
2845 774 3416 878 ἀναδεχόμενος

689 905 779 977 ‘lae
830 931 891 982 ν.

780 933 831 995 η
855 1032 1056 1109 Hinc
1110 1032 1609 1129 concludunt,
1672 1033 2155 1129 creditorem,
2229 1034 2754 1136 praetermisso
2805 1033 3180 1128 debitore,
3255 1032 3416 1134 ejus

642 1179 1077 1258 sponsorem
1113 1159 1445 1261 potuisse
1478 1160 1559 1236 in
1584 1160 1713 1263 jus
1752 1183 2042 1238 vocare.

1784 1372 1940 1457 Aa
1996 1374 2264 1458 1521.

850 1539 1280 1621 Secundum
1316 1542 1633 1642 Leges
1671 1541 2134 1620 Platonis
2173 1545 2494 1640 (953‚,E
2531 1587 2636 1602 ·--
2674 1546 2852 1639 954,
2877 1524 3023 1641 1Α),
3073 1542 3410 1644 sponsio-

636 1689 809 1741 nem
845 1693 1070 1770 quam
1110 1667 1272 1768 quis
1310 1667 1527 1761 facit,
1585 1666 1879 1746 disertis
1936 1671 2184 1747 verbis
2224 1671 2445 1749 facito
2467 1729 2485 1766 ‚
2543 1698 2699 1748 rem
2737 1681 2973 1750 totam
2994 1729 3014 1765 ‚
3067 1693 3295 1775 quam
3329 1667 3412 1742 in

634 1816 712 1868 se
752 1791 1101 1892 recipiat,
1152 1794 1613 1896 perscribens
1669 1817 1925 1871 coram
1977 1793 2292 1873 testibus
2351 1821 2502 1873 non
2555 1795 2801 1872 minus
2853 1787 3090 1871 tribus
3112 1851 3130 1888 ‚
3188 1793 3250 1870 si
3287 1816 3410 1869 res

629 1916 829 1996 intra
882 1918 1084 1998 mille
1142 1919 1537 2001 drachmas
1595 1929 1748 2016 est,
1804 1921 1868 1998 si
1925 1946 2104 2000 vero
2161 1945 2390 2024 supra
2426 1919 2624 2000 mille
2647 1981 2665 2018 ,
2719 1947 2873 1999 non
2912 1919 3156 1998 minus
3188 1939 3410 2019 quam

634 2043 985 2144 quinque.

842 2168 955 2249 Ae
990 2196 1310 2272 sponsor
1347 2170 1647 2273 quidem
1686 2173 1910 2250 etiam
1947 2173 2043 2264 is,
2099 2173 2226 2274 qui
2265 2185 2621 2277 tanquam
2650 2173 3126 2277 pararius
3165 2169 3406 2266 (προ-

637 2289 953 2388 πωλῶν)
984 2291 1261 2396 aliquid
1300 2295 1575 2393 vendit,
1616 2324 1771 2374 non
1796 2298 2004 2399 juste
2043 2297 2439 2378 vendentis
2476 2299 2601 2376 vel
2636 2299 2937 2380 omnino
2973 2294 3408 2379 auctoritate

632 2419 993 2517 carentis3
1050 2445 1219 2498 reus
1278 2431 1528 2499 autem
1584 2423 1809 2500 etiam
1856 2424 2234 2526 pinarius,
2292 2424 2920 2527 quemadmodum
2955 2427 3019 2502 is
3041 2482 3059 2518 ‚
3114 2421 3244 2522 qui
3280 2445 3406 2498 ve-

629 2569 806 2620 num
843 2543 1085 2641 dedit,
1146 2546 1407 2646 agitor.

845 2668 1072 2772 Apud
1108 2669 1491 2750 Romanos
1547 2701 1872 2777 sponsor
1927 2685 2004 2753 et
2059 2675 2618 2778 fidepromissor
2651 2703 2788 2780 per
2823 2678 3072 2778 legem
3105 2673 3405 2754 Furiam

625 2794 927 2880 biennio
964 2796 1398 2880 liberantur.
1458 2801 1573 2900 (G
1589 2827 1636 2878 a
1641 2802 1722 2905 ji
1770 2805 2100 2882 Instit.
2139 2805 2285 2900 HI,
2332 2804 2548 2898 121.)
3093 2797 3102 2804 ’

1780 3013 1935 3103 Ad
1971 3015 2262 3102 1528.

834 3164 1279 3266 Depositum
1334 3190 1649 3267 parvum
1707 3166 2058 3243 fraudare
2116 3165 2408 3268 turpius
2465 3176 2578 3244 est
2612 3188 2842 3269 quam
2878 3171 3216 3242 mutuum
3251 3188 3398 3240 ma-

621 3315 876 3387 gnum.
935 3290 1082 3383 Qui
1119 3290 1319 3365 enim
1359 3290 1782 3393 depositum
1833 3290 2168 3388 fraudat,
2224 3289 2599 3369 hominem
2637 3290 2916 3394 decipit
2952 3316 2999 3366 a
3033 3315 3185 3391 quo
3224 3315 3398 3390 pro·

623 3415 764 3491 bus
801 3415 963 3516 ipse
1004 3414 1487 3493 existimatur.
1546 3414 1653 3510 (A
1675 3417 1753 3491 ri
1775 3443 1810 3492 s
1831 3428 1863 3492 t
1883 3426 1980 3492 ot
2004 3442 2043 3493 e
2063 3414 2110 3491 l.
2161 3415 2223 3490 Ρ
2247 3443 2285 3491 ι·
2304 3443 2349 3492 o
2368 3417 2418 3492 b
2439 3417 2466 3493 l
2487 3443 2527 3493 e
2551 3443 2643 3493 m.
2683 3416 2969 3511 XXIX,
3009 3416 3129 3508 6.)

835 3539 1303 3617 Democritus
1343 3540 1538 3640 apud
1580 3538 1992 3619 Stobaeum
2031 3540 2273 3635 (Flor.
2314 3540 2593 3638 XLVI,
2634 3542 2810 3635 44):
2867 3534 3002 3625 τοὶς
3040 3564 3398 3637 παρακα-

622 3658 969 3753 ταθήκας
1027 3654 1500 3737 ἀποδιδόντα
1558 3656 1652 3737 οὐ
1694 3656 1847 3763 χρὴ
1891 3667 2379 3739 ἐπαινέεσθαι
2402 3717 2424 3753 ,
2483 3660 2626 3739 τὸν
2663 3658 2879 3761 δὲμὴ
2921 3658 3400 3739 ἀποδιδόντα

621 3784 886 3875 κακῶς
939 3783 1270 3863 ἀκούειν
1323 3790 1466 3863 καὶ
1518 3785 1859 3885 πάσχειν.
1937 3791 2082 3886 Qui
2122 3790 2547 3895 depositum
2583 3790 2868 3888 reddit,
2923 3790 3212 3870 laudari
3247 3815 3398 3869 non

620 3915 885 4011 debet,
944 3926 1021 3993 at
1057 3917 1503 4020 reprehendi
1546 3928 1623 3994 et
1658 3918 1946 4019 puniri,
2004 3918 2128 4019 qui
2167 3925 2322 3994 non
2359 3914 2666 4012 reddit.)

838 4041 1195 4118 Herodot.
1237 4039 1370 4136 Vl,
1412 4036 1556 4119 86:
1603 4034 1977 4146 Ἀγαθὸν
2021 4036 2212 4139 μηδὲ
2272 4038 2761 4116 διανοέεσθαι
2815 4042 2984 4140 περὶ
3040 4066 3396 4140 παρακα-

621 4162 968 4257 ταθήκης
988 4158 1186 4242 ἄλλο
1218 4195 1304 4270 γε
1340 4158 1389 4256 ἢ
1425 4162 1955 4244 ἀπαιτεόντων
1991 4162 2477 4245 ἀποδιδόναι.
2518 4166 2884 4271 (Expedit
2919 4170 3014 4248 de
3051 4170 3398 4273 deposito

622 4292 810 4371 nihil
846 4295 1050 4373 aliud
1085 4318 1182 4371 ne
1219 4293 1551 4394 cogitare
1589 4292 1894 4395 quidem
1913 4354 1932 4393 ,
1971 4294 2128 4373 nisi‘
2153 4305 2238 4372 ut
2275 4294 2788 4397 repetentibus
2825 4294 3156 4390 reddas.)

788 4511 792 4515 ,
835 4418 1061 4523 Apud
1098 4421 1481 4499 Romanos
1518 4422 1610 4517 Q.
1650 4421 2018 4502 Scaevola
2055 4423 2134 4499 in
2188 4422 2585 4518 librorum,
2651 4446 2838 4524 quos
2874 4421 2968 4501 de
2993 4424 3166 4525 jure
3201 4422 3400 4500 civili

620 4546 1087 4649 composuit,
1124 4546 1332 4626 XVI.
1373 4549 1607 4625 verba
1641 4547 1831 4625 haec
1867 4549 2160 4651 posuit:
2203 4548 2454 4650 „quod
2491 4549 2611 4627 cui
2652 4549 3106 4627 servandum
3143 4547 3402 4626 datum

620 4684 773 4769 est,
813 4670 1004 4778 ‘si‘id
1040 4698 1218 4751 usus
1258 4685 1407 4770 est,
1468 4677 1628 4755 sive
1668 4674 1870 4778 quod
1906 4677 2269 4754 utendum
2305 4677 2636 4779 accepit,
2693 4678 2790 4756 ad
2827 4677 3054 4755 aliam
3087 4700 3250 4753 rem
3286 4686 3396 4754 at-

624 4822 771 4899 que
804 4798 1132 4901 accepit,
1170 4818 1349 4878 usus
1388 4810 1539 4899 est,
1577 4801 1756 4882 furti
1794 4828 1876 4881 se
1915 4801 2359 4902 obligavit.“
2417 4802 2851 4897 (Gellius
2897 4803 3166 4881 Noct.
3209 4798 3397 4881 Act.

624 4920 797 5019 VII,
841 4923 964 5019 15,
1004 4918 1074 5025 ξ.
1110 4924 1229 5020 2.)

1779 5030 1935 5115 M
1968 5032 2258 5117 1524.

836 5174 1127 5280 Legem
1160 5179 1391 5278 hanc,
1430 5180 1718 5259 etiamsi
1754 5207 1910 5259 non
1943 5179 2205 5261 iisdem
2243 5182 2488 5261 verbis
2527 5173 2884 5286 scriptam
2904 5238 2924 5278 ‚
2974 5176 3378 5263 Athenien-
