3725 5850
720 456 877 530 442
1484 478 2102 531 COMMENTARIUS
2141 478 2248 529 An
2289 472 2410 528 1¹72.
2455 472 2577 527 173.
2624 473 2746 530 175.

720 673 901 748 1111111
938 672 1452 768 abstinuisset,
1510 673 2025 771 magistratum
2061 695 2328 772 capere
2366 680 2639 771 posset.
2706 666 3260 763 (Aristotel.
3315 664 3463 739 Po·

720 799 862 874 lit.
899 798 1037 894 III,
1081 800 1152 894 3,
1192 799 1303 890 4.)

1907 899 2059 983 Ad
2112 902 2320 983 1⁷2.

936 1068 1257 1147 Pericles
1296 1070 1497 1170 apud
1536 1068 2054 1172 Thucydidem
2091 1071 2228 1165 (II,
2265 1068 2406 1160 37)
2445 1068 2662 1144 dicit:
2701 1069 2979 1143 utimur
3017 1090 3108 1141 ea
3145 1059 3470 1163 reipubli-

724 1221 855 1271 cae
892 1196 1136 1271 forma
1176 1194 1627 1290 (πολιτείᾳ),
1687 1220 1876 1295 quae
1939 1196 2248 1272 aliarum
2309 1195 2694 1270 civitatum
2741 1193 2948 1293 leges
2986 1219 3139 1267 non
3177 1188 3470 1263 aemule-

726 1334 884 1414 tur,
942 1321 1085 1395 imo
1144 1347 1323 1396 vero
1380 1320 1522 1421 ipsi
1564 1320 1781 1395 alicui
1818 1321 2070 1421 potius
2110 1320 2454 1420 exemplo
2495 1346 2788 1413 sumus,
2848 1343 3074 1418 quam
3113 1315 3292 1391 alios
3326 1312 3469 1386 imi-

725 1456 989 1521 tamur.
1066 1446 1163 1520 Et
1219 1446 1519 1523 nomine
1579 1445 1879 1546 quidem
1926 1446 2286 1547 populare
2325 1446 2718 1547 imperium
2757 1439 3313 1539 (δημοκρατία)
3351 1464 3466 1511 vo-

725 1581 971 1664 catur,
1027 1570 1231 1672 quod
1287 1599 1443 1647 non
1500 1570 1595 1646 ad
1652 1597 1933 1672 paucos
1957 1629 1974 1664 ,
2032 1570 2163 1648 sed
2220 1569 2314 1648 ad
2371 1570 2620 1672 plures
2669 1596 2916 1647 rerum
2953 1563 3470 1646 administratio

723 1696 1087 1795 pertinet3
1143 1694 1487 1772 fruuntur
1543 1721 1723 1770 vero
1783 1722 1821 1770 e
1879 1696 2129 1795 legum
2187 1698 2647 1798 praescripto
2706 1698 2782 1770 in
2841 1694 3155 1798 privatis
3203 1702 3470 1767 contro-

724 1822 984 1895 versiis
1020 1847 1274 1897 omnes
1314 1846 1550 1921 aequo
1586 1822 1796 1920 jure,
1856 1819 1986 1896 sed
2026 1822 2225 1921 quod
2265 1822 2360 1897 ad
2399 1822 2990 1897 aestimationem
3045 1820 3342 1909 attinet,
3393 1826 3462 1889 ut

728 1946 1035 2047 quisque
1089 1947 1335 2046 aliqua
1370 1948 1449 2020 in
1486 1972 1565 2021 re
1602 1947 1799 2022 bene
1858 1946 2100 2038 audit,
2159 1948 2265 2022 ita
2327 1947 2543 2023 etiam
2601 1975 2651 2022 n
2676 1976 2717 2023 0
2743 1975 2791 2022 11
2848 1974 2898 2047 p
2922 1947 3184 2022 otius
3239 1940 3466 2043 quod

728 2070 857 2146 sit
914 2097 1022 2148 ex
1080 2071 1419 2171 aliqua
1475 2070 1843 2145 civium
1905 2081 2229 2170 parte,
2308 2096 2588 2171 quam
2643 2071 3062 2146 virtutis
3121 2068 3466 2169 gratia,

726 2198 821 2271 in
876 2196 1407 2298 republica
1481 2195 1717 2268 aliis
1792 2196 2489 2296 anteponitur,
2565 2222 2878 2296 neque
2940 2197 3235 2271 etiam
3287 2220 3466 2294 pro-

729 2332 949 2421 pter
1012 2331 1711 2422 paupertatem
1785 2322 2354 2421 quisquam,
2436 2321 2942 2398 dummodo
3018 2322 3346 2419 aliqua
3391 2319 3468 2391 in

730 2462 830 2521 re
871 2447 1281 2522 civitati
1332 2444 1818 2545 prodesse
1865 2446 2231 2546 possit,
2291 2446 2835 2545 dignitatis
2873 2447 3466 2523 obscuritate

730 2572 753 2644 i
776 2597 850 2644 m
870 2599 920 2672 p
944 2596 983 2646 e
1005 2571 1054 2646 d
1073 2572 1099 2645 i
1120 2582 1213 2646 tu
1234 2597 1289 2646 r.

945 2696 1494 2799 Xenophon
1553 2696 1649 2770 in
1698 2695 2036 2773 Athen.
2084 2696 2499 2798 Republ.
2555 2700 2612 2795 Ι,
2663 2701 2750 2775 2:
2809 2698 3156 2799 Aequum
3193 2726 3345 2777 esse
3379 2698 3464 2771 vi-

732 2822 986 2914 detur,
1044 2831 1125 2897 ut
1172 2848 1427 2899 omnes
1486 2821 2054 2919 magistratuum
2110 2823 2512 2924 participes
2571 2826 2794 2921 fiant,
2858 2826 3014 2900 sive
3054 2852 3191 2926 per
3228 2836 3468 2901 sortem

732 2950 887 3023 sive
925 2973 1061 3048 per
1098 2949 1550 3046 suffragium.
1613 2951 1898 3041 (Δοκεῖ
1952 2943 2270 3022 δίκαιον
2331 2944 2527 3022 εἶναι
2586 2947 2767 3022 πᾶσι
2826 2945 2982 3022 τῶν
3045 2945 3305 3046 ἀρχῶν
3350 2976 3467 3044 με-

731 3080 972 3146 τεῖναι
1012 3071 1100 3145 ἔν
1137 3101 1213 3144 τε
1251 3067 1361 3168 τῷ
1400 3068 1661 3170 κλήρῳ
1700 3075 1837 3145 καὶ
1878 3076 1963 3146 ἐν
2001 3069 2090 3167 τῇ
2123 3075 2642 3170 χειροτονίᾳ.)

944 3201 1034 3278 In
1072 3199 1310 3276 Cnido
1353 3200 1415 3274 si
1452 3211 1668 3301 pater
1705 3202 2223 3297 magistratum
2263 3201 2686 3298 obtinebat,
2749 3204 2942 3278 filius
2983 3231 3027 3279 a
3063 3203 3470 3301 magistratu

736 3325 1313 3422 excludebatur3
1369 3338 1443 3401 et
1481 3327 1542 3401 si
1578 3326 1833 3425 plures
1874 3326 2142 3403 fratres
2182 3339 2434 3417 erant,
2495 3329 2632 3403 soli
2673 3340 2852 3404 natu
2890 3329 3214 3406 maximo
3255 3327 3462 3402 aditus

734 3451 830 3529 ad
867 3452 1383 3550 magistratum
1419 3450 1747 3553 patebat.
1804 3449 2364 3546 (Aristotel.
2404 3454 2691 3532 Polit.
2733 3455 2826 3550 V,
2869 3459 2935 3549 5,
2979 3455 3090 3546 3.)

1919 3661 2069 3745 Ad
2121 3665 2337 3747 173.

951 3828 1197 3907 Schol.
1255 3829 1331 3903 in
1389 3827 1861 3931 Aristophan.
1925 3829 2254 3929 Equites
2313 3829 2457 3904 41:
2519 3822 2695 3927 Πρὸ
2751 3825 2879 3917 τῆς
2939 3823 3292 3928 εὑρέσεως
3345 3823 3472 3900 τῶν

739 3953 1025 4056 ψήφων
1062 3950 1391 4050 κυάμοις
1448 3949 1789 4051 ἐχρῶντο
1846 3958 1932 4027 ἐν
1982 3963 2142 4038 ταῖς
2170 3957 2687 4049 χειροτονίαις
2725 3951 2881 4029 τῶν
2921 3949 3328 4054 ἀρχόντων
3363 3957 3470 4026 καὶ

740 4089 823 4156 ἐν
860 4091 1022 4166 ταῖς
1060 4082 1526 4168 ἐκκλησίαις.
1586 4080 1828 4176 (Ante
1887 4083 2399 4157 inventionem
2460 4083 2910 4159 calculorum
2961 4085 3156 4160 fabis
3198 4085 3470 4159 uteban-

741 4219 858 4282 tur
894 4208 971 4282 in
1008 4208 1368 4284 electione
1410 4206 1974 4304 magistratuum
2015 4219 2090 4282 et
2125 4209 2202 4282 in
2241 4208 2786 4299 concionibus)

1917 4415 2068 4498 Ad
2122 4419 2339 4501 175.

954 4585 1617 4684 Harpocratio
1658 4610 1713 4658 s,
1754 4610 1823 4658 v,
1868 4573 2422 4677 δοκιμασθείςε
2479 4583 2868 4684 Lycurgus
2916 4585 2994 4662 in
3032 4586 3364 4662 oratione
3399 4585 3468 4660 de

743 4708 1381 4785 administratione
1420 4708 1632 4784 dicit:
1692 4721 1839 4786 tres
1890 4711 2439 4810 explorationes
2497 4709 2904 4788 secundum
2965 4711 3172 4810 leges
3229 4711 3472 4788 institui

742 4833 1021 4930 solent,
1082 4858 1230 4908 una
1266 4861 1415 4934 qua
1450 4859 1722 4911 novem
1779 4835 2213 4930 archontes,
2275 4837 2601 4912 secunda
2662 4864 2808 4936 qua
2865 4849 3234 4933 oratoreS,
3293 4836 3470 4911 tertia

743 4986 890 5059 qua
924 4957 1101 5034 belli
1139 4959 1364 5035 duces
1403 4960 1960 5061 explorantur.“
2045 4961 2413 5059 Loquitur
2469 4973 2720 5038 tamen
2758 4964 2835 5038 in
2875 4963 3137 5039 eadem
3175 4964 3467 5040 oratione

744 5085 964 5161 etiam
997 5084 1101 5160 'de
1140 5084 1469 5184 equitum
1508 5085 2035 5186 exploratione.

958 5209 1313 5288 Pollux
1372 5210 1581 5305 VIII,
1643 5211 1784 5284 44:
1848 5211 2286 5311 Exploratio
2347 5207 2858 5310 (δοκιμασία)
2905 5213 3318 5290 habebatur
3349 5237 3488 5286 ma»
