3725 5850
1206 450 1823 505 COMMENTARIUS
1861 448 1968 503 Ao
2005 449 2132 507 213.
2175 452 2300 506 215.
2977 428 3134 503 440

1533 653 1685 738 Ad
1750 658 1962 741 213.

572 820 1063 924 Anonymi
1136 848 1491 923 argum.
1564 824 1675 899 ad
1746 825 2241 904 Demosth.
2303 850 2363 900 c.
2422 822 3002 903 Androtion.
3059 852 3132 925 p.
3187 814 3194 830 '

358 947 555 1021 589:
612 946 1194 1025 Thesmothetae
1270 974 1549 1025 annum
1627 948 1992 1027 duntaxat
2068 949 2514 1051 magistratu
2589 946 3136 1049 fungebantur,

354 1098 581 1173 quem
617 1074 1047 1174 priusquam
1104 1075 1413 1169 inirent,
1470 1074 1545 1149 in
1604 1099 1904 1152 omnem
1961 1101 2217 1151 eorum
2276 1076 2505 1152 vitam
2563 1084 2983 1152 anteactam
3020 1076 3129 1152 in-

354 1197 826 1295 quirebatur,
904 1210 975 1275 et
1030 1200 1091 1275 si
1148 1200 1225 1274 in
1284 1199 1629 1277 omnibus
1686 1200 1961 1300 integri
2017 1201 2712 1303 comperiebantur,
2780 1226 2870 1277 eo
2928 1227 3128 1279 anno

350 1325 833 1421 magistratus
890 1337 1117 1401 erant.
1222 1325 1473 1400 Finito
1531 1348 1729 1401 anno
1796 1327 2062 1402 iterum
2118 1326 2210 1403 de
2267 1328 2354 1402 iis
2419 1326 2785 1427 judicium
2861 1325 3086 1403 fiebat
3114 1386 3131 1421 ,

352 1462 653 1527 rectene
693 1476 781 1527 eo
821 1461 1151 1553 tempore
1191 1462 1439 1528 essent
1476 1452 1708 1528 functi
1748 1478 1837 1529 eo
1879 1453 2172 1550 officio,
2233 1465 2308 1529 et
2354 1452 2416 1528 si
2455 1454 2934 1531 manifestum
2973 1464 3133 1529 erat

353 1575 591 1676 probe
630 1603 759 1653 eos
799 1578 1312 1673 magistratum
1351 1577 1711 1674 gessisse,
1768 1577 1845 1652 in
1902 1589 2243 1655 senatum
2289 1578 2759 1656 addebantur
2798 1577 3127 1679 Areopa·

350 1702 718 1799 gitarum,
776 1704 891 1779 sin
931 1703 1123 1778 male
1164 1729 1241 1778 se
1280 1703 1721 1802 gessissent,
1782 1704 2287 1804 ejiciebantur.

1532 1914 1684 1998 Ad
1743 1917 1956 1998 215.

572 2078 794 2181 Apud
853 2079 1481 2158 Lacedaemonios
1538 2082 1805 2157 summi
1880 2082 2357 2180 magistratus
2431 2082 2730 2159 fuerant
2803 2081 3130 2183 quinque

354 2204 679 2306 Ephori,
739 2207 863 2307 qui
904 2207 994 2284 de
1032 2234 1170 2284 suo
1210 2232 1521 2282 numero
1562 2208 2075 2309 Eponymum,
2136 2208 2347 2308 cujus
2387 2206 2684 2284 nomine
2725 2232 2965 2283 annus
3004 2206 3130 2283 de-

352 2331 829 2428 signabatur,
886 2332 1389 2433 praebebant,
1454 2330 1766 2434 perinde
1825 2342 2046 2433 atque
2107 2330 2309 2433 apud
2368 2330 2864 2409 Athenienses
2904 2358 2944 2408 e
3002 2358 3134 2407 no-

354 2484 527 2534 vem
565 2458 1042 2537 archontibus
1080 2484 1271 2535 unus
1312 2470 1468 2535 erat
1512 2460 1972 2560 Eponymus.
2033 2458 2203 2552 (Pa
2227 2484 2487 2535 usan.
2527 2458 2664 2553 III,
2709 2458 2832 2555 11,
2873 2458 2989 2551 2.)

570 2600 851 2704 Ephori
888 2602 1187 2689 nomine
1225 2602 1547 2679 civitatis
1587 2602 1970 2678 mensibus
2008 2598 2321 2701 singulis
2368 2601 2770 2703 jurabant,
2830 2627 3132 2678 conser-

354 2738 656 2806 vaturos
693 2754 772 2805 se
812 2754 1128 2828 regnum
1166 2728 1362 2825 regis
1401 2728 1965 2822 inconcussum,
2029 2726 2090 2800 si
2150 2725 2451 2825 quidem
2506 2728 2667 2829 ipse
2716 2752 2929 2803 suum
2971 2727 3134 2829 jus-

339 2852 749 2955 jurandum
784 2863 1038 2932 sancte
1080 2854 1505 2931 servaverit.
1576 2853 1691 2947 (X
1710 2877 1748 2929 e
1770 2878 1819 2927 n
1843 2878 1887 2927 o
1911 2878 1960 2954 p
1983 2849 2034 2926 h
2054 2876 2098 2928 o
2117 2877 2189 2927 n.
2250 2851 2312 2930 L
2331 2878 2378 2928 a
2397 2877 2438 2928 c
2462 2876 2500 2927 e
2525 2850 2572 2928 d
2595 2878 2640 2928 a
2662 2877 2701 2929 e
2720 2878 2817 2929 m.
2877 2879 2915 2928 r
2933 2875 2972 2927 e
2995 2878 3030 2928 s
3050 2879 3122 2953 p.

356 2977 523 3074 XV,
566 2978 679 3072 7.)

570 3104 729 3184 Soli
768 3105 1048 3210 Ephori
1098 3133 1249 3182 non
1306 3103 1819 3206 adsurgebant
1879 3128 2132 3181 coram
2189 3101 2491 3204 regibus
2531 3102 2622 3179 de
2663 3102 2860 3180 sedis
2901 3101 3131 3203 epho-

356 3231 547 3308 ricis.
605 3233 681 3327 (Ι
708 3231 895 3309 bid.
938 3233 1050 3325 6.)

570 3377 630 3453 Ii
689 3377 911 3452 etiam
968 3375 1477 3452 observabant
1530 3399 1801 3452 uxores
1857 3399 2158 3472 regum,
2219 3383 2300 3450 ut
2359 3372 2606 3474 quoad
2645 3372 2807 3449 fieri
2844 3384 3132 3475 potest,

356 3528 485 3580 rex
524 3527 677 3576 non
716 3529 809 3578 ex
848 3503 993 3578 alio
1033 3528 1257 3604 quam
1294 3500 1859 3580 Heraclidarum
1894 3523 2170 3598 genere
2212 3499 2548 3576 oriretur.
2588 3498 2944 3594 (Plato.
2985 3495 3132 3576 Al-

358 3627 1207 3722 eibiad.1.121‚13.)

574 3771 853 3877 Ephori
894 3799 1123 3874 quum
1178 3773 1690 3871 magistratum
1746 3774 2126 3849 iniverunt
2147 3829 2165 3866 ,
2222 3769 2512 3846 civibus
2553 3768 2988 3866 edixerunt,
3047 3779 3130 3846 ut

359 3910 762 4004 mystacem
801 3898 1187 3988 raderent,
1242 3924 1331 3975 ac
1368 3896 1661 3996 legibus
1699 3898 2032 3975 animum
2069 3896 2584 3991 adverterent,
2645 3919 2739 3972 ne
2778 3919 2912 3972 eae
2947 3893 3130 3997 ipsis

358 4039 605 4105 essent
642 4023 1007 4104 difficiles.
1082 4025 1196 4100 De
1250 4032 1581 4123 mystace
1639 4021 1781 4100 hoc
1818 4022 1988 4100 ideo
2027 4031 2620 4124 praeceperunt,
2677 4030 2760 4095 ut
2795 4020 2874 4097 in
2913 4021 3127 4096 mini-

358 4153 496 4230 mis
572 4175 867 4255 quoque
940 4150 1163 4228 rebus
1238 4148 1431 4226 dicto
1506 4147 1889 4226 audientes
1950 4173 2110 4226 csse
2165 4148 2479 4249 juvenes
2555 4145 3127 4224 assuefacerent.

358 4275 901 4372 (Plutarch.
959 4275 1443 4354 Cleomen.
1505 4275 1618 4369 9.)

572 4422 779 4522 Lege
836 4421 1201 4498 sancitum
1260 4432 1455 4515 erat,
1514 4431 1597 4496 ut
1652 4420 1839 4497 liber
1901 4418 2346 4496 Dicaearchi
2423 4416 2530 4494 de
2602 4416 3134 4522 republica

359 4545 483 4650 Sp
508 4557 1077 4625 artanorum
1150 4547 1551 4649 quotannis
1608 4546 1687 4622 in
1746 4544 2218 4647 Ephororum
2271 4543 2648 4647 praetorio
2720 4543 3130 4646 puberibus

358 4673 952 4752 auscultantibus
1009 4673 1429 4772 legeretur3
1502 4672 1701 4773 quod
1758 4673 1988 4772 longo
2043 4682 2378 4772 tempore
2434 4670 2574 4749 fuit
2627 4670 3127 4746 observatum.

357 4797 757 4895 (Suidas
795 4827 851 4876 s.
892 4827 959 4875 v.
1001 4797 1541 4895 Δικαίαρχος.)

572 4943 855 5044 Ephori
912 4969 1115 5022 nono
1174 4969 1467 5044 quoque
1524 4968 1724 5018 anno
1766 4952 2067 5019 noctem
2105 4965 2450 5019 serenam
2489 4951 2566 5017 et
2599 4937 2877 5016 lunaris
2911 4936 3126 5014 lumi-

356 5069 473 5147 nis
512 5097 824 5148 vacuam
858 5069 1405 5158 observabant,
1464 5093 1773 5169 eamque
1832 5068 2069 5162 nacti,
2129 5069 2333 5144 taciti
2385 5064 2870 5144 considebant
2905 5053 3130 5164 atque

354 5197 433 5274 in
470 5196 759 5274 coelum
794 5195 1291 5274 intuebantur.
1362 5194 1647 5288 Quodsi
1684 5207 1843 5272 tum
1881 5195 1980 5270 ab
2017 5221 2166 5271 una
2197 5203 2410 5295 parte
2448 5193 2526 5269 in
2567 5193 2874 5269 alteram
2913 5190 3132 5268 stella

2617 5317 2702 5381 29
