<?xml version="1.0" encoding="UTF-8"?>
<!DOCTYPE html PUBLIC "-//W3C//DTD XHTML 1.0 Transitional//EN"
    "http://www.w3.org/TR/xhtml1/DTD/xhtml1-transitional.dtd">
<html xmlns="http://www.w3.org/1999/xhtml" xml:lang="en" lang="en">
 <head>
  <title>
</title>
<meta http-equiv="Content-Type" content="text/html;charset=utf-8" />
  <meta name='ocr-system' content='tesseract 3.04.00' />
  <meta name='ocr-capabilities' content='ocr_page ocr_carea ocr_par ocr_line ocrx_word'/>
</head>
<body>
  <div class='ocr_page' id='page_1' title='image "./synaggtnattiknn01tlgoog_0548.png"; bbox 0 0 3725 5850; ppageno 0'>
   <div class='ocr_carea' id='block_1_1' title="bbox 664 397 2916 473">
    <p class='ocr_par' dir='ltr' id='par_1_1' title="bbox 664 397 2916 473">
     <span class='ocr_line' id='line_1_1' title="bbox 664 397 2916 473; baseline 0.001 -4"><span class='ocrx_word' id='word_1_1' title='bbox 664 397 813 471; x_wconf 78' lang='lat'>522</span> <span class='ocrx_word' id='word_1_2' title='bbox 1152 423 1769 472; x_wconf 68' lang='lat' dir='ltr'>coMMEN‘rAnws</span> <span class='ocrx_word' id='word_1_3' title='bbox 1810 423 1914 471; x_wconf 81' lang='lat' dir='ltr'>An</span> <span class='ocrx_word' id='word_1_4' title='bbox 1956 418 2080 472; x_wconf 81' lang='lat'><strong>819.</strong></span> <span class='ocrx_word' id='word_1_5' title='bbox 2121 420 2248 473; x_wconf 88' lang='lat'><strong>821.</strong></span> <span class='ocrx_word' id='word_1_6' title='bbox 2289 420 2414 473; x_wconf 91' lang='lat'><strong>822.</strong></span> <span class='ocrx_word' id='word_1_7' title='bbox 2455 422 2580 473; x_wconf 79' lang='grc'><strong>824.</strong></span> <span class='ocrx_word' id='word_1_8' title='bbox 2623 420 2748 473; x_wconf 87' lang='grc'><strong>825.</strong></span> <span class='ocrx_word' id='word_1_9' title='bbox 2789 420 2916 471; x_wconf 81' lang='grc'><strong>826.</strong></span> 
     </span>
    </p>
   </div>
   <div class='ocr_carea' id='block_1_2' title="bbox 650 610 3434 1832">
    <p class='ocr_par' dir='ltr' id='par_1_2' title="bbox 659 610 3432 838">
     <span class='ocr_line' id='line_1_2' title="bbox 660 610 3432 711; baseline 0.001 -27"><span class='ocrx_word' id='word_1_10' title='bbox 660 612 821 703; x_wconf 85' lang='lat' dir='ltr'>via,</span> <span class='ocrx_word' id='word_1_11' title='bbox 882 638 1151 711; x_wconf 83' lang='lat' dir='ltr'><strong>nempe</strong></span> <span class='ocrx_word' id='word_1_12' title='bbox 1214 611 1787 689; x_wconf 80' lang='lat' dir='ltr'>denunciatione</span> <span class='ocrx_word' id='word_1_13' title='bbox 1846 614 2197 689; x_wconf 83' lang='lat' dir='ltr'>utebatur</span> <span class='ocrx_word' id='word_1_14' title='bbox 2253 624 2518 688; x_wconf 87' lang='lat' dir='ltr'>contra</span> <span class='ocrx_word' id='word_1_15' title='bbox 2563 640 2790 690; x_wconf 92' lang='lat' dir='ltr'>reum.</span> <span class='ocrx_word' id='word_1_16' title='bbox 2868 612 3074 692; x_wconf 82' lang='lat' dir='ltr'>Alias</span> <span class='ocrx_word' id='word_1_17' title='bbox 3114 610 3432 711; x_wconf 88' lang='lat' dir='ltr'>denique</span> 
     </span>
     <span class='ocr_line' id='line_1_3' title="bbox 659 730 2582 838; baseline 0.002 -28"><span class='ocrx_word' id='word_1_18' title='bbox 659 747 923 811; x_wconf 88' lang='lat' dir='ltr'>contra</span> <span class='ocrx_word' id='word_1_19' title='bbox 959 737 1466 838; x_wconf 76' lang='lat' dir='ltr'>sycophantas</span> <span class='ocrx_word' id='word_1_20' title='bbox 1506 736 1601 813; x_wconf 87' lang='lat' dir='ltr'>ad</span> <span class='ocrx_word' id='word_1_21' title='bbox 1640 730 2040 833; x_wconf 77' lang='grc' dir='ltr'><em>προβολήν</em></span> <span class='ocrx_word' id='word_1_22' title='bbox 2077 738 2582 836; x_wconf 81' lang='lat' dir='ltr'>confugiebat.</span> 
     </span>
    </p>

    <p class='ocr_par' dir='ltr' id='par_1_3' title="bbox 657 860 3432 1187">
     <span class='ocr_line' id='line_1_4' title="bbox 874 860 3432 961; baseline 0 -24"><span class='ocrx_word' id='word_1_23' title='bbox 874 860 991 937; x_wconf 88' lang='lat' dir='ltr'>Cf.</span> <span class='ocrx_word' id='word_1_24' title='bbox 1033 860 1280 939; x_wconf 88' lang='lat' dir='ltr'>Schol.</span> <span class='ocrx_word' id='word_1_25' title='bbox 1337 863 1414 937; x_wconf 90' lang='lat' dir='ltr'>in</span> <span class='ocrx_word' id='word_1_26' title='bbox 1454 861 1797 940; x_wconf 88' lang='lat' dir='ltr'>Aeschin.</span> <span class='ocrx_word' id='word_1_27' title='bbox 1857 864 1950 939; x_wconf 92' lang='lat' dir='ltr'>de</span> <span class='ocrx_word' id='word_1_28' title='bbox 2009 862 2200 940; x_wconf 87' lang='lat' dir='ltr'>male</span> <span class='ocrx_word' id='word_1_29' title='bbox 2256 874 2470 961; x_wconf 87' lang='lat' dir='ltr'>gesta</span> <span class='ocrx_word' id='word_1_30' title='bbox 2527 864 2750 960; x_wconf 85' lang='lat' dir='ltr'>legat.</span> <span class='ocrx_word' id='word_1_31' title='bbox 2816 862 2992 958; x_wconf 72' lang='lat'>145,</span> <span class='ocrx_word' id='word_1_32' title='bbox 3057 872 3133 936; x_wconf 89' lang='lat' dir='ltr'>et</span> <span class='ocrx_word' id='word_1_33' title='bbox 3170 863 3246 937; x_wconf 89' lang='lat' dir='ltr'>in</span> <span class='ocrx_word' id='word_1_34' title='bbox 3285 861 3432 937; x_wconf 89' lang='lat' dir='ltr'>De-</span> 
     </span>
     <span class='ocr_line' id='line_1_5' title="bbox 657 985 3432 1091; baseline 0.001 -31"><span class='ocrx_word' id='word_1_35' title='bbox 657 985 923 1063; x_wconf 87' lang='lat' dir='ltr'>mosth.</span> <span class='ocrx_word' id='word_1_36' title='bbox 964 986 1365 1064; x_wconf 88' lang='lat' dir='ltr'>Midianam</span> <span class='ocrx_word' id='word_1_37' title='bbox 1410 988 1586 1083; x_wconf 84' lang='grc'><strong>514,</strong></span> <span class='ocrx_word' id='word_1_38' title='bbox 1626 989 1693 1063; x_wconf 88' lang='grc'>6.</span> <span class='ocrx_word' id='word_1_39' title='bbox 1774 986 2017 1065; x_wconf 84' lang='lat' dir='ltr'>Schol.</span> <span class='ocrx_word' id='word_1_40' title='bbox 2078 987 2171 1065; x_wconf 87' lang='lat' dir='ltr'>ad</span> <span class='ocrx_word' id='word_1_41' title='bbox 2231 988 2561 1065; x_wconf 82' lang='lat' dir='ltr'>Platonis</span> <span class='ocrx_word' id='word_1_42' title='bbox 2599 986 2907 1066; x_wconf 85' lang='lat' dir='ltr'>Axioch.</span> <span class='ocrx_word' id='word_1_43' title='bbox 2966 1016 3037 1091; x_wconf 89' lang='lat' dir='ltr'>p.</span> <span class='ocrx_word' id='word_1_44' title='bbox 3081 986 3256 1062; x_wconf 80' lang='lat'><strong>465.</strong></span> <span class='ocrx_word' id='word_1_45' title='bbox 3318 987 3432 1063; x_wconf 90' lang='lat' dir='ltr'>ed.</span> 
     </span>
     <span class='ocr_line' id='line_1_6' title="bbox 658 1108 978 1187; baseline 0 0"><span class='ocrx_word' id='word_1_46' title='bbox 658 1108 978 1187; x_wconf 82' lang='lat' dir='ltr'>Bekker.</span> 
     </span>
    </p>

    <p class='ocr_par' dir='ltr' id='par_1_4' title="bbox 1834 1215 2258 1302">
     <span class='ocr_line' id='line_1_7' title="bbox 1834 1215 2258 1302; baseline 0.007 -3"><span class='ocrx_word' id='word_1_47' title='bbox 1834 1215 1986 1300; x_wconf 71' lang='lat' dir='ltr'>Ad</span> <span class='ocrx_word' id='word_1_48' title='bbox 2046 1220 2258 1302; x_wconf 80' lang='grc'><strong>818.</strong></span> 
     </span>
    </p>

    <p class='ocr_par' dir='ltr' id='par_1_5' title="bbox 650 1358 3434 1832">
     <span class='ocr_line' id='line_1_8' title="bbox 871 1358 3434 1469; baseline -0.001 -32"><span class='ocrx_word' id='word_1_49' title='bbox 871 1364 1136 1441; x_wconf 79' lang='lat' dir='ltr'>Pollux</span> <span class='ocrx_word' id='word_1_50' title='bbox 1178 1364 1386 1457; x_wconf 88' lang='lat' dir='ltr'>VIII,</span> <span class='ocrx_word' id='word_1_51' title='bbox 1430 1364 1569 1439; x_wconf 78' lang='lat'>46:</span> <span class='ocrx_word' id='word_1_52' title='bbox 1631 1364 2041 1460; x_wconf 81' lang='grc' dir='ltr'><strong><em>Προβολαί</em></strong></span> <span class='ocrx_word' id='word_1_53' title='bbox 2103 1360 2178 1438; x_wconf 83' lang='grc' dir='ltr'>δὲ</span> <span class='ocrx_word' id='word_1_54' title='bbox 2237 1366 2646 1469; x_wconf 78' lang='grc' dir='ltr'><em>γίγνονται</em></span> <span class='ocrx_word' id='word_1_55' title='bbox 2702 1361 2852 1437; x_wconf 80' lang='grc' dir='ltr'>τοῦ</span> <span class='ocrx_word' id='word_1_56' title='bbox 2891 1358 3138 1459; x_wconf 78' lang='grc' dir='ltr'>δήμου</span> <span class='ocrx_word' id='word_1_57' title='bbox 3183 1382 3434 1460; x_wconf 83' lang='grc' dir='ltr'><strong><em>ψηφι-</em></strong></span> 
     </span>
     <span class='ocr_line' id='line_1_9' title="bbox 656 1483 3430 1587; baseline 0.002 -28"><span class='ocrx_word' id='word_1_58' title='bbox 656 1490 993 1582; x_wconf 82' lang='grc' dir='ltr'>σαμένου</span> <span class='ocrx_word' id='word_1_59' title='bbox 1030 1491 1168 1561; x_wconf 80' lang='grc' dir='ltr'>καὶ</span> <span class='ocrx_word' id='word_1_60' title='bbox 1207 1484 1409 1561; x_wconf 74' lang='grc' dir='ltr'>κατὰ</span> <span class='ocrx_word' id='word_1_61' title='bbox 1451 1486 1605 1563; x_wconf 78' lang='grc' dir='ltr'>τῶν</span> <span class='ocrx_word' id='word_1_62' title='bbox 1642 1483 2182 1564; x_wconf 77' lang='grc' dir='ltr'><em>εὐνουστάτων</em></span> <span class='ocrx_word' id='word_1_63' title='bbox 2233 1489 2330 1585; x_wconf 83' lang='grc' dir='ltr'>τῇ</span> <span class='ocrx_word' id='word_1_64' title='bbox 2366 1486 2600 1567; x_wconf 82' lang='grc' dir='ltr'><strong>πόλει.</strong></span> <span class='ocrx_word' id='word_1_65' title='bbox 2659 1489 3110 1587; x_wconf 82' lang='lat' dir='ltr'>(Querelae,</span> <span class='ocrx_word' id='word_1_66' title='bbox 3167 1491 3430 1567; x_wconf 88' lang='lat' dir='ltr'>suffra-</span> 
     </span>
     <span class='ocr_line' id='line_1_10' title="bbox 650 1614 3433 1718; baseline 0.001 -31"><span class='ocrx_word' id='word_1_67' title='bbox 650 1627 879 1711; x_wconf 85' lang='lat' dir='ltr'>gante</span> <span class='ocrx_word' id='word_1_68' title='bbox 920 1616 1239 1717; x_wconf 89' lang='lat' dir='ltr'>populo,</span> <span class='ocrx_word' id='word_1_69' title='bbox 1280 1614 1502 1691; x_wconf 83' lang='lat' dir='ltr'>etiam</span> <span class='ocrx_word' id='word_1_70' title='bbox 1538 1615 1627 1692; x_wconf 92' lang='lat' dir='ltr'>iis</span> <span class='ocrx_word' id='word_1_71' title='bbox 1664 1626 2065 1717; x_wconf 87' lang='lat' dir='ltr'>parantur,</span> <span class='ocrx_word' id='word_1_72' title='bbox 2124 1616 2250 1715; x_wconf 88' lang='lat' dir='ltr'>qui</span> <span class='ocrx_word' id='word_1_73' title='bbox 2292 1617 2571 1718; x_wconf 87' lang='lat' dir='ltr'>optime</span> <span class='ocrx_word' id='word_1_74' title='bbox 2609 1628 2788 1693; x_wconf 87' lang='lat' dir='ltr'>sunt</span> <span class='ocrx_word' id='word_1_75' title='bbox 2823 1618 3076 1694; x_wconf 86' lang='lat' dir='ltr'>affecti</span> <span class='ocrx_word' id='word_1_76' title='bbox 3115 1639 3298 1713; x_wconf 86' lang='lat' dir='ltr'>erga</span> <span class='ocrx_word' id='word_1_77' title='bbox 3335 1616 3433 1691; x_wconf 90' lang='lat' dir='ltr'>ci·</span> 
     </span>
     <span class='ocr_line' id='line_1_11' title="bbox 654 1738 1177 1832; baseline 0 -18"><span class='ocrx_word' id='word_1_78' title='bbox 654 1738 1027 1832; x_wconf 52' lang='lat' dir='ltr'>mmmm]</span> <span class='ocrx_word' id='word_1_79' title='bbox 1168 1786 1177 1795; x_wconf 94' lang='lat'>-</span> 
     </span>
    </p>
   </div>
   <div class='ocr_carea' id='block_1_3' title="bbox 1663 1844 2428 1929">
    <p class='ocr_par' dir='ltr' id='par_1_6' title="bbox 1663 1844 2428 1929">
     <span class='ocr_line' id='line_1_12' title="bbox 1663 1844 2428 1929; baseline 0.003 -2"><span class='ocrx_word' id='word_1_80' title='bbox 1663 1844 1815 1927; x_wconf 75' lang='lat' dir='ltr'>Ad</span> <span class='ocrx_word' id='word_1_81' title='bbox 1851 1846 2032 1929; x_wconf 74' lang='lat'>821</span> <span class='ocrx_word' id='word_1_82' title='bbox 2067 1854 2163 1928; x_wconf 77' lang='lat' dir='ltr'>ot</span> <span class='ocrx_word' id='word_1_83' title='bbox 2199 1849 2428 1929; x_wconf 76' lang='lat'><strong>822.</strong></span> 
     </span>
    </p>
   </div>
   <div class='ocr_carea' id='block_1_4' title="bbox 655 2008 3432 2241">
    <p class='ocr_par' dir='ltr' id='par_1_7' title="bbox 655 2008 3432 2241">
     <span class='ocr_line' id='line_1_13' title="bbox 868 2008 3432 2114; baseline 0.001 -30"><span class='ocrx_word' id='word_1_84' title='bbox 868 2008 981 2085; x_wconf 88' lang='lat' dir='ltr'>Cf.</span> <span class='ocrx_word' id='word_1_85' title='bbox 1040 2011 1264 2087; x_wconf 85' lang='lat' dir='ltr'>etiam</span> <span class='ocrx_word' id='word_1_86' title='bbox 1319 2013 1601 2088; x_wconf 84' lang='lat' dir='ltr'>Lexica</span> <span class='ocrx_word' id='word_1_87' title='bbox 1656 2012 2119 2112; x_wconf 86' lang='lat' dir='ltr'>Segueriana</span> <span class='ocrx_word' id='word_1_88' title='bbox 2175 2036 2246 2114; x_wconf 89' lang='lat' dir='ltr'>p.</span> <span class='ocrx_word' id='word_1_89' title='bbox 2287 2012 2446 2089; x_wconf 86' lang='lat'>313</span> <span class='ocrx_word' id='word_1_90' title='bbox 2503 2023 2580 2089; x_wconf 91' lang='lat' dir='ltr'>et</span> <span class='ocrx_word' id='word_1_91' title='bbox 2627 2013 2804 2089; x_wconf 77' lang='lat'><strong>315.</strong></span> <span class='ocrx_word' id='word_1_92' title='bbox 2881 2012 3071 2089; x_wconf 84' lang='lat' dir='ltr'>Item</span> <span class='ocrx_word' id='word_1_93' title='bbox 3111 2014 3432 2112; x_wconf 85' lang='lat' dir='ltr'>Gregor.</span> 
     </span>
     <span class='ocr_line' id='line_1_14' title="bbox 655 2132 2948 2241; baseline 0.003 -33"><span class='ocrx_word' id='word_1_94' title='bbox 655 2132 985 2211; x_wconf 86' lang='lat' dir='ltr'>Corinth.</span> <span class='ocrx_word' id='word_1_95' title='bbox 1028 2134 1123 2213; x_wconf 88' lang='lat' dir='ltr'>ad</span> <span class='ocrx_word' id='word_1_96' title='bbox 1162 2136 1659 2236; x_wconf 86' lang='lat' dir='ltr'>Hermogenis</span> <span class='ocrx_word' id='word_1_97' title='bbox 1695 2139 2022 2215; x_wconf 90' lang='lat' dir='ltr'>method.</span> <span class='ocrx_word' id='word_1_98' title='bbox 2061 2140 2430 2241; x_wconf 89' lang='lat' dir='ltr'>eloquent.</span> <span class='ocrx_word' id='word_1_99' title='bbox 2479 2138 2707 2216; x_wconf 87' lang='grc'><strong>1119.</strong></span> <span class='ocrx_word' id='word_1_100' title='bbox 2751 2164 2811 2215; x_wconf 90' lang='grc'>0.</span> <span class='ocrx_word' id='word_1_101' title='bbox 2854 2140 2948 2216; x_wconf 96' lang='lat' dir='ltr'>II.</span> 
     </span>
    </p>
   </div>
   <div class='ocr_carea' id='block_1_5' title="bbox 1830 2348 2254 2435">
    <p class='ocr_par' dir='ltr' id='par_1_8' title="bbox 1830 2348 2254 2435">
     <span class='ocr_line' id='line_1_15' title="bbox 1830 2348 2254 2435; baseline 0.005 -2"><span class='ocrx_word' id='word_1_102' title='bbox 1830 2348 1984 2433; x_wconf 73' lang='lat' dir='ltr'>Ad</span> <span class='ocrx_word' id='word_1_103' title='bbox 2024 2352 2254 2435; x_wconf 80' lang='lat'><strong>824.</strong></span> 
     </span>
    </p>
   </div>
   <div class='ocr_carea' id='block_1_6' title="bbox 643 2505 3432 3368">
    <p class='ocr_par' dir='ltr' id='par_1_9' title="bbox 643 2505 3432 3368">
     <span class='ocr_line' id='line_1_16' title="bbox 868 2505 3432 2613; baseline -0.002 -25"><span class='ocrx_word' id='word_1_104' title='bbox 868 2511 1157 2591; x_wconf 82' lang='lat' dir='ltr'>Suidas.</span> <span class='ocrx_word' id='word_1_105' title='bbox 1224 2508 1604 2608; x_wconf 75' lang='grc' dir='ltr'><strong><em>Ἐκφυλ</em></strong></span> <span class='ocrx_word' id='word_1_106' title='bbox 1630 2520 1668 2590; x_wconf 85' lang='grc' dir='ltr'><strong><em>λ</em></strong></span> <span class='ocrx_word' id='word_1_107' title='bbox 1695 2525 2160 2613; x_wconf 78' lang='grc' dir='ltr'><em>οφορεῖν·</em></span> <span class='ocrx_word' id='word_1_108' title='bbox 2240 2517 2314 2590; x_wconf 82' lang='grc' dir='ltr'>οἱ</span> <span class='ocrx_word' id='word_1_109' title='bbox 2371 2510 2626 2613; x_wconf 72' lang='grc' dir='ltr'><em>ἀρχήν</em></span> <span class='ocrx_word' id='word_1_110' title='bbox 2678 2540 2854 2589; x_wconf 82' lang='grc' dir='ltr'><strong><em>τινα</em></strong></span> <span class='ocrx_word' id='word_1_111' title='bbox 2905 2506 3270 2608; x_wconf 66' lang='grc' dir='ltr'><strong><em>ἄρξαντες</em></strong></span> <span class='ocrx_word' id='word_1_112' title='bbox 3325 2505 3432 2584; x_wconf 72' lang='grc' dir='ltr'>ἂν</span> 
     </span>
     <span class='ocr_line' id='line_1_17' title="bbox 652 2628 3432 2740; baseline 0.001 -33"><span class='ocrx_word' id='word_1_113' title='bbox 652 2628 1176 2732; x_wconf 63' lang='grc' dir='ltr'>εὐθυνόμενοι</span> <span class='ocrx_word' id='word_1_114' title='bbox 1215 2629 1371 2713; x_wconf 75' lang='grc' dir='ltr'>ὑπὸ</span> <span class='ocrx_word' id='word_1_115' title='bbox 1410 2638 1540 2728; x_wconf 76' lang='grc' dir='ltr'>τῆς</span> <span class='ocrx_word' id='word_1_116' title='bbox 1586 2636 1872 2740; x_wconf 74' lang='grc' dir='ltr'><strong><em>βουλῆς</em></strong></span> <span class='ocrx_word' id='word_1_117' title='bbox 1930 2631 2264 2729; x_wconf 75' lang='grc' dir='ltr'><strong><em>ἁλῶσιν,</em></strong></span> <span class='ocrx_word' id='word_1_118' title='bbox 2322 2645 2408 2716; x_wconf 73' lang='grc' dir='ltr'>ἐν</span> <span class='ocrx_word' id='word_1_119' title='bbox 2445 2644 2771 2735; x_wconf 77' lang='grc' dir='ltr'><strong><em>φύλλοις</em></strong></span> <span class='ocrx_word' id='word_1_120' title='bbox 2809 2642 3064 2725; x_wconf 73' lang='grc' dir='ltr'><strong><em>ἐλαίας</em></strong></span> <span class='ocrx_word' id='word_1_121' title='bbox 3099 2634 3195 2711; x_wconf 75' lang='grc' dir='ltr'>τὰ</span> <span class='ocrx_word' id='word_1_122' title='bbox 3237 2632 3432 2712; x_wconf 81' lang='grc' dir='ltr'>ὀνό-</span> 
     </span>
     <span class='ocr_line' id='line_1_18' title="bbox 643 2756 3430 2867; baseline 0.001 -35"><span class='ocrx_word' id='word_1_123' title='bbox 643 2786 855 2856; x_wconf 84' lang='grc' dir='ltr'><strong><em>ματα</em></strong></span> <span class='ocrx_word' id='word_1_124' title='bbox 894 2756 1157 2837; x_wconf 74' lang='grc' dir='ltr'><em>αὐτῶν</em></span> <span class='ocrx_word' id='word_1_125' title='bbox 1192 2769 1624 2867; x_wconf 74' lang='grc' dir='ltr'><strong><em>ἐνέγραφον</em></strong></span> <span class='ocrx_word' id='word_1_126' title='bbox 1661 2766 1734 2841; x_wconf 78' lang='grc' dir='ltr'>οἱ</span> <span class='ocrx_word' id='word_1_127' title='bbox 1771 2768 2187 2862; x_wconf 80' lang='grc' dir='ltr'><strong><em>βουλευταὶ</em></strong></span> <span class='ocrx_word' id='word_1_128' title='bbox 2212 2822 2233 2854; x_wconf 85' lang='grc'>,</span> <span class='ocrx_word' id='word_1_129' title='bbox 2292 2770 2431 2839; x_wconf 73' lang='grc' dir='ltr'>καὶ</span> <span class='ocrx_word' id='word_1_130' title='bbox 2471 2764 2855 2840; x_wconf 75' lang='grc' dir='ltr'><strong><em>καθιᾶσιν</em></strong></span> <span class='ocrx_word' id='word_1_131' title='bbox 2891 2768 2996 2852; x_wconf 77' lang='grc' dir='ltr'>εἰς</span> <span class='ocrx_word' id='word_1_132' title='bbox 3033 2759 3219 2850; x_wconf 78' lang='grc' dir='ltr'>τούς</span> <span class='ocrx_word' id='word_1_133' title='bbox 3255 2766 3430 2857; x_wconf 77' lang='grc' dir='ltr'><strong><em>ἐχί-</em></strong></span> 
     </span>
     <span class='ocr_line' id='line_1_19' title="bbox 653 2881 3432 2993; baseline 0.001 -29"><span class='ocrx_word' id='word_1_134' title='bbox 653 2908 873 2972; x_wconf 79' lang='grc' dir='ltr'><em>νους·</em></span> <span class='ocrx_word' id='word_1_135' title='bbox 934 2882 1094 2984; x_wconf 78' lang='grc' dir='ltr'>ἅμα</span> <span class='ocrx_word' id='word_1_136' title='bbox 1133 2919 1209 2964; x_wconf 79' lang='grc' dir='ltr'>τε</span> <span class='ocrx_word' id='word_1_137' title='bbox 1252 2881 1289 2979; x_wconf 80' lang='grc' dir='ltr'><em>ἦ</em></span> <span class='ocrx_word' id='word_1_138' title='bbox 1334 2895 1497 2987; x_wconf 77' lang='grc' dir='ltr'><strong><em>περὶ</em></strong></span> <span class='ocrx_word' id='word_1_139' title='bbox 1537 2885 1801 2966; x_wconf 77' lang='grc' dir='ltr'><strong><em>αὐτῶν</em></strong></span> <span class='ocrx_word' id='word_1_140' title='bbox 1857 2895 2104 2978; x_wconf 81' lang='grc' dir='ltr'><strong><em>πίστις</em></strong></span> <span class='ocrx_word' id='word_1_141' title='bbox 2160 2886 2816 2993; x_wconf 74' lang='grc' dir='ltr'><em>προσενεγράφετο</em></span> <span class='ocrx_word' id='word_1_142' title='bbox 2873 2900 3032 2977; x_wconf 83' lang='grc' dir='ltr'><strong><em>τοῖς</em></strong></span> <span class='ocrx_word' id='word_1_143' title='bbox 3079 2887 3432 2984; x_wconf 82' lang='grc' dir='ltr'><strong>φύλλοις.</strong></span> 
     </span>
     <span class='ocr_line' id='line_1_20' title="bbox 652 3012 3428 3121; baseline 0.002 -34"><span class='ocrx_word' id='word_1_144' title='bbox 652 3012 839 3107; x_wconf 78' lang='lat' dir='ltr'>(Qui</span> <span class='ocrx_word' id='word_1_145' title='bbox 877 3017 1397 3113; x_wconf 85' lang='lat' dir='ltr'>magistratum</span> <span class='ocrx_word' id='word_1_146' title='bbox 1434 3021 1759 3121; x_wconf 87' lang='lat' dir='ltr'>aliquem</span> <span class='ocrx_word' id='word_1_147' title='bbox 1812 3030 2240 3120; x_wconf 80' lang='lat' dir='ltr'>gesserant,</span> <span class='ocrx_word' id='word_1_148' title='bbox 2300 3021 2358 3095; x_wconf 89' lang='lat' dir='ltr'>si</span> <span class='ocrx_word' id='word_1_149' title='bbox 2399 3021 2725 3096; x_wconf 88' lang='lat' dir='ltr'>muneris</span> <span class='ocrx_word' id='word_1_150' title='bbox 2763 3020 2954 3098; x_wconf 88' lang='lat' dir='ltr'>male</span> <span class='ocrx_word' id='word_1_151' title='bbox 2992 3019 3183 3118; x_wconf 87' lang='lat' dir='ltr'>gesti</span> <span class='ocrx_word' id='word_1_152' title='bbox 3225 3045 3272 3095; x_wconf 88' lang='lat' dir='ltr'>a</span> <span class='ocrx_word' id='word_1_153' title='bbox 3309 3041 3428 3094; x_wconf 90' lang='lat' dir='ltr'>se·</span> 
     </span>
     <span class='ocr_line' id='line_1_21' title="bbox 650 3142 3427 3241; baseline 0.002 -28"><span class='ocrx_word' id='word_1_154' title='bbox 650 3150 829 3214; x_wconf 87' lang='lat' dir='ltr'>natu</span> <span class='ocrx_word' id='word_1_155' title='bbox 904 3144 1228 3218; x_wconf 90' lang='lat' dir='ltr'>convicti</span> <span class='ocrx_word' id='word_1_156' title='bbox 1303 3144 1656 3241; x_wconf 87' lang='lat' dir='ltr'>fuissent,</span> <span class='ocrx_word' id='word_1_157' title='bbox 1716 3157 2099 3224; x_wconf 87' lang='lat' dir='ltr'>senatores</span> <span class='ocrx_word' id='word_1_158' title='bbox 2157 3146 2462 3221; x_wconf 88' lang='lat' dir='ltr'>nomina</span> <span class='ocrx_word' id='word_1_159' title='bbox 2517 3169 2774 3222; x_wconf 89' lang='lat' dir='ltr'>eorum</span> <span class='ocrx_word' id='word_1_160' title='bbox 2831 3147 2908 3220; x_wconf 91' lang='lat' dir='ltr'>in</span> <span class='ocrx_word' id='word_1_161' title='bbox 2965 3143 3158 3220; x_wconf 87' lang='lat' dir='ltr'>foliis</span> <span class='ocrx_word' id='word_1_162' title='bbox 3215 3142 3427 3220; x_wconf 90' lang='lat' dir='ltr'>oleae</span> 
     </span>
     <span class='ocr_line' id='line_1_22' title="bbox 647 3264 3426 3368; baseline 0.001 -29"><span class='ocrx_word' id='word_1_163' title='bbox 647 3264 922 3363; x_wconf 88' lang='lat' dir='ltr'>scripta</span> <span class='ocrx_word' id='word_1_164' title='bbox 974 3266 1053 3341; x_wconf 89' lang='lat' dir='ltr'>in</span> <span class='ocrx_word' id='word_1_165' title='bbox 1110 3265 1413 3343; x_wconf 86' lang='lat' dir='ltr'>echinos</span> <span class='ocrx_word' id='word_1_166' title='bbox 1488 3267 2020 3366; x_wconf 84' lang='lat' dir='ltr'>demittebant,</span> <span class='ocrx_word' id='word_1_167' title='bbox 2080 3271 2542 3368; x_wconf 86' lang='lat' dir='ltr'>argumentis</span> <span class='ocrx_word' id='word_1_168' title='bbox 2606 3282 2681 3346; x_wconf 90' lang='lat' dir='ltr'>et</span> <span class='ocrx_word' id='word_1_169' title='bbox 2737 3269 3152 3346; x_wconf 71' lang='lat' dir='ltr'>rationibus</span> <span class='ocrx_word' id='word_1_170' title='bbox 3229 3268 3426 3343; x_wconf 80' lang='lat' dir='ltr'>latae</span> 
     </span>
    </p>
   </div>
   <div class='ocr_carea' id='block_1_7' title="bbox 648 3392 3428 3620">
    <p class='ocr_par' dir='ltr' id='par_1_10' title="bbox 648 3392 3428 3620">
     <span class='ocr_line' id='line_1_23' title="bbox 648 3392 1815 3496; baseline 0.003 -30"><span class='ocrx_word' id='word_1_171' title='bbox 648 3393 1063 3468; x_wconf 88' lang='lat' dir='ltr'>sententiae</span> <span class='ocrx_word' id='word_1_172' title='bbox 1104 3392 1316 3467; x_wconf 90' lang='lat' dir='ltr'>simul</span> <span class='ocrx_word' id='word_1_173' title='bbox 1359 3393 1815 3496; x_wconf 81' lang='lat' dir='ltr'>adscriptis.)</span> 
     </span>
     <span class='ocr_line' id='line_1_24' title="bbox 866 3515 3428 3620; baseline 0 -28"><span class='ocrx_word' id='word_1_174' title='bbox 866 3515 977 3592; x_wconf 87' lang='lat' dir='ltr'>Cf.</span> <span class='ocrx_word' id='word_1_175' title='bbox 1020 3516 1267 3595; x_wconf 87' lang='lat' dir='ltr'>Schol.</span> <span class='ocrx_word' id='word_1_176' title='bbox 1306 3518 1384 3593; x_wconf 92' lang='lat' dir='ltr'>in</span> <span class='ocrx_word' id='word_1_177' title='bbox 1424 3519 1767 3598; x_wconf 87' lang='lat' dir='ltr'>Aeschin.</span> <span class='ocrx_word' id='word_1_178' title='bbox 1808 3519 2180 3597; x_wconf 87' lang='lat' dir='ltr'>Timarch.</span> <span class='ocrx_word' id='word_1_179' title='bbox 2239 3521 2369 3594; x_wconf 87' lang='grc'>111</span> <span class='ocrx_word' id='word_1_180' title='bbox 2404 3547 2420 3617; x_wconf 86' lang='grc'><strong>;</strong></span> <span class='ocrx_word' id='word_1_181' title='bbox 2461 3533 2534 3596; x_wconf 83' lang='lat' dir='ltr'>et</span> <span class='ocrx_word' id='word_1_182' title='bbox 2571 3521 2748 3597; x_wconf 82' lang='lat' dir='ltr'>Lex.</span> <span class='ocrx_word' id='word_1_183' title='bbox 2791 3519 3098 3619; x_wconf 85' lang='lat' dir='ltr'>Seguer.</span> <span class='ocrx_word' id='word_1_184' title='bbox 3138 3547 3209 3620; x_wconf 89' lang='lat' dir='ltr'>p.</span> <span class='ocrx_word' id='word_1_185' title='bbox 3246 3519 3428 3594; x_wconf 75' lang='lat'>248.</span> 
     </span>
    </p>
   </div>
   <div class='ocr_carea' id='block_1_8' title="bbox 1824 3730 2246 3815">
    <p class='ocr_par' dir='ltr' id='par_1_11' title="bbox 1824 3730 2246 3815">
     <span class='ocr_line' id='line_1_25' title="bbox 1824 3730 2246 3815; baseline 0 0"><span class='ocrx_word' id='word_1_186' title='bbox 1824 3730 1976 3815; x_wconf 73' lang='lat' dir='ltr'>Ad</span> <span class='ocrx_word' id='word_1_187' title='bbox 2016 3733 2246 3815; x_wconf 77' lang='lat'><strong>82⁵.</strong></span> 
     </span>
    </p>
   </div>
   <div class='ocr_carea' id='block_1_9' title="bbox 643 3893 3428 4972">
    <p class='ocr_par' dir='ltr' id='par_1_12' title="bbox 646 3893 3428 4373">
     <span class='ocr_line' id='line_1_26' title="bbox 861 3893 3428 3998; baseline 0.002 -31"><span class='ocrx_word' id='word_1_188' title='bbox 861 3894 1263 3996; x_wconf 84' lang='lat' dir='ltr'>Perperam</span> <span class='ocrx_word' id='word_1_189' title='bbox 1322 3899 1541 3975; x_wconf 88' lang='lat' dir='ltr'>vertit</span> <span class='ocrx_word' id='word_1_190' title='bbox 1597 3897 1882 3974; x_wconf 85' lang='lat' dir='ltr'>Petitus</span> <span class='ocrx_word' id='word_1_191' title='bbox 1941 3898 2145 3992; x_wconf 90' lang='lat' dir='ltr'>(Lib.</span> <span class='ocrx_word' id='word_1_192' title='bbox 2187 3900 2321 3988; x_wconf 88' lang='lat' dir='ltr'>IV,</span> <span class='ocrx_word' id='word_1_193' title='bbox 2377 3899 2482 3976; x_wconf 87' lang='lat' dir='ltr'>tit.</span> <span class='ocrx_word' id='word_1_194' title='bbox 2527 3901 2579 3988; x_wconf 90' lang='lat' dir='ltr'>I,</span> <span class='ocrx_word' id='word_1_195' title='bbox 2643 3893 2709 3998; x_wconf 59' lang='grc' dir='ltr'><strong>ᾧ.</strong></span> <span class='ocrx_word' id='word_1_196' title='bbox 2753 3900 2882 3990; x_wconf 82' lang='lat'>2):</span> <span class='ocrx_word' id='word_1_197' title='bbox 2956 3899 3080 3994; x_wconf 82' lang='lat' dir='ltr'>„in</span> <span class='ocrx_word' id='word_1_198' title='bbox 3124 3897 3428 3996; x_wconf 86' lang='lat' dir='ltr'>judices</span> 
     </span>
     <span class='ocr_line' id='line_1_27' title="bbox 648 4015 3426 4123; baseline 0.001 -32"><span class='ocrx_word' id='word_1_199' title='bbox 648 4015 964 4114; x_wconf 80' lang='lat' dir='ltr'>allegere</span> <span class='ocrx_word' id='word_1_200' title='bbox 1004 4048 1167 4115; x_wconf 90' lang='lat' dir='ltr'>eos,</span> <span class='ocrx_word' id='word_1_201' title='bbox 1229 4024 1352 4122; x_wconf 87' lang='lat' dir='ltr'>qui</span> <span class='ocrx_word' id='word_1_202' title='bbox 1410 4022 1691 4098; x_wconf 86' lang='lat' dir='ltr'>Senatu</span> <span class='ocrx_word' id='word_1_203' title='bbox 1749 4025 1928 4100; x_wconf 89' lang='lat' dir='ltr'>moti</span> <span class='ocrx_word' id='word_1_204' title='bbox 1983 4033 2191 4118; x_wconf 92' lang='lat' dir='ltr'>sunt,</span> <span class='ocrx_word' id='word_1_205' title='bbox 2250 4024 2360 4099; x_wconf 79' lang='lat' dir='ltr'>fas</span> <span class='ocrx_word' id='word_1_206' title='bbox 2419 4024 2650 4098; x_wconf 87' lang='lat' dir='ltr'>est0.“</span> <span class='ocrx_word' id='word_1_207' title='bbox 2731 4024 2898 4116; x_wconf 83' lang='lat' dir='ltr'>Quo</span> <span class='ocrx_word' id='word_1_208' title='bbox 2961 4033 3185 4123; x_wconf 83' lang='lat' dir='ltr'>pacto</span> <span class='ocrx_word' id='word_1_209' title='bbox 3219 4021 3426 4096; x_wconf 88' lang='lat' dir='ltr'>enim</span> 
     </span>
     <span class='ocr_line' id='line_1_28' title="bbox 646 4145 3424 4248; baseline 0.002 -33"><span class='ocrx_word' id='word_1_210' title='bbox 646 4145 1061 4241; x_wconf 81' lang='lat' dir='ltr'>potuissent</span> <span class='ocrx_word' id='word_1_211' title='bbox 1106 4146 1315 4245; x_wconf 87' lang='lat' dir='ltr'>digni</span> <span class='ocrx_word' id='word_1_212' title='bbox 1374 4145 1633 4223; x_wconf 89' lang='lat' dir='ltr'>haberi</span> <span class='ocrx_word' id='word_1_213' title='bbox 1687 4147 1783 4222; x_wconf 88' lang='lat' dir='ltr'>ad</span> <span class='ocrx_word' id='word_1_214' title='bbox 1841 4147 2231 4224; x_wconf 89' lang='lat' dir='ltr'>ferendum</span> <span class='ocrx_word' id='word_1_215' title='bbox 2259 4147 2662 4248; x_wconf 87' lang='lat' dir='ltr'>judicium,</span> <span class='ocrx_word' id='word_1_216' title='bbox 2719 4147 2846 4246; x_wconf 91' lang='lat' dir='ltr'>qui</span> <span class='ocrx_word' id='word_1_217' title='bbox 2883 4147 2980 4222; x_wconf 92' lang='lat' dir='ltr'>ob</span> <span class='ocrx_word' id='word_1_218' title='bbox 3019 4146 3093 4221; x_wconf 90' lang='lat' dir='ltr'>id</span> <span class='ocrx_word' id='word_1_219' title='bbox 3131 4147 3424 4245; x_wconf 88' lang='lat' dir='ltr'>ipsum,</span> 
     </span>
     <span class='ocr_line' id='line_1_29' title="bbox 647 4267 3282 4373; baseline 0.002 -32"><span class='ocrx_word' id='word_1_220' title='bbox 647 4267 847 4366; x_wconf 91' lang='lat' dir='ltr'>quod</span> <span class='ocrx_word' id='word_1_221' title='bbox 886 4284 1145 4348; x_wconf 88' lang='lat' dir='ltr'>contra</span> <span class='ocrx_word' id='word_1_222' title='bbox 1171 4274 1297 4373; x_wconf 87' lang='lat' dir='ltr'>jus</span> <span class='ocrx_word' id='word_1_223' title='bbox 1338 4273 1595 4372; x_wconf 87' lang='lat' dir='ltr'>fasque</span> <span class='ocrx_word' id='word_1_224' title='bbox 1636 4297 1861 4372; x_wconf 85' lang='lat' dir='ltr'>agere</span> <span class='ocrx_word' id='word_1_225' title='bbox 1901 4271 2366 4365; x_wconf 89' lang='lat' dir='ltr'>viderentur,</span> <span class='ocrx_word' id='word_1_226' title='bbox 2425 4285 2690 4350; x_wconf 84' lang='lat' dir='ltr'>senatu</span> <span class='ocrx_word' id='word_1_227' title='bbox 2729 4271 3282 4348; x_wconf 79' lang='lat' dir='ltr'>movebantur?</span> 
     </span>
    </p>

    <p class='ocr_par' dir='ltr' id='par_1_13' title="bbox 643 4395 3422 4972">
     <span class='ocr_line' id='line_1_30' title="bbox 861 4395 3422 4500; baseline 0.002 -30"><span class='ocrx_word' id='word_1_228' title='bbox 861 4395 931 4470; x_wconf 92' lang='lat' dir='ltr'>N</span> <span class='ocrx_word' id='word_1_229' title='bbox 936 4422 1018 4470; x_wconf 84' lang='grc'>00</span> <span class='ocrx_word' id='word_1_230' title='bbox 1056 4398 1255 4498; x_wconf 85' lang='lat' dir='ltr'>apud</span> <span class='ocrx_word' id='word_1_231' title='bbox 1296 4401 1669 4474; x_wconf 84' lang='lat' dir='ltr'>Romanos</span> <span class='ocrx_word' id='word_1_232' title='bbox 1708 4412 1974 4476; x_wconf 83' lang='lat' dir='ltr'>senatu</span> <span class='ocrx_word' id='word_1_233' title='bbox 2011 4403 2228 4476; x_wconf 88' lang='lat' dir='ltr'>motis</span> <span class='ocrx_word' id='word_1_234' title='bbox 2257 4399 2824 4500; x_wconf 88' lang='lat' dir='ltr'>permittebatur</span> <span class='ocrx_word' id='word_1_235' title='bbox 2850 4397 3214 4498; x_wconf 83' lang='lat' dir='ltr'>judicare.</span> <span class='ocrx_word' id='word_1_236' title='bbox 3273 4397 3422 4474; x_wconf 89' lang='lat' dir='ltr'>Te-</span> 
     </span>
     <span class='ocr_line' id='line_1_31' title="bbox 646 4519 3422 4630; baseline 0.001 -37"><span class='ocrx_word' id='word_1_237' title='bbox 646 4519 777 4593; x_wconf 88' lang='lat' dir='ltr'>stis</span> <span class='ocrx_word' id='word_1_238' title='bbox 816 4519 1033 4620; x_wconf 81' lang='lat' dir='ltr'>hujus</span> <span class='ocrx_word' id='word_1_239' title='bbox 1074 4523 1173 4596; x_wconf 87' lang='lat' dir='ltr'>rei</span> <span class='ocrx_word' id='word_1_240' title='bbox 1230 4536 1343 4598; x_wconf 88' lang='lat' dir='ltr'>est</span> <span class='ocrx_word' id='word_1_241' title='bbox 1382 4523 1776 4600; x_wconf 81' lang='lat' dir='ltr'>Marcellus</span> <span class='ocrx_word' id='word_1_242' title='bbox 1834 4527 2168 4623; x_wconf 81' lang='lat' dir='ltr'>(Digest.</span> <span class='ocrx_word' id='word_1_243' title='bbox 2207 4526 2386 4614; x_wconf 88' lang='grc' dir='ltr'><strong>ΙΙΙ.)</strong></span> <span class='ocrx_word' id='word_1_244' title='bbox 2443 4522 2736 4600; x_wconf 89' lang='lat' dir='ltr'>dicens:</span> <span class='ocrx_word' id='word_1_245' title='bbox 2793 4523 3098 4600; x_wconf 78' lang='lat' dir='ltr'>Cassius</span> <span class='ocrx_word' id='word_1_246' title='bbox 3135 4523 3422 4630; x_wconf 74' lang='lat' dir='ltr'>Longi-</span> 
     </span>
     <span class='ocr_line' id='line_1_32' title="bbox 643 4647 3418 4750; baseline 0.003 -34"><span class='ocrx_word' id='word_1_247' title='bbox 643 4670 784 4718; x_wconf 87' lang='lat' dir='ltr'>nus</span> <span class='ocrx_word' id='word_1_248' title='bbox 823 4669 977 4722; x_wconf 89' lang='lat' dir='ltr'>non</span> <span class='ocrx_word' id='word_1_249' title='bbox 1014 4659 1231 4746; x_wconf 87' lang='lat' dir='ltr'>putat</span> <span class='ocrx_word' id='word_1_250' title='bbox 1270 4649 1335 4723; x_wconf 91' lang='lat' dir='ltr'>ei</span> <span class='ocrx_word' id='word_1_251' title='bbox 1374 4649 1996 4748; x_wconf 87' lang='lat' dir='ltr'>permittendum,</span> <span class='ocrx_word' id='word_1_252' title='bbox 2055 4651 2180 4749; x_wconf 90' lang='lat' dir='ltr'>qui</span> <span class='ocrx_word' id='word_1_253' title='bbox 2239 4660 2543 4750; x_wconf 83' lang='lat' dir='ltr'>propter</span> <span class='ocrx_word' id='word_1_254' title='bbox 2583 4647 3118 4750; x_wconf 88' lang='lat' dir='ltr'>turpitudinem</span> <span class='ocrx_word' id='word_1_255' title='bbox 3155 4657 3418 4730; x_wconf 85' lang='lat' dir='ltr'>senatu</span> 
     </span>
     <span class='ocr_line' id='line_1_33' title="bbox 644 4773 3420 4876; baseline 0.001 -32"><span class='ocrx_word' id='word_1_256' title='bbox 644 4780 889 4844; x_wconf 85' lang='lat' dir='ltr'>motus</span> <span class='ocrx_word' id='word_1_257' title='bbox 916 4829 931 4858; x_wconf 86' lang='lat'>,</span> <span class='ocrx_word' id='word_1_258' title='bbox 993 4798 1133 4846; x_wconf 86' lang='lat' dir='ltr'>neo</span> <span class='ocrx_word' id='word_1_259' title='bbox 1173 4773 1553 4850; x_wconf 85' lang='lat' dir='ltr'>restitutus</span> <span class='ocrx_word' id='word_1_260' title='bbox 1594 4787 1743 4867; x_wconf 85' lang='lat' dir='ltr'>est,</span> <span class='ocrx_word' id='word_1_261' title='bbox 1789 4774 2168 4874; x_wconf 87' lang='lat' dir='ltr'>judicare,</span> <span class='ocrx_word' id='word_1_262' title='bbox 2223 4774 2396 4874; x_wconf 88' lang='lat' dir='ltr'>quia</span> <span class='ocrx_word' id='word_1_263' title='bbox 2432 4775 2550 4850; x_wconf 84' lang='lat' dir='ltr'>lex</span> <span class='ocrx_word' id='word_1_264' title='bbox 2591 4775 2646 4850; x_wconf 82' lang='lat' dir='ltr'>J</span> <span class='ocrx_word' id='word_1_265' title='bbox 2652 4774 2797 4850; x_wconf 86' lang='lat' dir='ltr'>ulia</span> <span class='ocrx_word' id='word_1_266' title='bbox 2833 4773 3420 4876; x_wconf 86' lang='lat' dir='ltr'>repetundarum</span> 
     </span>
     <span class='ocr_line' id='line_1_34' title="bbox 645 4893 1242 4972; baseline 0 -2"><span class='ocrx_word' id='word_1_267' title='bbox 645 4893 785 4970; x_wconf 88' lang='lat' dir='ltr'>hoc</span> <span class='ocrx_word' id='word_1_268' title='bbox 824 4897 983 4970; x_wconf 86' lang='lat' dir='ltr'>fieri</span> <span class='ocrx_word' id='word_1_269' title='bbox 1021 4908 1242 4972; x_wconf 80' lang='lat' dir='ltr'>vetat.</span> 
     </span>
    </p>
   </div>
   <div class='ocr_carea' id='block_1_10' title="bbox 1819 5000 2244 5087">
    <p class='ocr_par' dir='ltr' id='par_1_14' title="bbox 1819 5000 2244 5087">
     <span class='ocr_line' id='line_1_35' title="bbox 1819 5000 2244 5087; baseline 0.009 -4"><span class='ocrx_word' id='word_1_270' title='bbox 1819 5000 1970 5084; x_wconf 76' lang='lat' dir='ltr'>Ad</span> <span class='ocrx_word' id='word_1_271' title='bbox 2012 5004 2244 5087; x_wconf 72' lang='lat'><strong>826.</strong></span> 
     </span>
    </p>
   </div>
   <div class='ocr_carea' id='block_1_11' title="bbox 860 5144 3416 5248">
    <p class='ocr_par' dir='ltr' id='par_1_15' title="bbox 860 5144 3416 5248">
     <span class='ocr_line' id='line_1_36' title="bbox 860 5144 3416 5248; baseline 0 -24"><span class='ocrx_word' id='word_1_272' title='bbox 860 5144 1265 5224; x_wconf 84' lang='lat' dir='ltr'>Continuat</span> <span class='ocrx_word' id='word_1_273' title='bbox 1301 5147 1710 5226; x_wconf 87' lang='lat' dir='ltr'>Diodorus:</span> <span class='ocrx_word' id='word_1_274' title='bbox 1770 5150 1990 5226; x_wconf 84' lang='lat' dir='ltr'>Hanc</span> <span class='ocrx_word' id='word_1_275' title='bbox 2044 5149 2290 5248; x_wconf 86' lang='lat' dir='ltr'>legem</span> <span class='ocrx_word' id='word_1_276' title='bbox 2348 5176 2500 5226; x_wconf 92' lang='lat' dir='ltr'>non</span> <span class='ocrx_word' id='word_1_277' title='bbox 2548 5149 2822 5228; x_wconf 89' lang='lat' dir='ltr'>idcirco</span> <span class='ocrx_word' id='word_1_278' title='bbox 2861 5149 3268 5226; x_wconf 85' lang='lat' dir='ltr'>instituisse</span> <span class='ocrx_word' id='word_1_279' title='bbox 3305 5149 3416 5224; x_wconf 81' lang='lat' dir='ltr'>vi-</span> 
     </span>
    </p>
   </div>
  </div>
 </body>
</html>
