3725 5850
717 459 871 538 368
1798 481 1923 534 ms
1960 477 2401 534 prun-rum.

935 801 1027 876 Οἱ
1085 803 1381 891 ποιητοί
1441 793 1696 883 παῖδες
1753 800 2215 871 ἐπανελθεῖν
2270 799 2375 882 εἰς
2430 792 2573 873 τὸν
2629 793 2989 896 πατρῷον
3038 788 3268 870 οἶκον
3323 785 3477 869 οὔκ

717 931 858 1002 εἰσι
899 924 1202 1025 κύριοι,
1251 929 1323 1001 εἰ
1348 920 1456 1025 μὴ
1499 920 1773 1008 παῖδας
1829 925 2191 1026 γνησίους
2249 925 2753 997 καταλίποιεν
2805 929 2889 998 ἐν
2945 919 3055 1020 τῷ
3099 919 3299 1019 οἴκῳ
3335 916 3475 994 τοῦ

717 1057 1250 1152 ποιησαμένου.
1467 1052 2040 1153 (Harpocratioz
2099 1041 2215 1121 ὅτι
2258 1049 2331 1122 οἱ
2372 1051 2695 1140 ποιητοί.
2756 1045 3051 1127 Solonis
3088 1050 3274 1140 lex.)

2008 1210 2232 1286 1431.

931 1341 1286 1444 Adoptivi
1345 1341 1476 1416 filii
1533 1339 1804 1415 reverti
1859 1339 1940 1413 in
1998 1347 2393 1438 paternam
2448 1336 2751 1412 domum
2797 1337 2923 1437 jus
2973 1362 3128 1411 non
3166 1333 3479 1430 habent,

717 1468 858 1544 nisi
893 1469 1262 1568 genuinos
1299 1465 1574 1542 liberos
1613 1464 2123 1565 relinquerent
2149 1463 2229 1537 in
2256 1463 2477 1538 domo
2499 1464 2659 1563 ejus
2680 1463 2804 1562 qui
2826 1488 2952 1538 eos
2976 1462 3481 1563 adoptaverat.

937 1747 1051 1828 Οὐ
1097 1749 1434 1839 δίκαιον,
1494 1744 1814 1838 ποιητὸν
1849 1743 2030 1822 υἱὸν
2069 1751 2363 1844 ἑτέρους
2400 1742 2761 1848 εἰσάγειν,
2822 1742 2987 1821 ἀλλ’
3028 1747 3481 1850 ἐγκαταλεί-

723 1907 890 1953 πειν
919 1880 1068 1976 μὲν
1105 1881 1652 1980 γιγνομένους,
1713 1869 1907 1949 ὅταν
1946 1871 2023 1949 δὲ
2065 1871 2273 1948 τοῦτ’
2314 1877 2693 1968 ἐπιλείπῃ,
2750 1884 2909 1960 τοῖς
2948 1878 3246 1976 γένεσιν
3282 1868 3483 1948 οἷπο-

725 2001 1025 2080 διδὸναι
1063 1999 1202 2088 τοὶς
1239 2004 1775 2100 κληρονομίας.
1925 2003 2349 2097 (Demosth.
2390 2004 2557 2079 adv,
2598 2003 2956 2079 Leochar.
3001 2003 3291 2095 1099.)-

2001 2169 2038 2242 1
2054 2169 2231 2244 432.

934 2297 1105 2372 Non
1144 2307 1257 2374 est
1293 2323 1610 2397 aequum
1651 2323 1842 2391 eum,
1885 2297 2011 2395 qui
2045 2307 2157 2371 est
2194 2293 2590 2396 adoptivus
2631 2295 2846 2393 filius,
2892 2295 3241 2373 inducere
3285 2298 3489 2390 alios,

723 2423 852 2498 sed
891 2421 1303 2522 relinquere
1345 2449 1383 2497 e
1423 2449 1500 2498 se
1541 2433 1792 2518 natOS,
1853 2423 1970 2497 sin
2028 2432 2277 2497 autem
2332 2420 2474 2497 hoc
2535 2423 2931 2518 defecerit,
2991 2425 3330 2523 cognatis
3368 2425 3490 2499 he-

721 2547 1072 2622 reditates
1113 2548 1416 2625 restitui.

2013 2655 2040 2728 1
2058 2655 2235 2730 433.

943 2783 1120 2864 Τοῖς
1160 2784 1594 2868 ποιηθεῖσιν
1635 2773 1792 2852 οὐκ
1834 2771 2011 2868 ἐξὸν
2063 2775 2526 2866 διαθέσθαι,
2586 2773 2783 2852 ἀλλὰ
2828 2776 3114 2870 ζῶντας
3152 2785 3492 2884 ἐγκατα-

724 2899 1083 2990 λιπόντας
1122 2899 1297 2979 υἱόν
1335 2901 1650 3007 γνήσιον
1688 2907 2104 2993 ἐπανιέναι,
2150 2897 2196 2995 ἢ
2230 2901 2818 2995 τελευτήσαντας
2858 2901 3315 2983 ἀποδιδόναι
3357 2903 3495 2998 τήν

724 3032 1259 3127 κληρονομίαν
1293 3041 1452 3119 τοῖς
1489 3038 1567 3121 ἐξ
1609 3026 1845 3126 ἀρχῆς
1886 3034 2208 3116 οἰκείοις
2249 3022 2422 3105 οὖσι
2462 3026 2604 3105 τοῦ
2646 3039 3182 3132 ποιησαμένου.

1359 3159 1783 3253 (Demosth.
1825 3158 1994 3235 adv.
2035 3157 2394 3235 Leochar.
2443 3158 2667 3234 1100.
2726 3160 2887 3237 Lex
2927 3160 3283 3254 Solonis)

2062 3320 2235 3397 433.

940 3430 1337 3531 Adoptatis
1395 3456 1545 3505 non
1602 3428 1775 3504 licet
1830 3318 2365 3505 testa1mentum
2421 3426 2708 3525 faeere,
2770 3429 2900 3505 sed
2950 3431 3331 3524 viventes3
3386 3457 3497 3508 re-

725 3557 898 3633 licto
935 3555 1254 3632 naturali
1292 3555 1482 3650 filio,
1546 3562 1841 3654 oportet
1878 3554 2119 3630 redire
2158 3554 2253 3629 ad
2292 3582 2505 3632 suam
2544 3555 2945 3651 familiam,
2998 3569 3128 3633 aut
3164 3568 3495 3633 mortuos

728 3682 1034 3758 reddere
1075 3680 1563 3755 hereditatem
1600 3679 1857 3781 primis
1898 3680 2240 3777 cognatis
2282 3680 2479 3779 erS,
2540 3680 2665 3779 qui
2703 3680 3213 3781 adoptaverat.

1996 3843 2223 3917 1434.

950 3940 1226 4031 Οὐδεὶς
1279 3940 1590 4063 πώποτεὶ
1633 3950 2039 4037 ἐκποίητος
2095 3944 2505 4051 γενόμενος
2560 3954 3028 4047 κληρονομεῖ
3076 3948 3221 4024 τοῦ
3264 3949 3499 4024 οἴκου

604 4096 616 4104 ·
732 4066 930 4146 ὅθεν
967 4066 1372 4163 ἐξεποιήθη
1395 4128 1414 4158 ,
1475 4068 1614 4148 ἐὰν
1641 4068 1747 4169 μὴ
1789 4076 2175 4168 ἐπανέλθῃ
2212 4071 2417 4147 κατά
2455 4070 2600 4152 τὸν
2635 4071 2907 4171 νόμον.

1930 4204 2227 4294 (Isaeus
2269 4203 2363 4279 de
2402 4202 2773 4305 Astyphil.
2814 4202 2967 4281 her.
3010 4198 3075 4303 ξ.
3118 4203 3283 4294 33.)

2008 4364 2237 4439 1434.

947 4470 1187 4545 Nemo
1249 4496 1576 4570 unquam
1635 4468 1957 4547 alienam
2007 4472 2086 4547 in
2125 4472 2425 4547 domum
2465 4472 2973 4573 emancipatus
3012 4470 3503 4550 hereditatem

732 4591 928 4669 illius
986 4594 1248 4668 domus
1295 4594 1490 4689 adit,
1551 4594 1747 4669 unde
1803 4608 1915 4669 est
1976 4598 2527 4698 emancipatus,
2590 4596 2731 4674 nisi
2772 4623 2811 4671 e
2850 4599 3170 4675 formula
3193 4600 3389 4700 juris
3428 4600 3501 4673 in

732 4719 1249 4819 primigeniam
1295 4718 1596 4797 domum
1633 4719 1954 4797 redierit.

937 4942 1136 5024 Ἐἀν
1190 4954 1673 5049 ποιησαμένῳ
1730 4948 1986 5038 παῖδες
2064 4960 2599 5057 ἐπιγένωνται,
2677 4951 2766 5029 τὸ
2834 4960 3064 5054 μέρος
3140 4952 3503 5054 ἑκάτερον

737 5076 941 5171 ἔχειν
979 5074 1108 5165 τῆς
1149 5072 1418 5163 οὐσίας
1456 5082 1591 5151 καὶ
1642 5080 2157 5176 κληρονομεῖν
2194 5071 2481 5177 ὁμοίως
2520 5077 3019 5180 ἀμφοτέρους.

1874 5210 2169 5300 (Isaeus
2208 5209 2303 5289 de
2342 5209 2778 5289 Philoctem.
2817 5210 2971 5289 her.
3014 5206 3081 5311 ξ.
3126 5213 3291 5303 63.)
