3725 5850
1056 478 1675 533 commum-Amos
1714 478 1819 527 Αυ
1860 475 1986 531 644.
2027 474 2152 529 647.
2193 474 2319 531 646.
2907 450 3060 529 499

282 669 697 749 brabantur
753 672 869 749 die
932 673 1114 746 16-0
1173 670 1826 771 Elaphebolionis3
1895 671 2294 747 intercedit
2349 696 2528 769 ergo
2586 669 3064 747 intervallum

278 798 515 873 multo
569 799 889 899 plurium
946 825 1169 899 quam
1230 798 1557 897 quinque
1619 799 1907 873 dierum
1963 826 2008 874 a
2069 798 2251 871 16-0
2292 796 2910 897 Elaphebolionis
2967 795 3062 871 ad

273 921 664 999 ineuntem
701 938 1129 1025 sequentem
1168 950 1496 999 mensem
1537 924 2144 1024 Munychionem.

494 1065 838 1166 Denique
880 1065 1283 1141 creditores
1324 1065 1695 1143 tricesima
1737 1068 2012 1143 mensis
2053 1067 2216 1161 die,
2259 1067 2321 1141 si
2361 1076 2539 1141 tunc
2579 1064 2874 1141 debitor
2909 1062 3063 1139 foe-

276 1214 420 1263 nus
458 1216 612 1263 non
650 1191 1035 1284 solvisset,
1078 1216 1249 1266 eum
1285 1189 1359 1263 in
1391 1188 1515 1288 jus
1553 1193 1964 1275 vocabant,
2025 1202 2108 1265 ut
2145 1191 2382 1290 liquet
2419 1217 2458 1265 e
2499 1189 2728 1266 schol.
2772 1189 2863 1265 ad
2903 1184 3065 1265 Ari-

278 1312 623 1413 stophan.
665 1315 941 1392 Nubes
990 1314 1235 1387 1179:
1292 1306 1427 1397 τὰς
1466 1309 1763 1402 κλήσεις
1802 1310 1960 1387 τῶν
1998 1310 2248 1385 δικῶν
2296 1315 2620 1408 (scilicet
2657 1314 2934 1405 mutui)
2976 1308 3064 1405 τῇ

275 1434 639 1533 τριακάδι
688 1441 1047 1541 γίνεσθαι
1074 1495 1092 1525 ,
1156 1430 1357 1523 ὅπως
1398 1428 1440 1511 ὁ
1482 1442 1801 1527 κληθεὶς
1854 1442 1958 1523 εἰς
1999 1436 2230 1529 δίκη-ν
2269 1439 2408 1534 &yn
2451 1432 2638 1526 ὅλην
2673 1433 2816 1528 τὴν
2853 1465 3070 1537 τρια-

278 1558 489 1635 κὰδα
546 1566 652 1648 εἰς
708 1558 797 1637 τὸ
858 1567 1307 1663 σκέψασθαι
1364 1558 1457 1635 τὰ
1516 1568 1683 1660 περὶ
1741 1564 2068 1651 ἑαυτοῦ,
2130 1558 2317 1637 ὥστε
2367 1570 2451 1637 ἐν
2487 1558 2755 1659 ταύτῷ
2793 1556 3065 1635 καὶτὰ

280 1698 696 1785 πρυτανεῖα
740 1694 994 1763 θεῖναι
1035 1694 1121 1763 ἐν
1162 1686 1271 1786 τῷ
1312 1685 1678 1787 δημοσίῳ.

1466 1921 1620 2005 Aa
1660 1923 1894 2005 044.

498 2084 746 2163 Schol.
802 2089 879 2162 in
936 2087 1414 2190 Aristophan.
1474 2090 1721 2187 Equit.
1784 2084 1982 2161 969:
2029 2079 2400 2160 Ἐπειδὰν
2449 2089 2766 2187 γυναικὶ
2807 2089 3072 2177 ἐπιφέ-

284 2236 500 2305 ρηται
539 2211 929 2313 ἔγκλημα,
994 2205 1200 2286 οὕτω
1259 2216 1825 2311 προκαλεῖσθαι
1880 2216 1964 2285 ἐν
2002 2209 2111 2308 τῷ
2153 2207 2660 2310 δικαστηρίῳ·
2724 2203 2816 2313 ,ἦ
2859 2209 3074 2286 δεῖνα

285 2340 423 2407 καὶ
467 2326 510 2409 ὁ
552 2333 862 2433 κύριος,
922 2343 1311 2411 τουτέστιν
1352 2328 1395 2411 ὃ
1438 2333 1707 2435 ἀνήρα.
1770 2339 2062 2431 (Quum
2101 2339 2366 2414 mulier
2406 2340 2734 2415 criminis
2770 2364 3070 2416 accusa-

284 2473 442 2559 tur,
503 2464 611 2539 sic
666 2477 977 2540 vocetur
1033 2467 1108 2540 in
1158 2464 1574 2565 judicium:
1678 2445 1910 2561 „haec
1971 2476 2044 2539 et
2101 2465 2488 2560 dominus,
2548 2464 2690 2541 hoc
2749 2477 2899 2560 est,
2960 2465 3074 2539 vir

288 2588 569 2687 ejus.“)

1472 2713 1623 2796 Ad
1662 2714 1895 2795 047.

505 2874 841 2978 Sauppio
878 2878 1129 2955 verbis
1170 2872 1353 2976 πρὸς
1390 2872 1535 2967 τὴν
1562 2871 1823 2970 φυλὴν
1861 2879 1953 2955 de
1995 2878 2340 2954 diaetetis
2383 2876 2698 2980 publicis
2735 2875 3073 2976 cogitan-

290 2999 468 3074 dum
528 3027 685 3076 esse
740 3003 1078 3098 videtur,
1138 3032 1321 3104 quos
1381 3031 1472 3084 ex
1530 3007 1896 3081 universis
1938 3004 2520 3082 Atheniensibus
2578 3006 2854 3080 electos
2911 3027 3070 3078 esse

290 3136 620 3222 constat,
668 3153 835 3203 cum
874 3156 1055 3205 vero
1095 3131 1312 3207 electi
1351 3143 1619 3225 essent,
1661 3134 1926 3231 cuique
1967 3132 2189 3206 tribui
2232 3131 2617 3208 sortitione
2657 3155 2832 3205 suos
2872 3128 3071 3205 diae·

290 3263 483 3328 tetas
524 3254 943 3349 assignatos
981 3280 1143 3332 esse
1181 3258 1493 3358 conjicit.

1470 3486 1620 3569 Ad
1667 3487 1900 3568 040.

907 3653 1370 3730 Formula
1422 3652 1759 3728 libelli
1817 3650 2460 3726 accusatorii.

518 3789 716 3868 Τάδε
764 3792 1158 3898 ἐγράψατο
1214 3798 1351 3868 καὶ
1410 3789 1914 3891 ἀντωμόσατο
1959 3798 2289 3878 Mimos
2332 3793 2684 3866 Μελίτου
2725 3785 3076 3874 Πιτθεύς

294 3917 699 4020 Σωκράτει
762 3923 1341 4020 Σωφρονίσκου
1406 3915 2009 4010 Ἀλωπεκῆθεν,
2093 3915 2352 3994 ἀδικεῖ
2404 3913 2864 4016 Σωκράτης,
2939 3905 3109 3998 οὓς·

288 4050 437 4144 μὲν
474 4039 517 4137 ἦ
560 4044 774 4133 πόλις
814 4050 1109 4148 νομίζει
1154 4042 1391 4144 θεούς
1449 4041 1540 4122 αὐ
1606 4047 1995 4144 νομίζων,
2059 4050 2272 4142 ἕτερα
2312 4040 2388 4118 δὲ·
2428 4039 2666 4117 καινοὶ
2711 4036 3074 4141 δαιμόνια

270 4171 879 4277 εἰσηγούμενος·
953 4170 1213 4248 ἀδικεῖ
1286 4169 1363 4246 δὲ
1438 4176 1575 4246 καὶ
1652 4167 1835 4255 τούς
1911 4173 2126 4256 νέους
2203 4167 2726 4271 διαφθείρων·
2787 4169 3074 4268 τίμημα

232 4356 243 4368 ,
306 4297 663 4386 θάνατος.
1398 4287 1403 4290 ’

514 4428 871 4526 (Diogen.
915 4427 1158 4504 Laert.
1199 4428 1295 4520 II,
1335 4427 1504 4519 40.)

510 4569 597 4648 Id
638 4580 787 4646 est:
826 4569 1046 4647 Hanc
1084 4570 1633 4646 accusationem
1672 4567 1940 4646 detulit
1977 4578 2054 4643 et
2078 4567 2564 4668 jurejurando
2603 4565 3080 4641 confirmavit

302 4695 617 4774 Meletus
654 4695 910 4773 Meleti
968 4695 1164 4771 filius
1220 4693 1671 4772 Pittheensis
1734 4691 2092 4768 adversus
2149 4689 2537 4768 Socratem
2594 4689 3076 4794 Sophronisci

302 4822 539 4898 filium
574 4821 1161 4922 Alopecensem:
1207 4823 1384 4921 jura
1440 4819 1671 4896 violat
1711 4819 2098 4914 Socrates,
2160 4845 2345 4918 quos
2385 4843 2425 4893 e
2463 4819 2832 4918 majorum
2867 4816 3077 4891 insti-

307 4959 463 5024 tuto
522 4947 851 5048 suscepit
904 4945 1165 5022 civitas
1223 4947 1402 5024 deos
1462 4971 1622 5022 esse
1662 4971 1990 5045 negans,
2047 4944 2196 5020 alia
2229 4969 2412 5020 vero
2449 4969 2652 5019 nova
2687 4940 3080 5017 daemonia

304 5075 687 5171 inducens,
728 5081 1132 5171 contraque
1163 5073 1289 5171 jus
1328 5083 1405 5147 et
1441 5071 1553 5146 fas
1578 5071 1900 5170 juvenes
1937 5071 2366 5170 corrumpit.
2421 5069 2676 5144 Poena
2711 5067 2816 5142 illi
2855 5091 3078 5142 mors,

516 5217 629 5294 Of.
668 5217 1055 5298 Demosth.
1090 5215 1191 5294 de
1228 5241 1527 5292 corona.
1563 5216 1744 5292 243.

2519 5335 2650 5402 32*
