3725 5850
675 379 836 475 Qoe
1769 403 1894 456 ms
1931 400 2353 458 Punmcun.

1962 591 2143 669 828.

889 737 1224 842 Populus
1273 737 1650 839 suffragiis
1707 737 2045 818 decernit
2066 795 2085 834 ,
2142 764 2243 816 an
2278 739 2797 820 ostracismum
2830 761 3181 822 exercere
3218 737 3445 836 velit3

674 866 872 971 quod
907 870 971 945 si
1009 880 1363 946 statutum
1399 867 1622 943 fuerit
1642 925 1660 962 ,
1719 867 1883 942 foro
1940 867 2293 944 cancellis
2350 868 2849 972 circumsepto
2906 869 3168 945 decem
3214 865 3450 944 relin-

673 1005 998 1095 quuntur
1032 994 1320 1087 aditus,
1375 975 1734 1093 pen-‘quos
1771 991 2111 1068 tributim
2154 991 2661 1090 ingredientes
2699 995 3140 1070 testularum
3176 991 3443 1068 suffra·

672 1122 800 1220 gia
835 1121 1119 1212 ferunt,
1167 1143 1442 1194 nomen
1479 1115 1917 1217 inscriptum
1955 1127 2405 1194 avertentes.
2480 1117 2849 1196 Praesunt
2884 1143 3064 1194 vero
3100 1116 3275 1194 huic
3312 1141 3441 1192 ne-

672 1248 880 1346 gotio
917 1271 1191 1322 novem
1229 1242 1620 1320 archontes
1657 1251 1734 1318 et
1767 1254 2095 1318 senatus.
2174 1241 2499 1320 Testulis
2558 1245 2999 1345 computatis
3054 1243 3117 1320 is
3142 1299 3161 1336 ‚
3216 1267 3439 1342 quem

673 1372 1028 1473 pleraque
1067 1367 1428 1466 suffragia
1463 1376 1540 1442 et
1577 1365 1877 1467 quidem
1934 1393 2087 1444 non
2142 1371 2501 1469 pauciora
2554 1395 2687 1447 sex
2724 1370 3055 1447 millibus
3096 1368 3437 1466 designa-

673 1497 956 1590 verint,
1014 1494 1284 1570 debeat
1320 1493 1513 1567 intra
1547 1491 1915 1568 decimum
1952 1491 2151 1566 diem
2186 1493 2375 1569 urbe
2426 1493 2808 1572 excedere.
2884 1490 3035 1570 Sed
3075 1492 3135 1568 si
3176 1492 3437 1568 suffra-

672 1622 800 1720 gia
839 1646 990 1697 non
1031 1620 1307 1696 fuerint
1340 1645 1470 1694 sex
1511 1618 1782 1712 millia,
1839 1643 1935 1693 ne
1974 1615 2243 1693 debeat
2280 1619 2665 1696 excedere.

1858 1877 2087 1990 Μέρος
2134 1901 2247 1982 ιζ’.

1627 2023 2094 2090 Φονικαὶ
2172 2023 2499 2092 δίκαι.

1954 2175 2163 2186 .............

1863 2258 2079 2325 Pars
2146 2259 2250 2325 17.

1251 2383 1486 2450 Litis
1551 2385 1698 2450 via
1761 2387 1846 2449 in
1911 2385 2216 2450 causis
2280 2384 2869 2476 capitalibus.

1975 2549 2155 2626 829.

889 2693 1298 2795 Εἵργονται
1355 2688 1577 2789 ἱερῶν
1631 2694 1768 2765 καί
1825 2686 2113 2793 ἀγορᾶς
2168 2691 2245 2765 οἱ
2300 2697 2391 2768 ἐν
2431 2695 2855 2796 κατηγορίᾳ
2894 2689 3193 2790 φόνου,
3252 2683 3437 2790 ἄχρι

677 2821 1028 2914 κρίσεως·
1084 2822 1224 2892 καὶ
1261 2814 1499 2892 τοῦτο
1547 2813 2093 2919 προαγόρευσις
2124 2820 2496 2896 καλεῖται.

1976 3054 2131 3129 829
2466 2946 2778 3040 (Pollux
2815 2945 3023 3043 VIII,
3062 2946 3229 3039 66.)

891 3177 1262 3259 Arcentur
1316 3204 1362 3257 a
1415 3180 1644 3257 sacris
1699 3189 1775 3254 et
1831 3180 2035 3269 foro,
2092 3180 2221 3280 qui
2274 3180 2353 3257 in
2409 3178 2654 3258 caedis
2710 3180 3185 3257 accusatione
3232 3189 3435 3272 sunt,

679 3330 910 3404 usque
951 3304 1043 3380 ad
1069 3303 1330 3403 judicii
1366 3304 1604 3399 diem;
1659 3314 1738 3381 et
1773 3301 1915 3379 hoc
1951 3304 2369 3381 interdictio
2408 3316 2740 3383 vocatur.

1974 3465 2154 3542 830.

897 3608 1316 3703 Προειπεῒν
1373 3602 1480 3709 τῷ
1535 3610 1929 3685 κτείναντι
1984 3612 2071 3683 ἐν
2126 3598 2380 3710 ἀγορᾷ
2450 3602 2669 3695 ἐντὸς
2732 3603 3239 3711 ἀνεψιότητος
3306 3609 3435 3680 καὶ

683 3722 1059 3831 ἀνεψιούς
1096 3735 1232 3805 καὶ
1275 3726 1790 3833 ἀνεψιαδοῦς,
1851 3729 2311 3807 συνδιώκειν
2366 3729 2442 3805 δὲ
2492 3738 2631 3808 καὶ
2672 3729 3048 3835 ἀνεψιούς
3086 3739 3221 3809 καὶ
3262 3726 3438 3808 ἀνε-

681 3856 892 3959 ψιῶν
929 3852 1205 3943 παῖδας
1241 3860 1377 3931 καὶ
1417 3854 1817 3959 γαμβροὺς
1854 3863 1993 3931 καὶ
2032 3854 2460 3957 πενθερούς
2507 3864 2645 3934 καὶ
2702 3856 3129 3958 φράτορας·
3192 3856 3331 3934 ἑάν
3368 3856 3439 3933 δὲ

681 3980 1137 4057 αἰδέσασθαι
1177 3978 1345 4079 δέῃ,
1405 3977 1546 4057 ἐὰν
1591 3984 1739 4078 μὲν
1795 3978 2042 4079 πατὴρ
2094 3974 2142 4081 ᾖ
2182 3976 2227 4074 ἢ
2266 3978 2601 4078 ἀδελφὸς
2642 3978 2689 4075 ἢ
2726 3985 2952 4073 υἱεῖς,
3012 3981 3298 4074 πάντας
3318 4042 3341 4075 ,
3396 3976 3443 4073 ἢ

681 4104 825 4185 τὸν
858 4104 1268 4182 κωλύοντα
1308 4117 1662 4206 κρατεῖν·
1720 4102 1860 4183 ἐὰν
1900 4104 1978 4181 δὲ
2018 4106 2319 4189 τούτων
2346 4105 2606 4206 μηδεὶς
2642 4100 2723 4205 ᾖ,
2783 4112 3049 4207 κτείνῃ
3088 4104 3159 4184 δ’
3198 4102 3441 4197 ἄκων,

681 4230 917 4337 γνῶσι
978 4230 1045 4305 δ’
1103 4234 1176 4309 οἱ
1233 4232 1710 4324 πεντήκοντα
1768 4237 1906 4306 καὶ
1962 4226 2100 4321 εἷς,
2162 4228 2209 4323 ἢ
2266 4236 2338 4307 οἱ
2396 4240 2701 4329 ἐφέται,
2762 4228 3067 4309 ἄκοντα
3105 4246 3440 4323 κτεῖναι,

684 4356 1272 4436 ἁῖδεσάσθωσαν
1310 4361 1382 4433 οἱ
1423 4356 1793 4458 φράτορες
1819 4416 1836 4447 ,
1898 4352 2038 4434 ἐάν
2082 4362 2355 4433 θέλωσι
2396 4356 2603 4435 δέκα.
2673 4356 3016 4448 Τούτους
3055 4356 3125 4434 δ’
3147 4361 3222 4443 οἵ
3261 4391 3437 4437 πεν-

682 4480 1020 4585 τήκοντα
1058 4490 1196 4559 καὶ
1236 4478 1338 4570 εἷς
1377 4478 1820 4581 ἀριστίνδην
1857 4484 2294 4582 αἱρείσθων.
2374 4488 2523 4559 Καὶ
2564 4486 2633 4559 οἳ
2678 4482 3045 4585 πρότερον
3083 4490 3444 4567 κτείναν-

685 4639 800 4697 τες
837 4616 921 4684 ἐν
956 4606 1152 4709 τῷδε
1190 4604 1298 4706 τῷ
1343 4606 1605 4707 θεσμῷ
1645 4612 2101 4703 ἐνεχέσθων.

1946 4716 2370 4811 (Demosth.
2413 4716 2579 4795 adV.
2621 4718 2925 4798 Macart.
2968 4722 3235 4815 1069.)

1979 4883 2156 4961 830.

899 5006 1358 5086 Interdicant
1411 5010 1947 5111 proclamando
2008 5010 2087 5085 in
2144 5012 2305 5087 foro
2340 4990 2797 5089 interfectori
2835 5010 3033 5089 intra
3068 5012 3442 5093 consobri-

685 5137 996 5215 nitatem
1033 5146 1110 5215 et
1143 5134 1566 5213 consobrini
1603 5148 1679 5213 et
1715 5136 2038 5231 sobrini,
2094 5162 2243 5213 una
2278 5148 2528 5213 autem
2564 5134 3106 5239 persequantur
3142 5115 3439 5217 homici-
