3725 5850
715 398 870 481 49⁶
1395 422 2009 480 commem-Amos
2048 425 2152 475 An
2192 420 2321 479 επ.
2362 420 2487 479 ⁶29.
2526 420 2651 481 sao.
2690 419 2823 481 6³2,

1885 612 2036 697 Ad
2077 612 2309 696 02⁷.

926 780 1192 859 Pollux
1229 780 1438 873 VIII,
1484 780 1674 859 ¹26:
1720 776 1815 850 Οἱ
1854 772 2315 854 ναυτοδίκαι
2357 766 2572 867 ἦσαν,
2614 778 2687 852 οἱ
2725 774 2861 865 τοὶς
2899 774 3029 870 τῆς
3066 783 3311 870 ξενίας
3353 776 3470 853 δι’·

711 930 856 989 κας
893 901 1339 1007 εἰσάγοντες.
1403 902 1902 998 (Nautodicae
1941 904 2515 981 introducebant
2538 907 3110 1008 peregrinitatis
3152 910 3471 998 causas.)

923 1050 1378 1152 Hesychius:
1441 1040 1924 1119 Ναυτοδίκαι
1950 1100 1971 1133 ,
2031 1046 2105 1118 οἱ
2144 1050 2265 1121 ἐπὶ
2306 1044 2446 1121 τοῦ
2486 1050 2863 1145 ἐμπορίου
2904 1043 3304 1137 δικασταὶ,
3354 1052 3472 1141 ἐφ’

707 1158 818 1247 ὧν
855 1178 992 1247 καὶ
1033 1176 1108 1247 αὶ
1149 1171 1276 1263 τῆς
1331 1176 1586 1263 ξενίας
1641 1174 2042 1269 κρίνονται
2106 1168 2341 1246 δίκαι.
2410 1175 2918 1269 (Nautodicae
2972 1188 3145 1253 sunt
3189 1175 3473 1277 judices

706 1312 1159 1376 mercaturae
1181 1356 1200 1393 ,
1239 1299 1438 1402 apud
1478 1324 1661 1398 quos
1701 1299 1923 1375 etiam
1959 1298 2511 1399 peregrinitatis
2551 1324 2816 1376 causae
2843 1298 3339 1401 judicantur.)

923 1442 1224 1519 Bekker
1261 1439 1540 1521 Aneod.
1579 1468 1686 1541 gr.
1726 1442 1784 1517 I.
1838 1466 1909 1542 p.
1950 1440 2143 1515 283:
2204 1436 2685 1513 Ναυτοδίκαι
2728 1430 3098 1537 ἄρχοντές
3138 1440 3279 1513 εἰσι
3320 1447 3473 1524 τοῖς

707 1561 1169 1665 ναυκλήροις
1227 1561 1619 1657 δικάζοτες
1671 1567 1812 1637 καὶ
1849 1572 2008 1650 τοῖς
2047 1568 2210 1661 περὶ
2247 1558 2337 1637 τὸ
2380 1560 2752 1663 ἐμπόριον
2787 1561 3157 1669 ἐργάταις.
3236 1568 3469 1662 (Nau-

705 1692 993 1770 todicae
1051 1702 1222 1769 sunt
1268 1693 1783 1793 magistratus,
1843 1690 1969 1789 qui
2025 1690 2102 1765 in
2160 1691 2383 1766 rebus
2439 1692 3062 1768 naviculariorum
3103 1704 3178 1768 et
3217 1719 3470 1795 opera·

707 1817 984 1894 riorum
1020 1817 1627 1894 mercatoriorum
1659 1815 2071 1916 judicant.)

722 1928 730 1933 ’
921 1943 1186 2023 Aetate
1241 1940 1768 2020 Demosthenis
1809 1940 1967 2040 jam
2024 1940 2321 2039 aboliti;
2378 1966 2633 2018 eorum
2688 1968 2865 2019 vero
2906 1943 3203 2039 agenda
3240 1942 3467 2017 Thes-

705 2068 1050 2145 mothetis
1089 2066 1362 2143 tradita
1399 2067 1713 2143 fuerant.

1878 2220 2029 2305 Ad
2070 2224 2301 2305 029.

915 2389 1099 2465 Illae
1133 2400 1384 2465 tamen
1422 2401 1909 2466 mercatorum
1946 2392 2134 2484 lites,
2177 2415 2365 2489 quae
2403 2391 2643 2489 ipsum
2668 2388 2796 2489 jus
2832 2389 3279 2487 litigantium
3317 2414 3463 2462 non

705 2523 948 2588 autem
987 2512 1362 2613 publicam
1400 2514 1815 2591 attinebant
1852 2517 2396 2605 oeconomiam,
2439 2516 2639 2617 prius
2679 2514 2751 2589 N
2752 2512 3283 2607 autodicarum,
3322 2522 3463 2587 tar·

705 2636 868 2713 dius
905 2636 1604 2716 Thesmothetarum
1641 2640 1938 2717 fuerant
1965 2640 2460 2741 jurisdictioni
2498 2640 2898 2740 subjectae.

918 2758 1032 2839 Of.
1071 2762 1669 2864 Disputationem
1719 2764 1780 2841 B
1805 2790 1917 2839 au
1940 2776 2183 2841 msta
2206 2764 2443 2858 rkii,
2505 2762 2613 2838 De
2654 2762 3119 2839 curatoribus
3162 2761 3463 2863 emporii

703 2896 779 2964 et
816 2883 1225 2965 nautodicis
1263 2884 1463 2990 apud
1505 2884 2014 2968 Athenienses.
2072 2888 2465 2988 (Friburgi
2506 2886 2776 2981 1828.)

1871 3100 2022 3185 Ad
2066 3101 2296 3184 030.

913 3263 1162 3342 Photii
1217 3263 1360 3342 lex.
1415 3266 1646 3344 rhet.:
1730 3265 1824 3341 Οἳ
1881 3261 2012 3352 τοὶς
2066 3259 2413 3350 εὐθύνας
2472 3259 2812 3349 διδόντες
2886 3256 3087 3360 παρὰ
3164 3255 3463 3344 τούτοις

702 3379 1256 3486 ἇνακρίνονται
1303 3385 1650 3487 πρῶτον,
1708 3385 1869 3464 εἶτα
1926 3392 2265 3484 ἐφίενται
2312 3391 2420 3477 εἰς
2455 3385 2544 3463 τὸ
2586 3384 3125 3486 δικαστήριον,
3186 3387 3295 3471 εἰς
3332 3390 3460 3460 ἕνα

700 3519 839 3588 καὶ
878 3516 1426 3592 πεντακοσίων.
1483 3516 1670 3611 (Qui
1707 3517 2032 3593 rationes
2071 3517 2416 3612 reddunt,
2455 3517 2777 3618 primum
2816 3515 3016 3616 apud
3054 3513 3225 3608 hos,
3264 3539 3457 3589 nem·

699 3669 798 3744 pe
834 3641 1185 3741 legistas,
1242 3640 1739 3742 dijudicantur
1762 3700 1781 3737 ,
1839 3639 2107 3720 deinde
2166 3641 2555 3718 mittuntur
2606 3641 2699 3718 ad
2723 3639 3087 3743 judicium
3131 3638 3351 3716 unius
3394 3649 3465 3714 et

701 3766 1340 3868 quingentorum.)
2574 3860 2583 3868 ·

911 3889 1214 3969 Bekker
1251 3892 1531 3972 Anecd.
1570 3917 1680 3992 gr.
1719 3895 1778 3972 Ι.
1818 3921 1889 3996 p.
1930 3894 2125 3968 245:
2184 3881 2314 3966 Εὖ
2344 3887 2470 3966 θύ
2496 3918 2610 3966 να
2635 3921 2715 3978 ς.·
2770 3892 3052 3988 κυρίως
3109 3879 3199 3976 ἃς
3250 3885 3462 3964 εἰσά-

700 4038 976 4119 γουσιν
1029 4016 1101 4090 οἱ
1160 4020 1507 4120 λογισταί
1565 4012 1748 4116 πρὸς
1799 4013 1985 4103 τούς
2044 4011 2411 4108 δόξαντας
2439 4011 2845 4116 μὴ’ὀρθῶς
2882 4007 3108 4116 ἄρξαι
3150 4014 3280 4108 τῆς
3318 4011 3457 4089 πό-

701 4146 887 4227 λεως
944 4133 992 4231 ἢ
1045 4140 1498 4242 πρεσβεῦσαι
1555 4137 1861 4231 κακῶς,
1932 4147 2071 4216 καὶ
2126 4138 2219 4216 τοὶ
2282 4137 2728 4241 δικαστήρια
2776 4143 2927 4239 μὲν
2984 4142 3056 4216 οἱ
3115 4143 3459 4245 λογισταί

702 4263 1068 4366 κληροῦσι
1095 4324 1116 4357 ,
1173 4277 1586 4372 κατηγορεῖ
1638 4266 1714 4344 δὲ
1773 4258 1818 4344 ὅ
1863 4265 2359 4368 βουλόμενος.
2430 4270 2861 4370 (Euthynas
2899 4271 3203 4372 proprie
3240 4270 3457 4344 intro-

703 4393 983 4471 ducunt
1019 4395 1332 4496 logistae
1371 4407 1632 4474 contra
1665 4393 1871 4494 illos,
1930 4397 2056 4496 qui
2110 4395 2649 4496 rempublicam
2704 4420 2858 4471 non
2913 4405 3115 4471 recte
3154 4391 3457 4468 admini-

700 4531 976 4598 strasse
1015 4520 1137 4597 vel
1172 4520 1630 4622 legationem
1666 4521 1859 4597 male
1898 4521 2227 4620 gessisse
2284 4520 2425 4596 visi
2478 4519 2795 4615 fuerint3
2853 4529 2928 4595 et
2953 4516 3235 4620 judicia
3268 4528 3457 4594 sorte

701 4643 1162 4722 constituunt
1198 4645 1515 4746 logistae
1539 4700 1561 4736 ,
1600 4656 1897 4724 accusat
1934 4673 2151 4740 ver0,
2194 4644 2319 4745 qui
2361 4642 2737 4737 voluerit.)

1873 4854 2024 4938 Ad
2063 4855 2294 4938 032.

912 5021 1307 5124 Inscriptio
1364 5019 1564 5123 apud
1617 5023 2037 5101 Bockhium
2109 5019 2591 5115 (Staatsh.
2650 5021 2720 5098 d.
2780 5019 3120 5102 Athen.
3178 5019 3269 5096 T.
3324 5016 3446 5098 ΠΙ.

700 5173 772 5252 p.
833 5148 986 5224 534
1044 5173 1137 5225 ex
1191 5147 1492 5250 Olymp.
1554 5148 1796 5242 itan:
1871 5142 2363 5235 Σωπόλιδος,
2444 5143 3074 5250 εἰσαγόντων
3144 5138 3447 5220 αὐτὸν
