3725 5850
1031 477 1646 530 COMMENTARIUS
1685 475 1792 528 Ao
1831 471 2197 533 wem-1577.
2236 475 2393 533 15⁷9.
2946 458 3098 534 645

327 684 684 773 perstant.
769 670 872 748 At
927 673 1050 771 qui
1105 673 1237 746 uni
1293 679 1582 746 tantum
1640 668 1895 768 palam
1948 672 2266 766 fuerint,
2326 675 2591 749 ceteris
2648 674 3099 772 persvadere

325 809 730 894 conantur3
795 797 970 874 data
1024 821 1273 898 poena
1329 794 1614 894 aliqua,
1671 819 1766 868 ne
1825 821 1953 870 eos
2012 798 2317 895 prodat:
2382 799 2747 897 quocirca
2802 798 2876 871 hi
2948 824 3101 874 non

327 923 630 1000 omnino
687 949 824 1025 per
879 933 1112 999 totam
1167 920 1400 995 vitam
1456 920 1670 1019 pravi
1727 932 1981 998 erunt:
2039 951 2351 1023 quorum
2390 923 2552 1000 vice
2591 922 2975 1022 legislator
3006 925 3095 1000 iis

323 1074 611 1150 poenas
661 1048 978 1125 leviores
1037 1047 1488 1148 perscripsit.
1562 1047 1752 1124 Item
1792 1073 1882 1124 ea
1930 1049 2401 1149 potissimum
2458 1047 2725 1124 delicta
2780 1047 3102 1125 dedecus

321 1172 774 1275 reipublicae
819 1174 1169 1251 adferunt
1206 1197 1396 1274 quae
1434 1173 1511 1246 in
1537 1175 2039 1249 conventibus
2078 1175 2561 1275 collegiisque
2600 1174 2921 1250 maxime
2958 1193 3097 1274 pu*

325 1300 540 1376 blicis
575 1302 1176 1394 committuntur,
1216 1299 1846 1399 quemadmodum
1884 1311 1959 1377 et
1992 1301 2355 1378 honorem
2389 1299 2639 1376 ferunt
2674 1297 2899 1396 longe
2938 1321 3099 1374 ma-

327 1427 646 1521 ximum,
705 1451 894 1525 quae
952 1425 1244 1522 integre
1304 1424 1600 1525 publice
1657 1439 2020 1526 aguntur:
2080 1426 2505 1526 hujusmodi
2560 1425 2761 1501 enim
2806 1424 3097 1500 actibus

325 1564 398 1626 et
433 1553 572 1627 sibi
613 1561 686 1625 et
742 1550 1006 1626 ceteris
1062 1549 1440 1648 conspicui
1496 1560 1670 1624 sunt
1728 1550 2067 1627 maxime.
2146 1551 2419 1626 Evenit
2454 1551 2685 1648 igitur
2720 1561 2801 1626 ut
2840 1575 2931 1627 ex
2970 1552 3100 1626 ali-

327 1703 472 1778 quo
529 1676 894 1778 ejusmodi
951 1684 1124 1750 actu
1184 1700 1333 1750 non
1389 1676 1633 1751 solum
1693 1677 2043 1776 privatim
2100 1677 2224 1777 qui
2282 1703 2501 1752 suum
2537 1676 2819 1771 amisit,
2880 1675 3101 1752 detri-

327 1813 580 1880 mento
619 1801 1026 1896 afficiatur,
1085 1825 1346 1876 verum
1386 1800 1610 1876 etiam
1647 1801 1725 1876 in
1764 1801 2308 1902 rempublicam
2344 1801 2746 1878 maledicta
2778 1801 3099 1902 prodan.

325 1940 483 2004 tur:
541 1936 1003 2028 quapropter
1057 1935 1131 2001 et
1185 1925 1444 2024 poenis
1501 1925 1973 2022 gravioribus
2028 1926 2426 2023 castigavit
2480 1926 2679 2001 hunc
2729 1926 2959 2002 furem
2996 1927 3099 2002 le-

323 2055 671 2152 gislator,
742 2079 968 2153 quam
1025 2052 1147 2152 qui
1205 2052 1554 2151 privatim
1613 2051 2055 2151 quibusdam
2111 2079 2205 2129 ex
2260 2052 2565 2128 aedibus
2622 2052 2845 2128 furati
2902 2063 3096 2129 sunt.

323 2181 512 2256 Item
552 2179 676 2278 qui
715 2203 754 2254 e
794 2178 1012 2253 domo
1049 2202 1208 2252 rem
1265 2201 1476 2253 suam
1532 2177 1899 2271 amiserit,
1956 2178 2034 2252 in
2091 2175 2452 2277 ejusmodi
2510 2188 2849 2254 versatur
2900 2176 3097 2273 loco,

325 2303 522 2381 unde
562 2303 780 2380 facile
822 2301 888 2379 ei
927 2312 1038 2378 est
1071 2301 1260 2378 nihil
1296 2329 1558 2402 passo,
1617 2327 1758 2378 nec
1811 2302 2029 2378 irriso
2086 2301 2181 2405 ab
2236 2302 2648 2402 aliquibus,
2708 2302 2909 2378 domi
2946 2329 3096 2380 ma-

323 2441 621 2506 nentem
677 2454 892 2505 suum
950 2428 1284 2529 perferre
1343 2453 1642 2526 casum3
1695 2428 1804 2504 illi
1854 2455 2037 2504 vero
2081 2429 2451 2504 discessus
2487 2429 2902 2506 laboriosus
2944 2439 3093 2524 est,

325 2545 604 2657 quippe
640 2553 860 2630 nudo,
939 2553 1342 2629 Praeterea
1387 2550 1758 2653 plerisque
1819 2554 2068 2629 evenit
2102 2564 2185 2628 ut
2220 2552 2669 2630 irrideantur
2708 2581 2753 2632 a
2793 2554 3092 2655 quibus-

326 2683 534 2778 dam3
589 2679 788 2781 quod
844 2679 1069 2776 longe
1123 2677 1504 2754 molestius
1562 2704 1784 2778 quam
1839 2679 1947 2754 rei
1991 2681 2292 2780 jactura
2349 2691 2497 2756 est:
2556 2706 2703 2782 qua
2741 2679 2833 2758 de
2872 2706 3097 2758 causa

326 2820 400 2885 et
436 2831 716 2908 poenas
752 2804 1136 2904 legislator
1173 2802 1288 2879 his
1327 2803 1587 2879 statuit
1623 2803 2029 2901 graviores.
3067 2829 3079 2834 -

1474 3011 1625 3095 Ad
1661 3014 1948 3096 15⁷⁷.

457 3164 462 3175 ι
538 3184 776 3260 Plato.
817 3184 998 3279 Leg.
1041 3182 1221 3274 955,
1259 3182 1360 3255 B:
1411 3172 1606 3251 Ἐὰν
1644 3206 1754 3264 τις
1792 3173 2275 3278 κλεμμάδιον
2314 3170 2593 3255 ὁτιοῦν
2630 3169 3095 3273 ὑποδέχηται

321 3302 818 3410 γιγνώσκων,
893 3302 1038 3396 τὴν
1093 3299 1344 3393 αὐτὴν
1399 3295 1744 3400 ὑπεχέτω
1802 3301 2035 3395 δίκην
2089 3304 2200 3403 τῷ
2255 3310 2657 3405 κλέψαντι.
2755 3306 2878 3402 (Si
2934 3310 3097 3409 quis

321 3433 578 3512 furtivi
615 3433 896 3534 aliquid
933 3432 1195 3535 recipit
1231 3434 1494 3528 sciens,
1537 3433 1796 3525 eidem,
1837 3433 1955 3509 cui
1994 3432 2132 3529 fur,
2173 3432 2537 3511 obnoxius
2557 3460 2847 3536 poenae
2869 3437 3095 3527 esto.)

1471 3659 1620 3742 Ad
1664 3662 1953 3743 15⁷9.

535 3828 968 3905 Secundum
1003 3826 1248 3926 Leges
1287 3826 1620 3903 Platonis
1661 3827 1880 3923 (954,
1926 3825 2028 3918 A)
2076 3827 2137 3903 si
2185 3829 2348 3929 quis
2386 3829 2695 3903 scrutari
2737 3822 3090 3923 (φωρᾷν)

319 3956 479 4031 vult
515 3954 716 4056 apud
752 3955 1114 4055 aliquem,
1173 3953 1418 4052 posito
1459 3953 1684 4052 pallio
1723 3952 1846 4028 vel
1884 3955 2219 4030 tunicula
2254 3954 2556 4029 indutus
2594 3954 2751 4029 sine
2790 3953 3091 4052 cingulo

322 4074 656 4183 (γυμνὸς
715 4071 762 4167 ἢ
806 4080 1293 4173 χιτωνίσκον
1351 4078 1553 4173 ἔχων
1609 4071 2025 4177 ἄζωστος),
2076 4082 2371 4182 juratus
2421 4106 2556 4181 per
2594 4082 2811 4174 deOS‚
2866 4106 2944 4157 se
2982 4082 3092 4156 in-

321 4218 719 4284 venturum
758 4230 1100 4305 sperare,
1158 4207 1262 4282 ita
1299 4215 1702 4301 scrutetur3
1759 4205 1947 4280 alter
2006 4230 2187 4279 vero
2247 4205 2547 4282 domum
2609 4207 2703 4281 ad
2762 4218 3089 4283 scrutan-

321 4334 495 4409 dum
534 4331 931 4434 praebet0‚
989 4356 1156 4407 cum
1212 4332 1433 4407 rebus
1490 4342 1644 4407 tam
1699 4330 2113 4431 obsignatis
2174 4358 2399 4430 quam
2450 4358 2603 4408 non
2655 4332 3090 4433 obsignatis.

321 4458 400 4535 Si
442 4459 602 4559 quis
639 4468 888 4535 autem
925 4458 1293 4556 vestigare
1337 4459 1618 4535 volenti
1655 4460 1973 4535 scrutari
2031 4485 2181 4534 non
2237 4460 2617 4555 concedit,
2680 4462 2806 4561 qui
2842 4460 3087 4560 prohi-

320 4588 577 4679 betur,
635 4584 1022 4661 aestimata
1059 4610 1176 4679 re,
1236 4610 1463 4685 quam
1500 4585 1865 4682 vestigat,
1921 4586 2001 4659 in
2024 4587 2151 4685 jus
2193 4612 2359 4661 eum
2397 4596 2651 4681 vocet,
2710 4598 2785 4663 et
2820 4588 2881 4664 si
2921 4590 3084 4689 quis

323 4710 856 4788 condemnatus
894 4719 1044 4803 est,
1105 4708 1506 4811 duplum
1560 4710 1667 4785 rei
1724 4710 2155 4787 aestimatae
2206 4738 2341 4812 pro
2384 4712 2653 4789 damno
2695 4710 3087 4815 dependat.

322 4837 403 4914 Si
461 4861 640 4911 vero
700 4834 1038 4910 dominus
1094 4832 1390 4910 aedium
1447 4860 1762 4936 peregre
1821 4837 2072 4929 abest,
2131 4835 2631 4914 inhabitantes
2688 4864 2843 4913 non
2892 4840 3090 4916 obsi-

322 4972 554 5063 gnata
590 4959 1032 5059 vestiganda
1086 4962 1534 5061 praebentO,
1597 4958 1995 5059 obsignata
2050 4981 2299 5037 autem
2356 4963 2457 5057 is,
2516 4966 2638 5064 qui
2678 4973 3089 5059 scrutatur,

312 5090 530 5188 juxta
585 5087 978 5183 obsignato
1037 5097 1111 5162 et
1167 5112 1390 5186 quem
1444 5087 1648 5163 volet
1719 5087 2103 5164 custodem
2157 5090 2513 5189 apponito
2570 5118 2703 5193 per
2762 5092 3086 5192 quinque

325 5212 522 5310 dies;
559 5212 674 5287 sin
709 5222 957 5289 autem
995 5211 1270 5288 diutius
1308 5213 1540 5311 abest,
1581 5214 1782 5291 urbis
1818 5214 2197 5317 magistris
2236 5214 2583 5295 adhibitis
2603 5212 2828 5308 (τούς
2849 5210 3085 5296 ἀστυ-
