3725 5850
703 446 860 522 230
1799 471 1924 522 ωε
1960 467 2380 522 PunmcvM.

1992 661 2170 736 909.

911 782 1506 862 Πεντεκαίδεκα
1543 781 1943 860 ταλάντων
1976 787 2153 882 τρία
2188 780 2531 860 τάλαντα
2568 787 2875 884 τίμημα.

1906 913 2437 1005 (Demosthen.
2477 915 2554 988 in
2594 911 2889 1014 Aphob.
2928 911 2985 988 Ι.
3024 909 3247 998 815.)

1998 1077 2176 1154 909.

912 1199 1350 1296 Quindecim
1387 1201 1838 1280 talentorum
1876 1227 2144 1278 census
2184 1201 2413 1278 efficit
2448 1200 2592 1276 tria
2628 1199 2930 1276 talenta.

1603 1333 1606 1338 ’
1996 1363 2173 1438 910.

911 1484 1308 1586 Προσήκει
1346 1485 1459 1586 τῷ
1497 1483 1754 1584 δούλῳ
1791 1482 1881 1560 τὸ
1922 1491 2157 1560 ἕκτον
2182 1491 2411 1586 μέρος
2449 1487 2825 1580 εἰσφέρειν
2851 1476 3045 1580 μετὰ
3085 1478 3242 1556 τῶν
3268 1508 3459 1576 μετ-

697 1615 965 1692 οίκων.
1327 1614 1742 1708 (Demosth.
1783 1639 1844 1689 c.
1888 1613 2327 1691 Androtion.
2369 1613 2545 1688 612.
2590 1612 2763 1687 Lex
2802 1607 3251 1700 Nausinici.)

1994 1775 2171 1852 910.

907 1883 1184 1960 Servus
1249 1909 1289 1959 e
1346 1893 1560 1960 sexta
1615 1893 1828 1985 parte
1886 1882 2256 1960 bonorum
2314 1879 2537 1958 debet
2598 1879 3073 1956 contribuere
3131 1903 3300 1954 cum
3346 1877 3459 1953 in-

695 2009 1017 2110 quilinis.
2048 2115 2133 2192 1¹

1988 2117 2035 2190 9
2151 2172 2167 2191 .

908 2227 1111 2299 Δέκα
1151 2217 1414 2298 οὐσῶν
1449 2219 1766 2316 φυλῶν,
1825 2216 2106 2312 ἑκάστη
2162 2215 2366 2314 φυλὴ
2429 2215 2941 2319 προβάλλεται
2996 2214 3179 2304 τούς
3216 2221 3455 2291 πλου-

693 2353 1087 2446 σιωτέρους
1124 2343 1400 2438 αὐτῆς,
1461 2341 1746 2421 ἑκατὸν
1802 2345 2105 2420 εἴκοσιν
2162 2337 2463 2443 ἄνδρας.
2540 2341 2729 2417 Εἶτα
2788 2345 2861 2418 οἱ
2916 2339 3203 2419 ἑκατὸν
3240 2341 3455 2417 εἴκο-

693 2498 819 2548 σιν
856 2461 1077 2548 οὗτοι
1107 2477 1556 2571 μερίζουσιν
1594 2467 1917 2558 ἑαυτούς
1956 2475 2063 2558 εἰς
2114 2468 2259 2546 δύο
2306 2467 2623 2570 μερίδας
2650 2499 2664 2512 ·
2722 2473 2854 2545 ἵνα
2895 2467 3273 2562 ἑξήκοντα
3310 2461 3455 2540 αὐ·-

688 2597 846 2674 τῶν
883 2590 1153 2697 ἄνδρες
1193 2600 1500 2674 ἔσονται
1551 2599 1624 2672 οἱ
1682 2595 1887 2677 πάνυ
1944 2595 2345 2688 πλούσιοι,
2404 2599 2478 2672 οἱ
2518 2595 2593 2672 δὲ
2636 2589 2862 2671 ἄλλοι
2903 2593 3283 2686 ἐξήκοντα
3324 2581 3451 2682 ἧτ-

690 2751 832 2798 τον
886 2721 1264 2803 πλούσιοι.
1360 2727 1820 2822 Εἰσφὲρουσι
1880 2722 1957 2798 δὲ·
2024 2726 2097 2798 οὶ
2167 2719 2707 2821 πλουσιώτεροι
2762 2715 2955 2820 ὑπὲρ
3011 2719 3169 2796 τῶν
3224 2709 3450 2810 ἦττον

693 2852 1083 2926 πλουσίων
1119 2855 1256 2924 καί
1297 2848 1773 2949 προτελοῦσι,
1813 2854 1954 2925 καὶ
1995 2846 2351 2946 δέχονται
2390 2845 2631 2925 ταῦτα
2668 2841 2993 2945 ὕστερον
3024 2841 3227 2921 κατὰ
3268 2871 3450 2942 σχο-

690 2974 847 3065 λήν.
923 2982 1243 3080 Λέγεται
1303 2974 1381 3052 δὲ
1437 2972 1526 3051 τὸ
1585 2974 1926 3073 σύστημα
1982 2970 2295 3065 αὐτῶν,
2352 2974 2511 3049 τῶν
2566 2972 2985 3065 ἑξήκοντα,
3044 2974 3445 3071 συμμορία.

1561 3103 1846 3198 (Schol.
1887 3105 1965 3180 in
2001 3106 2387 3182 Demosth.
2430 3102 2732 3205 Olynth.
2771 3104 2867 3196 ΙΙ,
2909 3102 3033 3197 27,
3074 3101 3241 3193 21.)

2048 3265 2161 3341 11.

904 3374 1154 3467 Quum
1210 3368 1470 3448 decem
1526 3370 1675 3449 sint
1709 3269 2031 3469 tribua,9
2049 3372 2427 3475 quaelibet
2465 3370 2809 3472 designat
2846 3370 3287 3466 ditissimos,
3347 3369 3445 3443 vi-

685 3522 807 3574 ros
865 3508 1166 3573 centum
1225 3510 1300 3573 et
1359 3497 1646 3597 viginti.
1721 3498 2017 3574 Deinde
2075 3498 2151 3573 hi
2208 3508 2507 3574 centum
2564 3498 2831 3595 viginti
2886 3497 3321 3573 dividuntur
3378 3495 3447 3567 in

687 3624 872 3699 duas
913 3632 1204 3724 partes,
1262 3624 1367 3697 ita
1412 3635 1492 3697 ut
1547 3623 1943 3720 sexaginta
2000 3648 2257 3699 eorum
2315 3624 2465 3698 sint
2510 3648 2550 3698 e
2588 3622 3007 3717 ditissimis,
3064 3622 3189 3697 alii
3246 3646 3447 3696 sexa-

685 3750 898 3847 ginta
935 3774 1114 3825 vero
1152 3774 1191 3821 e
1229 3748 1477 3823 minus
1519 3747 1895 3823 divitibus.
1952 3748 2279 3825 Ditiores
2318 3760 2567 3823 autem
2604 3748 3002 3824 conferunt
3038 3774 3177 3848 pro
3212 3746 3445 3821 minus

686 3874 1044 3949 divitibus
1081 3882 1156 3948 et
1193 3872 1598 3973 pecuniam
1635 3883 2243 3975 repraesentant,
2300 3898 2517 3971 quam
2556 3872 2866 3967 deinde,
2908 3874 2971 3948 si
3008 3874 3305 3949 occasio
3342 3883 3443 3947 tu-

683 3999 892 4093 lerit,
933 3998 1029 4073 ab
1067 3998 1156 4073 iis
1195 3998 1566 4095 redigunt.
1643 3999 1935 4074 Dicitur
1991 4026 2171 4075 vero
2229 3999 2411 4074 haec
2466 3998 2860 4096 sexaginta
2892 3999 3223 4075 virorum
3261 3998 3445 4073 ordi-

684 4126 888 4199 natio
925 4125 1352 4225 symmoria.

1990 4232 2164 4307 912.

895 4338 1334 4436 Συμβαίνει
1393 4328 1546 4412 οὖν
1599 4332 1782 4422 τούς
1839 4335 2129 4423 πάντας
2186 4340 2658 4437 συμμορίτας
2707 4334 2903 4415 εἶναι
2931 4340 3243 4433 χιλίους
3282 4334 3445 4412 δια-

683 4464 1044 4548 κοσίους·
1091 4463 1545 4559 μερίζεσθαι
1587 4458 1664 4535 δὲ
1706 4456 1997 4547 αὐτούς
2050 4458 2205 4536 ἀπὸ
2265 4466 2693 4553 ἑξακοσίων
2749 4458 3098 4562 ἀνδρῶν,
3162 4458 3208 4538 ὃ
3248 4470 3444 4539 ἐστιν

683 4581 838 4660 ἀπὸ
879 4584 1065 4661 δέκα
1104 4586 1590 4689 συμμοριῶν·
1647 4584 1886 4662 πάλιν
1937 4585 2014 4662 δὲ
2074 4593 2447 4687 ἑκατέραν
2500 4587 2656 4663 τῶν
2711 4585 2857 4665 δύο
2884 4588 3227 4689 μερίδων
3261 4586 3443 4663 τού-Ι

683 4742 836 4789 των
870 4708 1283 4811 τιξιινεσθαι
1323 4716 1430 4799 εἰς
1470 4710 1613 4789 δύο
1636 4771 1658 4804 ,
1702 4708 1749 4788 ὅ
1787 4720 1996 4797 ἐστιν
2032 4716 2136 4801 εἰς
2172 4718 2665 4813 τριακοσίους
2695 4718 2845 4814 μὲν
2881 4709 3166 4814 ἄνδρας
3186 4774 3207 4807 ,
3248 4711 3439 4790 κατὰ

681 4844 900 4915 πέντε
957 4836 1033 4912 δὲ
1093 4842 1517 4935 συμμορίας
1551 4866 1565 4881 ·
1645 4826 1869 4913 οὗτοι
1946 4837 2023 4915 δὲ
2099 4842 2439 4915 ἔστωσαν
2494 4843 2567 4915 οἱ
2623 4836 3054 4939 τριακόσιοι
3116 4844 3189 4916 οἱ
3250 4839 3439 4915 πάνυ

682 4962 1035 5039 πλούσιοι
1080 4966 1152 5038 οἱ
1195 4963 1476 5061 πρῶτοι
1501 5020 1522 5052 ,
1584 4966 1856 5050 οἵτινες
1898 4970 2473 5068 προεισφέρουσι
2529 4965 2685 5042 τῶν
2739 4960 3003 5042 ἄλλων
3037 4974 3176 5042 καὶ
3217 4970 3437 5063 ἔχου-

682 5116 808 5167 σιν
843 5085 1134 5176 αὐτούς
1167 5080 1720 5175 ’ὑπακούοντας
1757 5092 1865 5176 εἰς
1903 5088 2175 5169 πάντα.

1544 5198 1833 5295 (Schol.
1875 5201 1952 5275 in
1989 5200 2374 5280 Demosth.
2414 5201 2723 5305 Olynth.
2758 5202 2855 5303 ΙΙ,
2896 5202 3025 5303 27,
3066 5207 3235 5298 21.)
