<?xml version="1.0" encoding="UTF-8"?>
<!DOCTYPE html PUBLIC "-//W3C//DTD XHTML 1.0 Transitional//EN"
    "http://www.w3.org/TR/xhtml1/DTD/xhtml1-transitional.dtd">
<html xmlns="http://www.w3.org/1999/xhtml" xml:lang="en" lang="en">
 <head>
  <title>
</title>
<meta http-equiv="Content-Type" content="text/html;charset=utf-8" />
  <meta name='ocr-system' content='tesseract 3.04.00' />
  <meta name='ocr-capabilities' content='ocr_page ocr_carea ocr_par ocr_line ocrx_word'/>
</head>
<body>
  <div class='ocr_page' id='page_1' title='image "./synaggtnattiknn01tlgoog_0258.png"; bbox 0 0 3725 5850; ppageno 0'>
   <div class='ocr_carea' id='block_1_1' title="bbox 647 405 2332 490">
    <p class='ocr_par' dir='ltr' id='par_1_1' title="bbox 647 405 2332 490">
     <span class='ocr_line' id='line_1_1' title="bbox 647 405 2332 490; baseline 0.001 0"><span class='ocrx_word' id='word_1_1' title='bbox 647 405 810 490; x_wconf 69' lang='lat'><strong>1232</strong></span> <span class='ocrx_word' id='word_1_2' title='bbox 1748 433 1875 489; x_wconf 81' lang='lat' dir='ltr'><strong>ms</strong></span> <span class='ocrx_word' id='word_1_3' title='bbox 1908 435 2332 490; x_wconf 75' lang='lat' dir='ltr'><strong>Punmctm.</strong></span> 
     </span>
    </p>
   </div>
   <div class='ocr_carea' id='block_1_2' title="bbox 1952 624 2131 706">
    <p class='ocr_par' dir='ltr' id='par_1_2' title="bbox 1952 624 2131 706">
     <span class='ocr_line' id='line_1_2' title="bbox 1952 624 2131 706; baseline 0.017 -4"><span class='ocrx_word' id='word_1_4' title='bbox 1952 624 2131 706; x_wconf 85' lang='grc'><strong>916.</strong></span> 
     </span>
    </p>
   </div>
   <div class='ocr_carea' id='block_1_3' title="bbox 653 766 3431 1126">
    <p class='ocr_par' dir='ltr' id='par_1_3' title="bbox 653 766 3431 1126">
     <span class='ocr_line' id='line_1_3' title="bbox 869 766 3431 876; baseline -0.001 -25"><span class='ocrx_word' id='word_1_5' title='bbox 869 769 1156 851; x_wconf 73' lang='lat' dir='ltr'><strong>Oeneus</strong></span> <span class='ocrx_word' id='word_1_6' title='bbox 1201 766 1354 874; x_wconf 74' lang='lat' dir='ltr'><strong>‘per</strong></span> <span class='ocrx_word' id='word_1_7' title='bbox 1407 773 1846 876; x_wconf 79' lang='lat' dir='ltr'><strong>symmorias</strong></span> <span class='ocrx_word' id='word_1_8' title='bbox 1906 771 2322 874; x_wconf 77' lang='lat' dir='ltr'><strong>descriptos</strong></span> <span class='ocrx_word' id='word_1_9' title='bbox 2378 797 2547 848; x_wconf 88' lang='lat' dir='ltr'><strong>cum</strong></span> <span class='ocrx_word' id='word_1_10' title='bbox 2600 772 2885 874; x_wconf 88' lang='lat' dir='ltr'><strong>populo</strong></span> <span class='ocrx_word' id='word_1_11' title='bbox 2936 767 3431 848; x_wconf 69' lang='lat' dir='ltr'><strong>mutationem</strong></span> 
     </span>
     <span class='ocr_line' id='line_1_4' title="bbox 653 897 3427 1000; baseline -0 -26"><span class='ocrx_word' id='word_1_12' title='bbox 653 898 1000 976; x_wconf 78' lang='lat' dir='ltr'><strong>addendo</strong></span> <span class='ocrx_word' id='word_1_13' title='bbox 1039 900 1162 976; x_wconf 88' lang='lat' dir='ltr'><strong>vel</strong></span> <span class='ocrx_word' id='word_1_14' title='bbox 1200 899 1661 978; x_wconf 85' lang='lat' dir='ltr'><strong>detrahendo</strong></span> <span class='ocrx_word' id='word_1_15' title='bbox 1719 923 2027 1000; x_wconf 81' lang='lat' dir='ltr'><strong>poscere</strong></span> <span class='ocrx_word' id='word_1_16' title='bbox 2086 899 2331 996; x_wconf 69' lang='lat' dir='ltr'><strong>vieum</strong></span> <span class='ocrx_word' id='word_1_17' title='bbox 2378 897 2599 974; x_wconf 88' lang='lat' dir='ltr'><strong>fuerit</strong></span> <span class='ocrx_word' id='word_1_18' title='bbox 2634 898 2919 998; x_wconf 85' lang='lat' dir='ltr'><strong>virique</strong></span> <span class='ocrx_word' id='word_1_19' title='bbox 2958 899 3427 998; x_wconf 84' lang='lat' dir='ltr'><strong>deligantur,</strong></span> 
     </span>
     <span class='ocr_line' id='line_1_5' title="bbox 655 1022 2493 1126; baseline 0 -26"><span class='ocrx_word' id='word_1_20' title='bbox 655 1025 784 1123; x_wconf 88' lang='lat' dir='ltr'><strong>qui</strong></span> <span class='ocrx_word' id='word_1_21' title='bbox 823 1025 966 1101; x_wconf 83' lang='lat' dir='ltr'><strong>hoc</strong></span> <span class='ocrx_word' id='word_1_22' title='bbox 1001 1027 1432 1126; x_wconf 82' lang='lat' dir='ltr'><strong>perficiant,</strong></span> <span class='ocrx_word' id='word_1_23' title='bbox 1489 1022 1568 1100; x_wconf 87' lang='lat' dir='ltr'><strong>id</strong></span> <span class='ocrx_word' id='word_1_24' title='bbox 1623 1049 1719 1099; x_wconf 88' lang='lat' dir='ltr'><strong>re</strong></span> <span class='ocrx_word' id='word_1_25' title='bbox 1743 1049 1916 1099; x_wconf 82' lang='lat' dir='ltr'><strong>een</strong></span> <span class='ocrx_word' id='word_1_26' title='bbox 1940 1024 2081 1100; x_wconf 82' lang='lat' dir='ltr'><strong>sio</strong></span> <span class='ocrx_word' id='word_1_27' title='bbox 2140 1044 2493 1101; x_wconf 58' lang='lat' dir='ltr'><strong>vocatur:</strong></span> 
     </span>
    </p>
   </div>
   <div class='ocr_carea' id='block_1_4' title="bbox 1499 1303 2578 1523">
    <p class='ocr_par' dir='ltr' id='par_1_4' title="bbox 1499 1303 2578 1523">
     <span class='ocr_line' id='line_1_6' title="bbox 1859 1303 2230 1397; baseline -0.003 -23"><span class='ocrx_word' id='word_1_28' title='bbox 1859 1303 2230 1397; x_wconf 79' lang='grc' dir='ltr'><strong>Μέροςη’.</strong></span> 
     </span>
     <span class='ocr_line' id='line_1_7' title="bbox 1499 1425 2578 1523; baseline -0.004 -20"><span class='ocrx_word' id='word_1_29' title='bbox 1499 1433 1763 1523; x_wconf 78' lang='grc' dir='ltr'><strong><em>Περὶ</em></strong></span> <span class='ocrx_word' id='word_1_30' title='bbox 1837 1425 2578 1523; x_wconf 76' lang='grc' dir='ltr'><strong><em>λειτουργιῶν.</em></strong></span> 
     </span>
    </p>
   </div>
   <div class='ocr_carea' id='block_1_5' title="bbox 1684 1687 2396 1879">
    <p class='ocr_par' dir='ltr' id='par_1_5' title="bbox 1684 1687 2396 1879">
     <span class='ocr_line' id='line_1_8' title="bbox 1874 1687 2217 1753; baseline -0.003 -1"><span class='ocrx_word' id='word_1_31' title='bbox 1874 1687 2095 1752; x_wconf 72' lang='lat' dir='ltr'><strong>Pars</strong></span> <span class='ocrx_word' id='word_1_32' title='bbox 2154 1687 2217 1753; x_wconf 85' lang='lat'><strong>8.</strong></span> 
     </span>
     <span class='ocr_line' id='line_1_9' title="bbox 1684 1801 2396 1879; baseline -0.001 -2"><span class='ocrx_word' id='word_1_33' title='bbox 1684 1801 1808 1878; x_wconf 84' lang='lat' dir='ltr'><strong>De</strong></span> <span class='ocrx_word' id='word_1_34' title='bbox 1851 1811 2396 1879; x_wconf 79' lang='lat' dir='ltr'><strong>muneribus,</strong></span> 
     </span>
    </p>
   </div>
   <div class='ocr_carea' id='block_1_6' title="bbox 659 2131 3431 2367">
    <p class='ocr_par' dir='ltr' id='par_1_6' title="bbox 659 2131 3431 2367">
     <span class='ocr_line' id='line_1_10' title="bbox 873 2131 3431 2240; baseline -0.002 -30"><span class='ocrx_word' id='word_1_35' title='bbox 873 2134 967 2210; x_wconf 71' lang='lat' dir='ltr'><strong>Oi</strong></span> <span class='ocrx_word' id='word_1_36' title='bbox 1003 2141 1178 2210; x_wconf 83' lang='grc' dir='ltr'><strong><em>κατ’</em></strong></span> <span class='ocrx_word' id='word_1_37' title='bbox 1217 2132 1579 2212; x_wconf 79' lang='grc' dir='ltr'><strong><em>ἐνιαυτὸν</em></strong></span> <span class='ocrx_word' id='word_1_38' title='bbox 1617 2133 1752 2222; x_wconf 82' lang='grc' dir='ltr'><strong>τάς</strong></span> <span class='ocrx_word' id='word_1_39' title='bbox 1790 2139 2257 2240; x_wconf 78' lang='grc' dir='ltr'><strong><em>ἐγκυκλίους</em></strong></span> <span class='ocrx_word' id='word_1_40' title='bbox 2294 2136 2765 2238; x_wconf 78' lang='grc' dir='ltr'><strong><em>λειτουργίας</em></strong></span> <span class='ocrx_word' id='word_1_41' title='bbox 2801 2131 3431 2235; x_wconf 78' lang='grc' dir='ltr'><strong><em>λειτουργοῦντές</em></strong></span> 
     </span>
     <span class='ocr_line' id='line_1_11' title="bbox 659 2255 2676 2367; baseline 0.001 -35"><span class='ocrx_word' id='word_1_42' title='bbox 659 2259 856 2333; x_wconf 78' lang='grc' dir='ltr'><strong><em>εἰσιν</em></strong></span> <span class='ocrx_word' id='word_1_43' title='bbox 891 2264 1220 2365; x_wconf 76' lang='grc' dir='ltr'><strong><em>χορηγοὶ</em></strong></span> <span class='ocrx_word' id='word_1_44' title='bbox 1259 2264 1400 2336; x_wconf 80' lang='grc' dir='ltr'><strong>καὶ</strong></span> <span class='ocrx_word' id='word_1_45' title='bbox 1438 2265 2009 2367; x_wconf 76' lang='grc' dir='ltr'><strong><em>γυμνασίαρχοι</em></strong></span> <span class='ocrx_word' id='word_1_46' title='bbox 2058 2265 2197 2335; x_wconf 82' lang='grc' dir='ltr'><strong>καὶ</strong></span> <span class='ocrx_word' id='word_1_47' title='bbox 2240 2255 2676 2358; x_wconf 78' lang='grc' dir='ltr'><strong><em>ἑστιάτορες.</em></strong></span> 
     </span>
    </p>
   </div>
   <div class='ocr_carea' id='block_1_7' title="bbox 1953 2362 3207 2623">
    <p class='ocr_par' dir='ltr' id='par_1_7' title="bbox 1953 2362 3207 2623">
     <span class='ocr_line' id='line_1_12' title="bbox 1977 2362 3207 2489; baseline -0.002 -25"><span class='ocrx_word' id='word_1_48' title='bbox 1977 2388 2398 2482; x_wconf 84' lang='lat' dir='ltr'><strong>(Demosth.</strong></span> <span class='ocrx_word' id='word_1_49' title='bbox 2438 2386 2607 2464; x_wconf 84' lang='lat' dir='ltr'><strong>adv.</strong></span> <span class='ocrx_word' id='word_1_50' title='bbox 2648 2387 2944 2489; x_wconf 81' lang='lat' dir='ltr'>Leptin.</span> <span class='ocrx_word' id='word_1_51' title='bbox 2987 2362 3207 2481; x_wconf 77' lang='lat'><strong>463.)</strong></span> 
     </span>
     <span class='ocr_line' id='line_1_13' title="bbox 1953 2548 2129 2623; baseline 0.006 -1"><span class='ocrx_word' id='word_1_52' title='bbox 1953 2548 2129 2623; x_wconf 84' lang='lat'><strong>917.</strong></span> 
     </span>
    </p>
   </div>
   <div class='ocr_carea' id='block_1_8' title="bbox 653 2686 3433 2921">
    <p class='ocr_par' dir='ltr' id='par_1_8' title="bbox 653 2686 3433 2921">
     <span class='ocr_line' id='line_1_14' title="bbox 867 2686 3433 2795; baseline -0.001 -28"><span class='ocrx_word' id='word_1_53' title='bbox 867 2689 1014 2785; x_wconf 83' lang='lat' dir='ltr'><strong>Qui</strong></span> <span class='ocrx_word' id='word_1_54' title='bbox 1071 2691 1385 2769; x_wconf 87' lang='lat' dir='ltr'><strong>munera</strong></span> <span class='ocrx_word' id='word_1_55' title='bbox 1459 2691 1859 2795; x_wconf 82' lang='lat' dir='ltr'><strong>quotannis</strong></span> <span class='ocrx_word' id='word_1_56' title='bbox 1917 2686 1996 2767; x_wconf 74' lang='lat' dir='ltr'><strong>in</strong></span> <span class='ocrx_word' id='word_1_57' title='bbox 2057 2692 2318 2768; x_wconf 84' lang='lat' dir='ltr'><strong>orbem</strong></span> <span class='ocrx_word' id='word_1_58' title='bbox 2376 2689 2764 2767; x_wconf 85' lang='lat' dir='ltr'><strong>redeuntia</strong></span> <span class='ocrx_word' id='word_1_59' title='bbox 2832 2702 3133 2787; x_wconf 83' lang='lat' dir='ltr'><strong>curant,</strong></span> <span class='ocrx_word' id='word_1_60' title='bbox 3213 2703 3433 2767; x_wconf 84' lang='lat' dir='ltr'><strong>sunt:</strong></span> 
     </span>
     <span class='ocr_line' id='line_1_15' title="bbox 653 2815 2675 2921; baseline 0.001 -30"><span class='ocrx_word' id='word_1_61' title='bbox 653 2815 995 2916; x_wconf 86' lang='lat' dir='ltr'><strong>choragi,</strong></span> <span class='ocrx_word' id='word_1_62' title='bbox 1051 2819 1670 2921; x_wconf 83' lang='lat' dir='ltr'><strong>gymnasiarchae</strong></span> <span class='ocrx_word' id='word_1_63' title='bbox 1713 2829 1789 2893; x_wconf 89' lang='lat' dir='ltr'><strong>et</strong></span> <span class='ocrx_word' id='word_1_64' title='bbox 1825 2817 2171 2893; x_wconf 86' lang='lat' dir='ltr'><strong>convivia</strong></span> <span class='ocrx_word' id='word_1_65' title='bbox 2208 2818 2675 2918; x_wconf 84' lang='lat' dir='ltr'><strong>praebentes.</strong></span> 
     </span>
    </p>
   </div>
   <div class='ocr_carea' id='block_1_9' title="bbox 653 2982 3435 3488">
    <p class='ocr_par' dir='ltr' id='par_1_9' title="bbox 653 2982 3435 3488">
     <span class='ocr_line' id='line_1_16' title="bbox 1955 2982 2132 3057; baseline 0.006 -1"><span class='ocrx_word' id='word_1_66' title='bbox 1955 2982 2132 3057; x_wconf 82' lang='lat'><strong>918.</strong></span> 
     </span>
     <span class='ocr_line' id='line_1_17' title="bbox 852 3113 3435 3227; baseline -0.002 -28"><span class='ocrx_word' id='word_1_67' title='bbox 852 3113 958 3199; x_wconf 80' lang='lat' dir='ltr'><strong>‘O</strong></span> <span class='ocrx_word' id='word_1_68' title='bbox 990 3128 1456 3221; x_wconf 76' lang='grc' dir='ltr'><strong><em>κεκτημένος</em></strong></span> <span class='ocrx_word' id='word_1_69' title='bbox 1503 3120 1849 3227; x_wconf 76' lang='grc' dir='ltr'><strong><em>μεγάλην</em></strong></span> <span class='ocrx_word' id='word_1_70' title='bbox 1909 3116 2194 3197; x_wconf 80' lang='grc' dir='ltr'><strong><em>οὐσίαν</em></strong></span> <span class='ocrx_word' id='word_1_71' title='bbox 2253 3118 2777 3225; x_wconf 78' lang='grc' dir='ltr'><strong><em>ἀναγκάζεται</em></strong></span> <span class='ocrx_word' id='word_1_72' title='bbox 2834 3126 3307 3224; x_wconf 77' lang='grc' dir='ltr'><strong><em>λειτουργεῖν</em></strong></span> <span class='ocrx_word' id='word_1_73' title='bbox 3348 3126 3435 3196; x_wconf 78' lang='grc' dir='ltr'><strong>ἐν</strong></span> 
     </span>
     <span class='ocr_line' id='line_1_18' title="bbox 653 3244 3207 3351; baseline 0.002 -31"><span class='ocrx_word' id='word_1_74' title='bbox 653 3246 762 3347; x_wconf 76' lang='grc' dir='ltr'><strong>τῷ</strong></span> <span class='ocrx_word' id='word_1_75' title='bbox 803 3244 1037 3348; x_wconf 83' lang='grc' dir='ltr'><strong>δήμῳ.</strong></span> <span class='ocrx_word' id='word_1_76' title='bbox 1814 3254 2116 3347; x_wconf 79' lang='lat' dir='ltr'><strong>(Isaeus</strong></span> <span class='ocrx_word' id='word_1_77' title='bbox 2155 3250 2249 3326; x_wconf 89' lang='lat' dir='ltr'><strong>de</strong></span> <span class='ocrx_word' id='word_1_78' title='bbox 2287 3250 2559 3350; x_wconf 87' lang='lat' dir='ltr'><strong>Pyrrhi</strong></span> <span class='ocrx_word' id='word_1_79' title='bbox 2598 3250 2895 3326; x_wconf 90' lang='lat' dir='ltr'><strong>haered.</strong></span> <span class='ocrx_word' id='word_1_80' title='bbox 2934 3246 3001 3351; x_wconf 66' lang='grc' dir='ltr'><strong>ξ.</strong></span> <span class='ocrx_word' id='word_1_81' title='bbox 3044 3249 3207 3344; x_wconf 87' lang='grc'><strong>80.)</strong></span> 
     </span>
     <span class='ocr_line' id='line_1_19' title="bbox 1946 3414 2123 3488; baseline -0.006 0"><span class='ocrx_word' id='word_1_82' title='bbox 1946 3414 2123 3488; x_wconf 85' lang='grc'><strong>918.</strong></span> 
     </span>
    </p>
   </div>
   <div class='ocr_carea' id='block_1_10' title="bbox 869 3553 3434 3656">
    <p class='ocr_par' dir='ltr' id='par_1_10' title="bbox 869 3553 3434 3656">
     <span class='ocr_line' id='line_1_20' title="bbox 869 3553 3434 3656; baseline -0.001 -25"><span class='ocrx_word' id='word_1_83' title='bbox 869 3556 1014 3651; x_wconf 75' lang='lat' dir='ltr'><strong>Qui</strong></span> <span class='ocrx_word' id='word_1_84' title='bbox 1069 3579 1421 3656; x_wconf 87' lang='lat' dir='ltr'><strong>magnam</strong></span> <span class='ocrx_word' id='word_1_85' title='bbox 1477 3556 1706 3633; x_wconf 86' lang='lat' dir='ltr'><strong>habet</strong></span> <span class='ocrx_word' id='word_1_86' title='bbox 1759 3557 2258 3635; x_wconf 81' lang='lat' dir='ltr'><strong>substantiam</strong></span> <span class='ocrx_word' id='word_1_87' title='bbox 2312 3556 2567 3633; x_wconf 86' lang='lat' dir='ltr'><strong>munia</strong></span> <span class='ocrx_word' id='word_1_88' title='bbox 2620 3578 2983 3656; x_wconf 86' lang='lat' dir='ltr'><strong>peragere</strong></span> <span class='ocrx_word' id='word_1_89' title='bbox 3034 3553 3310 3629; x_wconf 87' lang='lat' dir='ltr'><strong>debeat</strong></span> <span class='ocrx_word' id='word_1_90' title='bbox 3354 3554 3434 3629; x_wconf 88' lang='lat' dir='ltr'><strong>in</strong></span> 
     </span>
    </p>
   </div>
   <div class='ocr_carea' id='block_1_11' title="bbox 653 3708 2126 3865">
    <p class='ocr_par' dir='ltr' id='par_1_11' title="bbox 653 3708 2126 3865">
     <span class='ocr_line' id='line_1_21' title="bbox 653 3708 1043 3784; baseline -0.003 -26"><span class='ocrx_word' id='word_1_91' title='bbox 653 3708 852 3784; x_wconf 85' lang='lat' dir='ltr'><strong>pago</strong></span> <span class='ocrx_word' id='word_1_92' title='bbox 889 3708 1043 3758; x_wconf 82' lang='lat' dir='ltr'><strong>suo,</strong></span> 
     </span>
     <span class='ocr_line' id='line_1_22' title="bbox 1950 3790 2126 3865; baseline 0.006 -1"><span class='ocrx_word' id='word_1_93' title='bbox 1950 3790 2126 3865; x_wconf 80' lang='grc'><strong>919.</strong></span> 
     </span>
    </p>
   </div>
   <div class='ocr_carea' id='block_1_12' title="bbox 655 3922 3436 4153">
    <p class='ocr_par' dir='ltr' id='par_1_12' title="bbox 655 3922 3436 4153">
     <span class='ocr_line' id='line_1_23' title="bbox 875 3922 3433 4029; baseline 0 -24"><span class='ocrx_word' id='word_1_94' title='bbox 875 3926 1074 4015; x_wconf 78' lang='grc' dir='ltr'><strong>Τοὺς</strong></span> <span class='ocrx_word' id='word_1_95' title='bbox 1115 3922 1818 4029; x_wconf 77' lang='grc' dir='ltr'><strong><em>ὀρφανούςῆπόλις</em></strong></span> <span class='ocrx_word' id='word_1_96' title='bbox 1858 3926 1952 4004; x_wconf 81' lang='grc' dir='ltr'><strong>οὐ</strong></span> <span class='ocrx_word' id='word_1_97' title='bbox 1986 3928 2246 4028; x_wconf 86' lang='grc' dir='ltr'><strong><em>μόνον</em></strong></span> <span class='ocrx_word' id='word_1_98' title='bbox 2286 3928 2559 4017; x_wconf 83' lang='grc' dir='ltr'><strong><em>παῖδας</em></strong></span> <span class='ocrx_word' id='word_1_99' title='bbox 2598 3922 2829 4016; x_wconf 71' lang='grc' dir='ltr'><strong><em>ὄντας</em></strong></span> <span class='ocrx_word' id='word_1_100' title='bbox 2868 3924 3157 4016; x_wconf 80' lang='grc' dir='ltr'><strong><em>ἀτελεῖς</em></strong></span> <span class='ocrx_word' id='word_1_101' title='bbox 3197 3940 3433 4021; x_wconf 81' lang='grc' dir='ltr'><strong><em>ποιεῖ,</em></strong></span> 
     </span>
     <span class='ocr_line' id='line_1_24' title="bbox 655 4049 3436 4153; baseline 0.001 -21"><span class='ocrx_word' id='word_1_102' title='bbox 655 4053 849 4132; x_wconf 82' lang='grc' dir='ltr'><strong><em>ἀλλά</em></strong></span> <span class='ocrx_word' id='word_1_103' title='bbox 888 4061 1027 4130; x_wconf 78' lang='grc' dir='ltr'><strong>καὶ</strong></span> <span class='ocrx_word' id='word_1_104' title='bbox 1085 4051 1396 4132; x_wconf 76' lang='grc' dir='ltr'><strong><em>ἐπειδάν</em></strong></span> <span class='ocrx_word' id='word_1_105' title='bbox 1453 4054 2091 4153; x_wconf 76' lang='grc' dir='ltr'><strong><em>δοκιμασθῶσιν,</em></strong></span> <span class='ocrx_word' id='word_1_106' title='bbox 2151 4052 2511 4131; x_wconf 79' lang='grc' dir='ltr'><strong><em>ἐνιαυτὸν</em></strong></span> <span class='ocrx_word' id='word_1_107' title='bbox 2547 4052 2869 4149; x_wconf 81' lang='grc' dir='ltr'><strong><em>ἀφίησιν</em></strong></span> <span class='ocrx_word' id='word_1_108' title='bbox 2906 4049 3231 4133; x_wconf 71' lang='grc' dir='ltr'><strong><em>ἁπασῶν</em></strong></span> <span class='ocrx_word' id='word_1_109' title='bbox 3264 4056 3436 4134; x_wconf 75' lang='grc' dir='ltr'><strong>τῶν</strong></span> 
     </span>
    </p>
   </div>
   <div class='ocr_carea' id='block_1_13' title="bbox 653 4180 3205 4287">
    <p class='ocr_par' dir='ltr' id='par_1_13' title="bbox 653 4180 3205 4287">
     <span class='ocr_line' id='line_1_25' title="bbox 653 4180 3205 4287; baseline 0 -28"><span class='ocrx_word' id='word_1_110' title='bbox 653 4180 1165 4286; x_wconf 78' lang='grc' dir='ltr'><strong><em>λειτουργιῶν.</em></strong></span> <span class='ocrx_word' id='word_1_111' title='bbox 2064 4184 2374 4287; x_wconf 83' lang='lat' dir='ltr'><strong>(Lysias</strong></span> <span class='ocrx_word' id='word_1_112' title='bbox 2412 4210 2472 4261; x_wconf 83' lang='grc' dir='ltr'><strong>ο.</strong></span> <span class='ocrx_word' id='word_1_113' title='bbox 2511 4184 2892 4284; x_wconf 84' lang='lat' dir='ltr'><strong>Diogiton.</strong></span> <span class='ocrx_word' id='word_1_114' title='bbox 2930 4180 2998 4286; x_wconf 71' lang='grc' dir='ltr'><strong>ξ.</strong></span> <span class='ocrx_word' id='word_1_115' title='bbox 3042 4186 3205 4277; x_wconf 81' lang='lat'><strong>24.)</strong></span> 
     </span>
    </p>
   </div>
   <div class='ocr_carea' id='block_1_14' title="bbox 1944 4346 2124 4422">
    <p class='ocr_par' dir='ltr' id='par_1_14' title="bbox 1944 4346 2124 4422">
     <span class='ocr_line' id='line_1_26' title="bbox 1944 4346 2124 4422; baseline 0.017 -3"><span class='ocrx_word' id='word_1_116' title='bbox 1944 4346 2124 4422; x_wconf 90' lang='grc'><strong>919.</strong></span> 
     </span>
    </p>
   </div>
   <div class='ocr_carea' id='block_1_15' title="bbox 631 4488 3435 4844">
    <p class='ocr_par' dir='ltr' id='par_1_15' title="bbox 631 4488 3435 4844">
     <span class='ocr_line' id='line_1_27' title="bbox 870 4488 3435 4592; baseline 0.002 -29"><span class='ocrx_word' id='word_1_117' title='bbox 870 4488 1202 4589; x_wconf 83' lang='lat' dir='ltr'><strong>Pupillos</strong></span> <span class='ocrx_word' id='word_1_118' title='bbox 1254 4489 1679 4592; x_wconf 82' lang='lat' dir='ltr'><strong>respublica</strong></span> <span class='ocrx_word' id='word_1_119' title='bbox 1733 4516 1889 4566; x_wconf 91' lang='lat' dir='ltr'><strong>non</strong></span> <span class='ocrx_word' id='word_1_120' title='bbox 1948 4491 2187 4566; x_wconf 87' lang='lat' dir='ltr'>solum</span> <span class='ocrx_word' id='word_1_121' title='bbox 2224 4488 2468 4589; x_wconf 86' lang='lat' dir='ltr'><strong>quoad</strong></span> <span class='ocrx_word' id='word_1_122' title='bbox 2506 4490 2722 4591; x_wconf 85' lang='lat' dir='ltr'><strong>pueri</strong></span> <span class='ocrx_word' id='word_1_123' title='bbox 2758 4502 2969 4586; x_wconf 86' lang='lat' dir='ltr'><strong>sunt,</strong></span> <span class='ocrx_word' id='word_1_124' title='bbox 3029 4492 3161 4570; x_wconf 84' lang='lat' dir='ltr'><strong>sed</strong></span> <span class='ocrx_word' id='word_1_125' title='bbox 3200 4494 3435 4569; x_wconf 87' lang='lat' dir='ltr'><strong>etiam</strong></span> 
     </span>
     <span class='ocr_line' id='line_1_28' title="bbox 631 4616 3435 4718; baseline 0.002 -27"><span class='ocrx_word' id='word_1_126' title='bbox 631 4627 1046 4717; x_wconf 80' lang='lat' dir='ltr'><strong>,postquam</strong></span> <span class='ocrx_word' id='word_1_127' title='bbox 1092 4617 1254 4718; x_wconf 88' lang='lat' dir='ltr'><strong>jam</strong></span> <span class='ocrx_word' id='word_1_128' title='bbox 1313 4617 1449 4692; x_wconf 87' lang='lat' dir='ltr'><strong>viri</strong></span> <span class='ocrx_word' id='word_1_129' title='bbox 1507 4617 1782 4692; x_wconf 83' lang='lat' dir='ltr'><strong>fuerint</strong></span> <span class='ocrx_word' id='word_1_130' title='bbox 1836 4616 2053 4709; x_wconf 84' lang='lat' dir='ltr'><strong>facti,</strong></span> <span class='ocrx_word' id='word_1_131' title='bbox 2124 4642 2261 4717; x_wconf 87' lang='lat' dir='ltr'><strong>per</strong></span> <span class='ocrx_word' id='word_1_132' title='bbox 2318 4642 2594 4693; x_wconf 88' lang='lat' dir='ltr'><strong>annum</strong></span> <span class='ocrx_word' id='word_1_133' title='bbox 2648 4616 3023 4717; x_wconf 83' lang='lat' dir='ltr'><strong>integrum</strong></span> <span class='ocrx_word' id='word_1_134' title='bbox 3076 4621 3172 4696; x_wconf 83' lang='lat' dir='ltr'><strong>ab</strong></span> <span class='ocrx_word' id='word_1_135' title='bbox 3220 4622 3435 4696; x_wconf 79' lang='lat' dir='ltr'><strong>omni</strong></span> 
     </span>
     <span class='ocr_line' id='line_1_29' title="bbox 651 4740 2122 4844; baseline 0 -26"><span class='ocrx_word' id='word_1_136' title='bbox 651 4740 950 4844; x_wconf 84' lang='lat' dir='ltr'><strong>publico</strong></span> <span class='ocrx_word' id='word_1_137' title='bbox 988 4768 1295 4823; x_wconf 88' lang='lat' dir='ltr'><strong>munere</strong></span> <span class='ocrx_word' id='word_1_138' title='bbox 1334 4741 1700 4818; x_wconf 85' lang='lat' dir='ltr'><strong>immunes</strong></span> <span class='ocrx_word' id='word_1_139' title='bbox 1743 4768 1904 4819; x_wconf 82' lang='lat' dir='ltr'><strong>esse</strong></span> <span class='ocrx_word' id='word_1_140' title='bbox 1943 4743 2122 4819; x_wconf 84' lang='lat' dir='ltr'><strong>vult.</strong></span> 
     </span>
    </p>
   </div>
   <div class='ocr_carea' id='block_1_16' title="bbox 657 4903 3433 5275">
    <p class='ocr_par' dir='ltr' id='par_1_16' title="bbox 657 4903 3433 5275">
     <span class='ocr_line' id='line_1_30' title="bbox 1946 4903 2124 4980; baseline 0.017 -3"><span class='ocrx_word' id='word_1_141' title='bbox 1946 4903 2124 4980; x_wconf 79' lang='lat'><strong>920.</strong></span> 
     </span>
     <span class='ocr_line' id='line_1_31' title="bbox 861 5038 3433 5149; baseline 0.001 -30"><span class='ocrx_word' id='word_1_142' title='bbox 861 5039 1280 5121; x_wconf 81' lang='grc' dir='ltr'><strong><em>Ἐνιαυτὸν</em></strong></span> <span class='ocrx_word' id='word_1_143' title='bbox 1335 5040 1710 5120; x_wconf 72' lang='grc' dir='ltr'><strong><em>διαλιπών</em></strong></span> <span class='ocrx_word' id='word_1_144' title='bbox 1767 5048 2089 5130; x_wconf 72' lang='grc' dir='ltr'><strong><em>ἕκαστος</em></strong></span> <span class='ocrx_word' id='word_1_145' title='bbox 2145 5047 2609 5149; x_wconf 80' lang='grc' dir='ltr'><strong><em>λειτουργεῖ·</em></strong></span> <span class='ocrx_word' id='word_1_146' title='bbox 2692 5040 2883 5121; x_wconf 70' lang='grc' dir='ltr'><strong><em>ὥστε</em></strong></span> <span class='ocrx_word' id='word_1_147' title='bbox 2937 5042 3082 5123; x_wconf 77' lang='grc' dir='ltr'><strong>τὸν</strong></span> <span class='ocrx_word' id='word_1_148' title='bbox 3134 5038 3433 5143; x_wconf 76' lang='grc' dir='ltr'><strong><em>ἥμισύν</em></strong></span> 
     </span>
     <span class='ocr_line' id='line_1_32' title="bbox 657 5165 3200 5275; baseline 0.001 -28"><span class='ocrx_word' id='word_1_149' title='bbox 657 5173 803 5247; x_wconf 77' lang='grc' dir='ltr'><strong><em>ἐστ’</em></strong></span> <span class='ocrx_word' id='word_1_150' title='bbox 842 5166 1102 5263; x_wconf 80' lang='grc' dir='ltr'><strong><em>ἀτελὴς</em></strong></span> <span class='ocrx_word' id='word_1_151' title='bbox 1135 5168 1279 5245; x_wconf 81' lang='grc' dir='ltr'><strong>τοῦ</strong></span> <span class='ocrx_word' id='word_1_152' title='bbox 1309 5165 1628 5269; x_wconf 75' lang='grc' dir='ltr'><strong>χρόνον.</strong></span> <span class='ocrx_word' id='word_1_153' title='bbox 1974 5174 2395 5265; x_wconf 80' lang='lat' dir='ltr'><strong>(Demosth.</strong></span> <span class='ocrx_word' id='word_1_154' title='bbox 2438 5175 2603 5253; x_wconf 76' lang='lat' dir='ltr'><strong>adv·</strong></span> <span class='ocrx_word' id='word_1_155' title='bbox 2645 5172 2937 5275; x_wconf 80' lang='lat' dir='ltr'><strong>Leptin.</strong></span> <span class='ocrx_word' id='word_1_156' title='bbox 2978 5176 3200 5269; x_wconf 79' lang='lat'><strong>459.)</strong></span> 
     </span>
    </p>
   </div>
  </div>
 </body>
</html>
