3725 5850
770 484 1385 541 connewmmvs
1424 488 1529 540 An
1567 486 1691 543 429.
1734 487 1858 543 430.
1899 476 2022 545 431.
2063 491 2188 545 433.
2227 488 2350 543 442.
2394 491 2520 546 447.
2873 462 3028 541 475

1436 675 1587 759 Ad
1622 676 1857 761 420.

473 843 1017 945 Thucydid.
1073 844 1169 937 11,
1233 842 1372 917 15:
1431 843 1769 921 Theseus
1825 856 2241 923 ceterorum
2299 842 2749 949 oppidorum
2785 841 3028 918 curias

256 980 330 1043 et
372 969 851 1067 magistratus
890 955 1221 1062 sustulit,
1282 979 1358 1043 et
1395 994 1545 1045 una
1581 969 1787 1046 curia
1825 996 2120 1070 unoque
2159 971 2472 1047 consilio
2513 968 2912 1047 constituto
2951 968 3029 1042 in

254 1120 421 1168 eam
460 1092 879 1185 civitatem,
945 1116 1134 1192 quae
1176 1119 1375 1167 nunc
1413 1106 1561 1187 est,
1620 1119 1880 1169 omnes
1918 1097 2181 1193 coegit.
2260 1094 2358 1171 Et
2394 1096 2488 1171 ab
2527 1093 2654 1170 illo
2695 1106 3029 1193 tempore

254 1217 759 1295 Athenienses
796 1242 994 1292 nunc
1033 1218 1257 1291 etiam
1295 1216 1489 1293 diem
1532 1217 1801 1295 festum
1840 1220 2141 1295 nomine
2181 1218 2374 1320 Syn
2397 1220 2675 1295 oecia
2729 1218 2808 1293 in
2847 1217 3029 1293 deae

254 1343 619 1419 honorem
656 1342 954 1443 publice
997 1353 1250 1441 agunt.

478 1466 759 1543 Eadem
794 1466 1022 1543 habet
1056 1444 1717 1561 PlutarchussTh
1742 1490 1897 1543 ese
1920 1495 2023 1544 us
2074 1469 2260 1561 24),
2317 1467 2460 1545 nisi
2499 1468 2698 1570 quod
2741 1465 3026 1570 Synoe-

256 1592 373 1668 cia
414 1592 747 1695 appellet
783 1592 1149 1671 Metoecia
1189 1591 1661 1686 (μετοίκια),
1722 1591 1797 1667 id
1834 1603 1949 1669 est
1985 1591 2256 1671 festum
2292 1592 2881 1694 immigrationis.

1439 1764 1590 1848 aa
1622 1768 1861 1850 430.
1907 1865 1916 1887 ,

482 1933 881 2031 „Ammoni
937 1932 1322 2009 immolant
1378 1945 1755 2033 praetores
1797 1992 1815 2028 ,
1893 1935 2117 2012 credo
2178 1935 2350 2036 quia
2405 1934 2732 2011 theorias
2787 1957 3031 2009 rerum

256 2062 699 2138 bellicarum
754 2086 978 2137 causa
1033 2060 1412 2137 oraculum
1468 2072 1815 2163 petentes
1875 2062 1970 2138 ad
2007 2060 2446 2141 Ammonem
2502 2042 2792 2137 mittere
2840 2058 3031 2135 sole-

256 2184 518 2263 bant.“
581 2184 1145 2262 Boeckhius
1201 2186 1295 2261 ad
1340 2187 1491 2260 157
1528 2186 2112 2290 inscriptionem.

478 2300 747 2406 Ludis,
807 2337 993 2412 quos
1047 2310 1259 2385 initio
1309 2309 1698 2389 Athenaea
1752 2311 2164 2406 vocabant,
2217 2310 2356 2388 sub
2397 2309 2694 2387 Theseo
2735 2308 3030 2384 demum

260 2434 966 2511 Panathenaeorum
1020 2461 1292 2510 nomen
1346 2434 1661 2511 inditum
1710 2461 1872 2513 esse
1911 2436 2207 2531 dicunt,
2266 2445 2664 2538 propterea
2700 2432 2896 2536 quod
2935 2432 3029 2507 ab

259 2560 610 2635 omnibus
667 2558 1213 2636 celebrarentur
1252 2556 1832 2637 Atheniensibus
1871 2560 1951 2637 in
1989 2586 2220 2638 unam
2258 2559 2736 2661 congregatis
2776 2558 3031 2634 civita-

259 2696 435 2761 tem.
496 2684 1088 2779 (Pausanias
1136 2684 1454 2781 V111,2,
1501 2684 1607 2778 1.)

1441 2854 1592 2942 Ad
1644 2860 1860 2944 4³1.

485 3025 675 3106 Vide
717 3027 1342 3104 Commentarium
1391 3027 1547 3101 267
1586 3036 1661 3102 et
1698 3025 1876 3104 359.

1445 3218 1596 3302 Ad
1629 3219 1867 3301 4³8.

488 3384 704 3478 Quod
762 3386 859 3461 ad
917 3375 1326 3482 ὑποβολήν
1376 3385 1643 3464 attinet
1680 3386 1939 3462 confer
1976 3387 2314 3462 Leonem
2347 3384 2710 3462 Allatium
2745 3383 2824 3458 in
2865 3381 3039 3456 Vita

264 3510 599 3586 Homeri.
654 3507 895 3610 Lugd.
956 3510 1205 3609 16403
1282 3553 1382 3563 --
1456 3511 1721 3587 Wolf
1731 3510 1797 3584 ii
1855 3508 2406 3611 Prolegomena
2471 3508 2566 3584 ad
2627 3509 3036 3587 Homerum

263 3639 383 3737 (p.
423 3635 525 3708 84
584 3634 696 3711 ed.
756 3636 1141 3734 secund.);
1229 3634 1715 3713 Boeckhii
1779 3659 1987 3735 corp.
2042 3634 2375 3737 inscript.
2429 3661 2539 3734 gr.
2598 3633 2728 3710 Nr.
2788 3631 3037 3724 30883

264 3759 770 3836 Nitzschii
828 3759 1335 3864 Sagenpoesie
1388 3760 1518 3837 der
1557 3759 1938 3838 G‘rriechen
1992 3760 2108 3860 (p.
2149 3759 2390 3856 414);
2443 3755 3034 3838 Hermannii

266 3886 467 3979 Quid
504 3887 600 3962 sit
634 3874 1005 3982 ὖποβολὴ.
1048 3887 1487 3989 (Opuscula.
1527 3885 1693 3964 Vol.
1717 3886 1807 3963 V.
1846 3915 1922 3988 p.
1943 3887 2124 3980 300,
2167 3886 2336 3980 VII,
2375 3915 2448 3988 p.
2480 3887 2702 3982 162);
2742 3883 3030 3962 Geor·

264 4011 407 4109 gii
458 4007 951 4108 Μιστριώτου
990 4013 1397 4092 Historiam
1430 4013 1843 4090 carminum
1881 4011 2448 4090 Homericorum
2484 4011 2818 4090 Graecae
2859 4008 3032 4086 scri-

267 4147 495 4234 ptam.
556 4137 897 4240 (Lipsiae
942 4137 1170 4212 1867.
1229 4165 1299 4238 p.
1344 4136 1495 4210 159
1554 4147 1629 4212 et
1681 4139 1956 4237 seqq.).
2031 4137 2502 4238 Dionysii
2557 4132 3039 4212 Theriani

278 4255 387 4334 Τὸ
434 4250 872 4360 Ὁμηρικὸν
912 4258 1220 4358 ζήτημα.
1278 4265 1399 4356 (K
1397 4256 1591 4334 λειώ.
1640 4263 1870 4340 1866.
1925 4263 2058 4342 Nr.
2097 4263 2320 4356 246.)

1443 4436 1597 4519 Ad
1628 4435 1868 4519 442.

488 4601 733 4678 Schol.
792 4604 870 4678 in
928 4602 1405 4706 Aristophan.
1464 4606 1696 4706 Vesp.
1754 4603 1949 4680 544:
2013 4597 2498 4698 Θαλλοφόροι
2538 4601 2610 4675 οἱ
2649 4603 3036 4701 γέροντες,

272 4727 355 4799 οἳ
388 4731 474 4800 ἐν
510 4734 667 4810 τοῖς
715 4729 1308 4818 Παναθηναίοις
1349 4725 1696 4816 θαλλούς
1753 4728 2063 4822 ἔχοντες
2119 4722 2617 4824 πομπεύουσι.
2691 4725 3036 4821 (Thallo-

271 4853 489 4955 phori
527 4865 702 4930 sunt
738 4879 983 4946 senes,
1044 4857 1169 4955 qui
1209 4856 1399 4934 festo
1438 4854 2140 4934 Panathenaeorum
2175 4881 2418 4932 ramos
2453 4864 2833 4956 gestantes
2871 4877 3038 4929 cum

274 5004 552 5083 pompa
586 4981 1007 5075 incedunt.)

1444 5084 1595 5168 Ad
1634 5084 1873 5168 447.

490 5229 916 5310 Athenaeus
976 5231 1226 5329 (XIII,
1270 5229 1448 5328 587,
1488 5234 1569 5326 c)
1626 5232 1973 5329 miratur,
2033 5257 2292 5334 passos
2349 5257 2510 5310 esse
2550 5227 3042 5306 Athenienses
