3725 5850
563 433 720 510 440
1399 451 2017 506 comnenmams
2054 451 2161 504 An
2202 447 2325 505 161.
2368 449 2491 505 163.

562 648 694 728 sed
729 647 824 726 ad
861 671 1332 728 communem
1391 644 1787 724 utilitatem
1845 643 2149 722 condita
2206 645 2469 741 fuerit,
2524 669 2616 722 ex
2666 667 2907 743 aequo
2944 640 3043 720 ad
3082 666 3339 720 omnes

560 779 1008 980 permll‘ell32
1020 929 1063 978 o
1087 901 1236 976 nis
1277 898 1342 974 L
1362 924 1401 977 e
1421 925 1474 998 g
1494 923 1534 976 e
1553 925 1590 975 s
1645 898 1780 993 III,
1823 897 2020 971 684:
2080 896 2421 999 Plerique
2460 895 3079 997 legumlatoribus
3116 917 3337 997 prae-

429 1130 435 1136 ·
565 1027 889 1130 cipiunt,
945 1027 1134 1106 tales·
1191 1037 1271 1103 ut
1325 1026 1533 1124 leges
1570 1022 1854 1118 ferant,
1915 1049 2099 1124 quas
2136 1023 2401 1125 populi
2440 1033 2515 1102 et
2550 1021 3061 1099 multitudines
3097 1021 3339 1098 homi-

563 1179 744 1230 num
797 1151 1141 1230 lubentes
1179 1150 1586 1252 accipiant,
1647 1150 1858 1250 quasi
1922 1150 2049 1252 qui
2106 1149 2725 1228 exercitationum
2780 1147 3153 1248 magistris
3210 1147 3339 1224 vel

557 1278 864 1354 medicis
901 1277 1354 1379 praecipiat,
1413 1285 1496 1351 ut
1552 1301 1722 1350 cum
1778 1275 2167 1374 voluptate
2224 1284 2488 1352 curent
2524 1285 2936 1375 sanentque
2974 1298 3295 1375 corpora
3320 1331 3339 1368 ,

561 1429 750 1506 quae
787 1415 1072 1482 curant.

1748 1501 1901 1586 Aa
1954 1504 2150 1588 101.
2254 1611 2265 1622 ,

771 1673 969 1752 Hinc
1007 1683 1364 1776 apparet,
1423 1669 1632 1773 leges
1672 1697 1823 1748 non
1861 1673 1941 1746 in
1977 1669 2465 1772 praeteritum
2502 1668 2846 1748 valuisse.

768 1800 1065 1900 Regula
1083 1801 1270 1877 haec
1289 1798 1586 1874 nonnisi
1623 1799 1760 1873 sub
1800 1797 2249 1898 imperatore
2274 1797 2701 1874 Theodosio
2726 1800 2847 1891 IL,
2888 1821 3089 1873 anno
3116 1795 3338 1872 Chri-

559 1926 654 2002 sti
695 1926 853 1998 440
889 1924 1204 2000 invaluit
1243 1925 1319 1999 in
1346 1925 1518 2024 jure
1560 1949 1896 2000 romano·
1974 1923 2284 2022 Legitur
2322 1922 2523 1998 enim
2574 1921 2658 1999 L.
2702 1925 2771 1999 7.
2814 1922 2897 1999 O.
2940 1923 3031 1998 de
3071 1923 3214 2021 leg.
3264 1923 3335 2016 1,

559 2052 699 2126 14:
761 2052 1055 2150 „Leges
1094 2060 1168 2125 et
1206 2050 1772 2128 constitutiones
1827 2049 2095 2126 futuris
2150 2059 2426 2125 certum
2475 2060 2585 2126 est
2624 2047 2801 2126 dare
2842 2049 3161 2125 formam
3199 2073 3335 2123 ne·

555 2178 814 2276 gotiis,
874 2202 1026 2252 non
1065 2175 1163 2252 ad
1202 2175 1404 2252 facta
1440 2176 1839 2276 praeterita
1879 2173 2287 2252 revocari.“

769 2323 858 2397 In
896 2321 1284 2418 Hungaria
1321 2346 1519 2396 anno
1567 2319 1770 2393 1486
1827 2319 1967 2395 sub
2018 2342 2194 2419 rege
2234 2317 2547 2396 Matthia
2584 2317 2914 2396 Corvino
2954 2317 3338 2395 constitui-

555 2457 716 2536 tur,
755 2456 835 2522 ut
875 2471 1185 2544 „omnes
1221 2471 1492 2523 causae
1532 2457 1608 2522 et
1644 2445 1832 2541 lites,
1876 2471 2066 2546 quae
2104 2445 2467 2522 hactenus
2507 2469 2731 2546 super
2768 2446 3339 2546 quibuscunque

553 2572 774 2648 rebus
815 2581 890 2646 et
925 2571 1244 2669 negotiis
1281 2582 1521 2646 motae
1559 2583 1770 2664 sunt,
1823 2570 2088 2646 eodem
2126 2569 2379 2646 ordine
2420 2583 2491 2646 et
2527 2595 2884 2670 processu
2910 2570 3143 2671 juris,
3184 2593 3339 2669 quo

553 2696 934 2797 hucusque
973 2706 1416 2773 consvetum
1471 2695 1646 2791 fuit,
1705 2697 2097 2796 prosequi,
2157 2695 2528 2770 terminari
2551 2752 2569 2789 ,
2628 2706 2701 2770 et
2740 2696 2931 2773 finiri
2970 2695 3339 2790 debeant;

552 2823 652 2898 ita
689 2822 1071 2916 videlicet,
1131 2822 1332 2925 quod
1390 2822 2021 2924 praescripti
2081 2820 2489 2898 articuli
2546 2821 3157 2898 solummodo
3216 2817 3337 2896 de

552 2949 932 3026 futuris
989 2961 1082 3025 et
1145 2974 1332 3026 non
1404 2950 1516 3026 de
1581 2949 2178 3050 praeteritis
2238 2948 2675 3024 confecti
2742 2947 3331 3045 intelligan-

549 3084 581 3149 t
601 3074 774 3153 ur.“
837 3077 1280 3169 (Decretum
1317 3074 1447 3171 VI,
1487 3076 1840 3153 articulus
1883 3075 2049 3167 70.)

763 3216 987 3321 Apud
1025 3219 1556 3318 Francogallos
1613 3223 1852 3297 multo
1911 3218 2191 3296 tardius
2247 3215 2559 3294 invaluit
2594 3218 2775 3295 haec
2812 3218 3073 3318 regula
3117 3217 3331 3320 juris,

555 3345 716 3442 „La
771 3345 874 3421 loi
930 3366 1024 3420 ne
1074 3342 1372 3445 dispose
1411 3372 1554 3445 que
1592 3372 1788 3447 pour
1823 3346 1867 3420 l’
1910 3344 2213 3439 avenir3
2271 3341 2406 3419 elle
2448 3340 2518 3419 n'
2560 3370 2605 3419 a
2640 3344 2851 3443 point
2889 3344 2956 3421 d’
2998 3346 3177 3420 effet
3210 3366 3329 3419 re-

549 3469 916 3547 troactif.“
975 3471 1080 3565 (O
1101 3500 1148 3549 o
1169 3474 1218 3551 d
1241 3500 1280 3549 e
1319 3475 1392 3553 N
1409 3500 1454 3551 a
1476 3502 1526 3576 p
1550 3501 1597 3550 o
1620 3476 1705 3551 le
1729 3505 1771 3551 o
1791 3502 1867 3549 n.
1926 3472 2134 3549 Titre
2173 3471 2696 3573 preliminaire.
2738 3474 2851 3565 2.)

761 3614 1128 3713 Regulam
1165 3642 1459 3718 quoque
1484 3618 1699 3718 juris,
1740 3618 1943 3718 quod
1966 3618 2086 3693 lex
2126 3616 2499 3717 posterior
2536 3614 2845 3715 deroget
2880 3614 3130 3717 priori,
3172 3614 3331 3689 vim

551 3740 900 3816 habuisse
939 3742 1136 3840 apud
1176 3740 1547 3836 Graecos,
1606 3752 1814 3843 patet
1847 3768 1900 3844 ¹e
1940 3738 2315 3817 Plutarchi
2355 3740 2931 3834 Quaestionibus
2969 3738 3329 3816 conviva-

548 3866 744 3943 libus
781 3866 958 3960 (IX,
1001 3868 1123 3962 13,
1167 3868 1284 3965 3),
1326 3870 1454 3945 ubi
1491 3869 1844 3969 legimus:
1907 3866 1993 3940 ἔν
2050 3894 2126 3940 τε
2184 3860 2509 3967 δόγμασι
2558 3870 2694 3939 καὶ
2734 3861 2998 3965 νόμοις
3036 3860 3329 3963 κυριώ-

547 4018 726 4089 τερα
763 3982 860 4064 τοὶ
901 3984 1178 4091 ὕστερα
1217 3994 1611 4087 νομίζεται
1651 3996 1790 4065 καὶ
1829 3987 2285 4093 βεβαιότερα
2322 3988 2482 4065 τῶν
2520 3986 2852 4090 πρώτων.
2899 3993 3029 4086 (In
3068 3991 3327 4069 decre-

549 4118 645 4193 tis
683 4130 756 4196 et
792 4120 1084 4220 legibus
1123 4121 1535 4221 posteriora
1571 4120 1946 4221 prioribus
1986 4120 2155 4221 plus
2206 4119 2458 4197 valere
2499 4120 3005 4221 majoremque
3043 4116 3327 4193 habere

549 4244 1061 4322 auctoritatem
1097 4249 1556 4338 censentur.)

759 4387 876 4462 De
916 4386 1200 4466 ratione
1237 4388 1710 4468 ferendarum
1749 4389 2004 4489 legum
2051 4388 2251 4492 apud
2292 4388 2624 4467 Graecos
2661 4388 2955 4490 scripsit
2992 4388 3158 4465 Car.
3198 4388 3323 4465 Fr.

548 4497 1384 4592 Herma11nus2Uber
1423 4514 1823 4611 Gesetz,
1876 4514 2654 4615 Gesctzgebung
2699 4513 2894 4590 und
2943 4524 3321 4614 gesetz-

549 4636 1006 4738 gebende
1049 4638 1432 4718 Gewalt
1469 4641 1587 4716 im
1626 4640 2343 4742 griechischen
2384 4637 3031 4719 Alterthume.
3093 4640 3321 4733 (Got-

544 4764 798 4864 tingae
841 4763 1112 4861 1849.)

1722 4904 1875 4990 Ad
1927 4909 2143 4991 103.

759 5077 1008 5169 Quum
1064 5074 1319 5177 populi
1375 5076 1768 5152 multitudo
1827 5102 2104 5177 magna
2160 5086 2356 5153 esset
2410 5100 2784 5177 saepeque
2822 5074 3315 5178 deciperetur,

546 5224 698 5277 non
739 5199 1380 5295 animadvertens,
1438 5199 1740 5279 frausne
1779 5202 2029 5301 aliqua
2063 5202 2146 5277 in
2186 5201 2484 5278 decreto
2522 5201 2820 5298 lateret,
2881 5200 3201 5303 primum
3236 5204 3315 5277 in
