3725 5850
627 459 721 535 61
741 461 790 535 4
1427 471 2050 529 comm-Amos
2088 467 2197 520 An
2240 465 2398 524 1399.
2443 465 2603 523 1401.

843 671 1065 775 Apud
1104 673 1484 749 Romanos
1523 669 1644 744 lex
1683 663 2022 744 Falcidia
2059 663 2214 739 lata
2246 675 2387 758 est,
2430 686 2623 762 quae
2662 665 2903 766 primo
2943 665 3189 764 capite
3224 663 3400 739 libe-

629 828 786 878 ram
824 797 1127 897 legandi
1165 796 1596 873 facultatem
1635 790 1836 869 dedit
1875 813 2115 890 usquc=
2148 787 2245 864 ad
2284 787 2728 866 dodrantem
2767 790 2880 866 his
2918 789 3209 866 verbis:
3248 790 3405 889 qui

627 927 902 1003 cives
975 920 1386 998 Romani
1461 927 1748 1008 sunt,
1833 915 1994 1015 qui
2069 938 2400 990 eorum
2478 925 2704 1014 post
2774 915 3023 991 hanc
3096 916 3409 1015 legem

631 1059 1077 1149 rogatam
1151 1053 1862 1123 testamentum
1940 1041 2275 1117 facere
2335 1040 2650 1131 volet,
2728 1049 2826 1115 ut
2880 1066 3080 1117 eam
3134 1065 3409 1140 pecu-

633 1176 888 1251 niam
947 1197 1309 1271 easque
1367 1195 1522 1245 res
1578 1166 2141 1267 quibusque
2200 1161 2433 1240 dare
2490 1166 2829 1263 legare
2888 1162 3208 1257 volet,
3258 1165 3412 1265 jus

631 1310 1298 1402 potestasque
1355 1305 1586 1371 estc.
1665 1289 2015 1368 Secundo
2052 1289 2301 1390 capite
2339 1291 2648 1367 modum
2680 1289 3105 1388 legatorum
3140 1289 3412 1367 consti-

631 1428 774 1502 tuit
835 1424 950 1500 his
1008 1421 1298 1499 verbis:
1375 1421 1943 1520 quicunque
2022 1415 2277 1492 civis
2332 1415 2823 1492 Romanus
2890 1427 3119 1516 post
3174 1415 3417 1492 hanc

633 1545 960 1651 legem
1034 1557 1480 1649 rogatam
1557 1552 2265 1622 testamentum
2340 1542 2698 1637 faciet,
2790 1543 2877 1618 is
2952 1553 3417 1642 quantam

636 1676 994 1775 cuique
1049 1672 1252 1749 civi
1305 1672 1730 1747 Romano
1807 1667 2335 1770 pecuniam
2400 1667 2625 1768 jure
2696 1666 3108 1769 publico
3184 1667 3419 1744 dare

637 1801 980 1900 legare
1037 1798 1354 1890 volet,
1402 1797 1564 1896 jus
1619 1803 2287 1896 potestasque
2342 1803 2595 1886 esto,
2672 1791 2883 1868 dum
2937 1794 3077 1868 ita
3132 1793 3420 1870 detur

637 1927 1113 2024 legatum,
1173 1948 1286 1997 ne
1341 1921 1696 2013 minus,
1755 1943 2033 2018 quam
2089 1926 2469 2017 partem
2527 1930 2981 2016 quartam
3036 1919 3419 1996 heredi-

636 2050 878 2126 tatis
936 2073 1041 2123 eo
1097 2055 1701 2123 testamento
1757 2042 2179 2121 heredes
2238 2043 2671 2144 capiant.
2730 2041 2979 2136 (Paul.
3022 2044 3189 2119 libr.
3228 2044 3419 2141 sing.

638 2175 734 2252 ad
771 2173 913 2273 leg.
955 2173 1159 2248 Falc.
1201 2172 1283 2247 fr.
1333 2171 1398 2246 1.
1451 2211 1548 2222 -—
1613 2167 1786 2271 Gaji
1826 2169 2006 2245 Inst.
2050 2169 2145 2262 II,
2190 2164 2365 2242 227.
2422 2209 2523 2220 --
2586 2167 2887 2268 Ulpian.
2928 2167 3211 2262 XXIV,
3256 2169 3421 2262 32.)

851 2315 1117 2392 Suidas
1178 2342 1231 2389 s.
1277 2341 1346 2389 v.
1414 2295 1838 2395 ᾧαλκίδιος
1898 2311 2191 2386 scribit:
2252 2310 2586 2387 Falcidia
2633 2311 2756 2386 lex
2794 2335 2839 2386 a
2876 2308 3063 2412 Cajo
3104 2309 3425 2390 Octavio

639 2441 960 2521 Caesare
1001 2441 1150 2516 lata
1187 2455 1337 2531 est,
1395 2439 1792 2514 maximam
1831 2438 2053 2512 etiam
2094 2463 2297 2512 nunc
2334 2437 2814 2513 autoritatem
2852 2435 3137 2514 habens
3176 2439 3252 2512 in
3294 2435 3423 2513 he-

638 2566 1036 2646 reditatum
1076 2564 1713 2641 successionibus:
1772 2589 1816 2638 a
1853 2561 2188 2639 Falcidio
2230 2563 2531 2640 tribuno
2572 2561 2812 2664 plebis
2853 2575 3134 2662 rogata.

857 2689 1060 2790 Lege
1115 2691 1286 2769 XII.
1347 2690 1768 2766 tabularum
1823 2701 2115 2790 pater
2191 2687 2631 2764 familias
2708 2690 2847 2764 uti
2928 2715 3226 2790 super
3302 2687 3429 2764 fa-

645 2815 924 2894 milia
989 2815 1614 2918 pecuniaque
1673 2837 1842 2890 sua
1898 2814 2365 2911 legassit‚
2424 2813 2562 2889 ita
2608 2816 2765 2915 jus
2822 2825 3057 2893 esto.
3118 2811 3428 2908 (Cicero

644 2944 735 3021 de
773 2944 1057 3020 invent.
1100 2944 1196 3038 II,
1242 2941 1462 3032 156.)

858 3068 1136 3145 Eadem
1173 3068 1341 3168 lege
1382 3065 1776 3143 duodecim
1814 3066 2239 3143 tabularum
2276 3065 2417 3141 uti
2457 3066 2543 3142 le
2565 3094 2617 3166 g
2640 3093 2685 3142 a
2704 3094 2737 3143 s
2760 3096 2794 3141 s
2821 3068 2895 3142 it
2944 3094 2979 3143 s
3000 3094 3049 3144 u
3068 3096 3120 3170 p
3144 3092 3183 3143 e
3206 3094 3243 3145 r
3280 3096 3329 3169 p
3352 3092 3431 3143 e-

645 3194 934 3271 cunia
981 3193 1437 3269 tutelave
1489 3212 1724 3268 suae
1772 3191 1959 3286 rei,
2018 3192 2155 3265 ita
2192 3191 2355 3289 jus
2392 3203 2625 3266 esto.
2689 3191 3034 3295 (Ulpian.
3075 3192 3209 3287 XI,
3254 3192 3425 3283 14.)

859 3318 1107 3394 Mutus
1130 3376 1146 3409 ,
1207 3316 1511 3411 surdus,
1573 3316 1933 3409 furiorus,
1990 3317 2314 3415 itemque
2372 3317 2772 3417 prodigus,
2832 3320 2948 3392 cui
2999 3320 3161 3417 lege
3203 3319 3427 3394 bonis

644 3442 1120 3521 interdictum
1143 3453 1274 3536 cst,
1307 3450 1838 3519 testamentum
1874 3441 2121 3517 facere
2141 3464 2295 3516 non
2317 3452 2647 3541 possunt.
2686 3440 3033 3543 (Ulpian.
3056 3445 3229 3539 XX,
3262 3444 3430 3538 13.)

1806 3647 1959 3735 M
2001 3650 2269 3733 1401.

863 3821 1116 3895 Isaeus
1156 3814 1244 3893 de
1285 3817 1548 3920 Pyrrhi
1587 3816 1832 3893 hered.
1872 3814 2019 3889 68:
2066 3804 2171 3887 ‘O
2222 3808 2371 3915 γάρ
2429 3807 2665 3912 νόμος
2724 3811 3137 3914 διαρρήδην
3184 3821 3427 3920 λέγει,

649 3950 928 4034 ἐξεῖναι
987 3940 1405 4015 διαθέσθαι
1463 3936 1662 4026 ὅπως
1720 3933 1827 4013 ἂν
1882 3942 2115 4037 ἐθέλῃ
2170 3968 2279 4026 τις
2334 3936 2427 4012 τὰ
2478 3932 2773 4031 αὑτοῦ,
2832 3937 2975 4017 ἐὰν
3002 3940 3111 4039 μὴ
3156 3940 3429 4030 παῖδας

651 4071 1009 4172 γνησίους
1047 4071 1439 4163 καταλίπῃ
1479 4058 1834 4167 ἄρρενας·
1880 4059 1981 4140 ἂν
2015 4061 2091 4139 δὲ
2119 4070 2427 4156 θηλείας
2459 4071 2876 4164 καταλίπῃ,
2903 4064 3053 4143 σύν
3088 4066 3429 4156 ταύταις·

659 4188 971 4268 οὐκοῦν
1019 4188 1211 4290 μετά
1277 4190 1430 4267 τῶν
1487 4196 1935 4297 θυγατέρων
1993 4194 2149 4267 ἔστι
2188 4188 2466 4267 δοῦναι
2506 4197 2645 4267 καὶ
2686 4191 3103 4269 διαθέσθαι
3143 4193 3237 4268 τά
3280 4193 3431 4271 αὐ-

657 4316 798 4393 τοῦ
823 4374 844 4407 ,
903 4312 1096 4395 ἄνευ
1155 4316 1230 4394 δὲ
1289 4316 1448 4395 τῶν
1501 4323 1838 4423 γνησίων
1899 4324 2347 4423 θυγατέρων
2404 4313 2583 4413 οὐχ’
2624 4312 2801 4395 οἶόν
2856 4348 2934 4395 τε
2992 4312 3175 4396 οὔτε
3216 4322 3427 4413 παιή-

657 4449 946 4519 σασθαι
1001 4437 1184 4519 οὔτε
1241 4440 1522 4519 δοῦναι
1577 4440 1846 4520 οὐδενὶ
1908 4441 2143 4521 οὐδὲν
2199 4444 2354 4520 τῶν
2412 4446 2717 4521 ἑαυτοῦ.
2796 4450 2999 4541 (Lex
3058 4452 3257 4526 enim
3306 4476 3426 4527 ex-

657 4573 932 4673 pressis
990 4572 1236 4648 verbis
1292 4574 1398 4648 ita
1453 4574 1852 4673 praecipit,
1913 4575 2037 4671 qui
2096 4574 2384 4675 prolem
2436 4575 2847 4649 masculam
2884 4574 3170 4651 nullam
3206 4577 3425 4651 relin-

657 4708 875 4800 quat,
941 4698 1008 4772 ei
1045 4697 1266 4775 licere
1308 4698 1508 4774 bona
1545 4724 1680 4774 sua
1721 4726 1856 4801 per
1894 4710 2422 4777 testamentum
2462 4701 2875 4799 cuicunque
2925 4700 3098 4776 velit
3136 4700 3424 4799 legare:

659 4824 774 4901 sin
830 4834 1074 4899 autem
1133 4822 1321 4898 filias
1379 4819 1787 4923 relinquat,
1847 4848 2019 4900 cum
2076 4824 2209 4899 his.
2288 4822 2500 4900 Licet
2555 4820 2736 4923 ergo
2792 4824 3011 4901 alicui
3061 4824 3264 4901 bona
3298 4852 3425 4903 sua

658 4948 950 5046 legare,
1007 4948 1068 5023 si
1127 4970 1278 5022 una
1329 4973 1498 5023 cum
1534 4947 1752 5025 bonis
1793 4949 2021 5025 filiam
2058 4974 2351 5049 quoque
2394 4949 2633 5026 eidem
2672 4948 3011 5047 deleget3
3068 4977 3225 5027 non
3260 4952 3425 5027 licet

657 5080 907 5149 aute‘m
947 5073 1260 5148 filiarum
1298 5074 1796 5172 legitimarum
1833 5077 2117 5152 ratione
2176 5076 2381 5153 nulla
2408 5074 2673 5153 habita
2694 5070 3036 5177 'aliquem
3073 5078 3421 5179 adoptare

659 5199 872 5297 eique
909 5196 1109 5275 bona
1145 5222 1278 5275 sua
1303 5199 1630 5296 legare.)
1936 5206 1943 5213 ’
2544 5204 2549 5211 ’
