3725 5850
677 366 832 442 466
1355 385 1979 438 COMMENTARIUS
2014 385 2122 436 AD
2160 385 2291 440 342.
2330 381 2457 439 346.
2496 381 2625 438 348.
2663 380 2789 436 349.

672 579 991 676 buebat,
1052 580 1176 681 qui
1214 578 1458 679 gentis
1497 577 1794 678 quidem
1833 575 2165 678 ejusdem
2204 603 2360 654 non
2398 587 2689 668 essent,
2752 581 3063 676 propter
3106 574 3453 651 virtutem

677 715 926 781 tamen
965 715 1216 781 essent
1254 704 1502 804 digni,
1569 704 1692 803 qui
1729 702 2294 779 honorarentur.

1853 912 2005 996 Ad
2044 913 2281 996 342.

892 1079 1138 1157 Schol.
1178 1081 1257 1156 in
1300 1078 1775 1181 Aristophan.
1817 1077 2042 1156 Aves.
2103 1078 2299 1152 450:
2360 1075 2546 1162 ἔθος
2604 1067 2703 1166 ἦν
2754 1069 2939 1160 τούς
2991 1069 3456 1168 ταξιάρχους

675 1199 801 1278 διὰ
839 1199 1182 1301 κήρυκος
1239 1197 1745 1306 ἀπαγγέλλειν
1780 1209 1941 1287 τοῖς
1982 1198 2277 1275 ἑαυτῶν
2336 1197 2823 1300 στρατιώταις
2857 1195 2951 1273 τοὶ
2995 1195 3417 1301 δεδογμένα
3440 1253 3461 1286 ,

677 1325 853 1404 οἷον
889 1339 1027 1404 ποῖ
1061 1325 1180 1403 δεῖ
1211 1325 1677 1426 πορεύεσθαι
1716 1331 1854 1400 καὶ
1896 1321 2157 1400 πόσων
2202 1317 2503 1424 ἦμερῶν
2538 1323 2655 1400 δεῖ
2679 1327 2881 1399 σιτία
2922 1329 3453 1422 προνοεῖσθαι.

673 1457 944 1550 (Moris
985 1468 1177 1550 erat,
1237 1467 1320 1532 ut
1359 1454 1693 1532 ordinum
1733 1455 1959 1532 duces
2010 1479 2145 1557 per
2201 1477 2649 1556 praeconem
2700 1451 3242 1530 annunciarent
3297 1449 3457 1552 pla-

675 1582 822 1660 cita
858 1583 1009 1659 suis
1047 1583 1439 1678 militibus,
1499 1580 1818 1683 exempli
1874 1581 2115 1679 gratia
2169 1607 2316 1682 quo
2374 1590 2719 1682 oporteat
2756 1579 3126 1681 proficisci
3165 1588 3242 1654 et
3278 1589 3460 1678 quot

679 1707 968 1785 dierum
1003 1708 1278 1783 victum
1317 1706 1778 1809 providere.)

888 1831 1109 1933 Apud
1133 1831 1764 1907 Lacedaemonios
1802 1840 2199 1930 praeerant
2234 1828 2531 1905 selectis
2565 1829 2818 1929 gravis
2858 1838 3273 1904 armaturae
3316 1827 3451 1901 mi·

601 2019 606 2024 ,
674 1957 925 2033 litibus
965 1957 1502 2058 Hippagretae.
1565 1955 1795 2048 (Hes
1815 1954 2016 2055 ych.
2073 1981 2127 2029 s.
2166 1981 2237 2029 v,
2283 1945 2844 2054 Ἴππαγρέται.)

887 2081 1038 2157 Sed
1087 2080 1498 2158 secundum
1553 2080 2144 2181 Xenophontem
2199 2080 2309 2174 (L
2332 2105 2377 2155 a
2397 2104 2437 2154 c
2459 2105 2497 2154 e
2521 2078 2567 2153 d
2591 2105 2636 2155 a
2657 2104 2697 2153 e
2725 2105 2820 2153 m.
2880 2107 2919 2154 r
2940 2103 2979 2153 e
3003 2105 3037 2152 s
3061 2103 3128 2176 p.
3190 2076 3323 2172 IV,
3363 2078 3453 2170 3)

676 2206 958 2308 Ephori
999 2206 1383 2306 eligebant
1422 2231 1460 2280 e
1501 2230 1812 2280 numero
1870 2230 2162 2299 eorum,
2223 2204 2348 2304 qui
2406 2213 2647 2278 aetate
2691 2213 2901 2279 erant
2940 2214 3244 2298 vegeta,
3303 2216 3453 2278 tres

677 2332 913 2426 virOS,
975 2357 1162 2432 quos
1219 2331 1727 2431 Hippagretas
1784 2329 2179 2406 vocabant.
2260 2327 2540 2405 Eorum
2600 2328 2910 2428 quisque
2968 2339 3272 2403 centum
3309 2328 3451 2403 sibi

673 2456 873 2532 viros
912 2455 1332 2555 deligebat,
1389 2479 1475 2531 ac
1535 2453 1752 2530 simul
1805 2453 2231 2531 declarabat
2268 2451 2756 2553 quamobrem
2794 2453 2977 2529 alios
3017 2453 3450 2554 praeferret,

675 2580 857 2656 alios
895 2581 1254 2681 rejiceret.

1854 2683 2006 2767 Ad
2044 2685 2277 2768 346.

886 2847 1111 2952 Apud
1169 2847 1805 2927 Lacedaemonios
1866 2861 2079 2927 erant
2149 2847 2534 2948 Agatho
2564 2849 2779 2949 ergi
2851 2850 3023 2942 (seu
3079 2849 3448 2925 Beneme-

675 2975 833 3068 riti)
871 2976 1071 3051 cives
1111 3001 1150 3051 e
1189 2975 1453 3052 militia
1490 2976 1814 3076 equestri
1855 2977 2179 3074 egressi,
2238 2987 2483 3052 aetate
2522 3001 2817 3077 semper
2854 2974 3195 3071 maximi,
3235 2974 3451 3075 quin-

675 3126 817 3199 que
855 3100 1290 3202 quotannis,
1353 3100 1478 3200 qui
1518 3127 1607 3177 eo
1647 3126 1889 3195 anno,
1950 3127 2097 3201 quo
2156 3126 2248 3176 ex
2306 3098 2672 3199 equitibus
2711 3101 3145 3194 exiverunt,
3204 3101 3451 3201 reipu-

672 3224 909 3300 blicae
968 3251 1194 3302 causa
1247 3224 1789 3326 Spartanorum
1843 3227 2031 3302 alius
2090 3224 2233 3303 alio
2274 3225 2859 3301 dimittebantur.
2934 3224 3450 3317 (Herodot.

675 3350 731 3446 I’
773 3348 946 3444 Μ’)
1849 3454 2001 3537 Aa
2040 3456 2244 3538 348

886 3618 1460 3722 Xenophon.
1500 3622 1610 3697 de
1649 3622 2134 3722 magistro
2175 3622 2473 3723 equit.
2512 3622 2566 3712 I,
2613 3621 2703 3695 8:
2743 3620 2936 3713 Quia
2976 3618 3238 3695 civitas
3278 3632 3449 3697 rata

675 3742 964 3819 difficile
1003 3742 1358 3845 quiddam
1395 3772 1580 3841 esse,
1620 3746 1878 3848 perfici
1915 3747 2099 3822 h'aec
2130 3772 2175 3824 a
2198 3747 2358 3823 solo
2398 3746 2759 3847 magistro
2800 3743 3125 3845 equitum
3164 3745 3445 3844 omnia,

673 3869 1012 3945 tribunos
1049 3870 1116 3945 ei
1156 3869 1415 3970 deligit
1453 3871 1846 3975 adjutores.

887 3992 1236 4095 Equitum
1276 3998 1609 4098 magistri
1649 4024 1802 4073 non
1840 4008 2039 4073 sorte
2087 3995 2573 4093 creabantur,
2633 3995 2764 4073 sed
2805 4000 3179 4099 suffragiis
3218 3998 3453 4097 elige-

674 4120 964 4196 bantur.
1059 4121 1367 4220 Legitur
1432 4122 1631 4198 enim
1685 4124 1766 4197 in
1837 4122 2241 4223 Hyperidis
2316 4124 2650 4199 oratione
2727 4150 2866 4224 pro
2942 4124 3452 4227 Lycophrone

675 4247 1048 4343 (fragm.
1091 4247 1268 4340 155,
1313 4244 1492 4340 13):
1548 4236 1765 4342 ὑμεῖς
1792 4274 1893 4342 με
1933 4242 2238 4344 πρῶτον
2264 4247 2413 4343 μὲν
2450 4242 2867 4348 φύλαρχον
2922 4254 3130 4342 ἔχει
3154 4278 3199 4347 ρ
3222 4277 3455 4324 ovo—

675 4365 1076 4458 νήσατε,
1136 4370 1389 4445 ἔπειτα
1447 4374 1554 4457 εἰς
1589 4370 1917 4469 Λῆμνον
1969 4356 2386 4468 ἵππαρχον.
2462 4374 2559 4450 Et
2613 4376 2816 4476 apud
2853 4376 3452 4467 Demosthenem

675 4496 914 4590 (δᾶν.
955 4496 1380 4600 Philipp.
1420 4498 1476 4589 I,
1515 4490 1590 4600 p.
1633 4500 1822 4592 47):
1882 4491 2039 4571 οὐκ
2089 4502 2851 4593 ἐχειροτονεῖτε
2902 4496 3090 4576 δέκα
3128 4498 3453 4597 ταξιάρ-

662 4642 863 4713 χους
897 4624 1038 4695 καὶ
1076 4619 1539 4726 στρατηγούς
1576 4628 1711 4699 καὶ
1751 4619 2197 4723 φυλάρχους
2232 4626 2371 4698 καὶ
2410 4620 2840 4722 ἱππάρχους
2878 4622 3067 4719 δύος

1844 4838 2000 4922 Aa
2038 4839 2269 4922 ³40.

885 4980 1107 5083 Apud
1165 4980 1795 5063 Lacedaemonios
1852 4983 2136 5088 Ephori
2194 5011 2429 5063 annos
2491 4988 2753 5065 aetatis
2809 4987 3245 5069 indicabant
3298 5018 3447 5093 pu·

671 5104 866 5183 blice
887 5166 906 5204 ,
964 5107 1346 5206 quibus'in
1381 5109 1723 5187 militiam
1759 5121 1920 5188 tum
1962 5112 2373 5211 equitibus,
2434 5122 2589 5189 tum
2626 5114 2997 5215 peditibus
3032 5117 3289 5213 gravis
3326 5144 3449 5197 ar·
