3725 5850
761 456 915 537 462
1268 484 1886 540 communivimus
1925 486 2031 539 An
2071 482 2195 539 296.
2235 478 2361 535 303.
2401 482 2526 539 304.
2565 483 2691 539 305.
2729 480 2853 539 000.
2894 484 3023 539 300.

756 679 1179 775 norificum‚
1220 678 1565 778 quoniam
1604 676 1908 757 Boonae
1947 704 1990 757 e
2027 676 2342 756 ducibus
2379 678 2848 781 potissimum
2888 675 3262 757 exercitus
3293 674 3498 753 creari

754 803 1124 881 solebant.

970 928 1219 1007 Schol.
1262 931 1342 1007 in
1377 928 1765 1007 Demosth.
1804 929 1984 1009 Mid.
2025 930 2127 1005 57
2130 932 2204 1023 0,
2241 928 2332 1007 7:
2389 925 2701 1019 Βοώνης
2755 918 2799 1005 ὅ
2857 922 3300 1027 ὠνούμενος
3331 926 3500 1023 βοῦς

755 1052 862 1136 εἰς
895 1046 1032 1137 τὰς
1068 1050 1355 1153 ἑορτάς.
1434 1050 1787 1151 (Boc-irns-
1825 1057 1952 1156 qui
1989 1056 2224 1134 boves
2259 1058 2442 1134 emit
2477 1056 2572 1133 ad
2609 1056 2865 1151 festa.)

1927 1268 2081 1354 Ad
2120 1269 2353 1353 208.

966 1432 1255 1514 Pollux.
1297 1430 1505 1528 VIII,
1554 1433 1744 1507 114:
1800 1430 2148 1505 Σιτῶναι
2188 1433 2264 1505 οἱ
2303 1426 2873 1529 σιτωνούμενοι.
2944 1433 3092 1509 Pro
3129 1422 3498 1505 συνωνού-

743 1581 971 1651 μενοι
1011 1560 1227 1658 posui
1269 1552 1819 1653 σιτωνούμενοι
1837 1612 1862 1645 ,
1923 1558 2126 1659 quod
2161 1584 2322 1635 rem
2359 1560 2704 1661 explicat.

800 1794 832 1812 .
966 1680 1214 1759 Schol.
1270 1683 1658 1760 Demosth.
1720 1680 1992 1759 Coron.
2047 1710 2122 1784 p.
2173 1683 2352 1779 310,
2421 1686 2508 1758 2:
2584 1678 2982 1771 Σιτώνην,
3039 1674 3492 1785 ἀγοράζοντα

752 1812 995 1865 σιτον.

1925 1910 2076 1994 Ad
2121 1913 2356 1996 303.

967 2080 1323 2157 Naucrari
1369 2102 1460 2157 eo
1497 2090 1833 2181 tempore
1871 2076 2216 2155 videntur
2251 2079 2570 2157 instituti
2608 2080 2868 2176 fuisse,
2909 2103 3080 2155 cum
3118 2074 3490 2153 Athenien-

750 2230 869 2281 ses
924 2204 1491 2305 Megarensibus
1548 2206 1829 2281 bellum
1903 2204 2316 2281 indicentes
2389 2204 2712 2281 navibus
2765 2204 3212 2301 indigebant
3231 2260 3250 2298 ,
3323 2198 3493 2301 quod

748 2330 899 2405 iam
932 2330 1014 2405 in
1050 2340 1373 2409 aetatem
1408 2330 1709 2409 Solonis
1745 2329 2024 2407 incidit.
2099 2328 2193 2407 V.
2233 2330 2288 2406 S
2309 2356 2348 2406 c
2368 2330 2417 2405 h
2437 2340 2484 2405 ὃ
2512 2356 2586 2405 m
2605 2356 2652 2407 a
2669 2358 2722 2405 n
2743 2354 2794 2405 n
2833 2324 3496 2426 Verfassungs-Ge·

750 2452 1076 2529 schichte
1102 2452 1408 2553 Athene,
1448 2484 1521 2557 p.
1548 2456 1679 2550 143
1718 2456 1843 2555 qui
1882 2454 2156 2531 ibidem
2196 2454 2288 2531 de
2319 2454 2774 2557 etymologia
2792 2454 3136 2533 vocabuli
3177 2478 3498 2547 ναυκρα-

751 2578 877 2676 ρία
916 2602 1211 2680 quoque
1248 2589 1507 2656 contra
1544 2578 1777 2657 Grote
1812 2578 2172 2681 disputat,
2215 2604 2508 2678 negans
2545 2604 2716 2658 cum
2753 2579 3162 2657 clarissimo
3192 2576 3498 2654 Bockhio

750 2703 891 2781 hoc
928 2728 1097 2781 cum
1134 2705 1383 2779 ναίειν
1420 2704 1835 2783 cohaerere.

1925 2876 2078 2964 Ad
2116 2880 2352 2966 304.

962 3047 1391 3126 Herodotus
1430 3045 1570 3144 (V,
1610 3047 1757 3141 71)
1796 3048 2128 3149 loquitur
2163 3048 2255 3125 de
2293 3049 2734 3152 prytanibus
2773 3049 3354 3142 Naucrarorum‚
3392 3046 3500 3148 qui

747 3183 920 3250 ante
960 3174 1325 3252 Pisistrati
1364 3185 1682 3253 aetatem
1722 3174 2104 3252 civitatem
2139 3174 2780 3252 administrabant.

961 3299 1081 3384 Ad
1114 3301 1313 3378 hunc
1350 3300 1595 3378 locum
1648 3298 1959 3378 adnotat
1994 3299 2262 3380 Suidas
2319 3305 2418 3395 (s,
2457 3329 2525 3378 v.
2575 3301 3104 3398 Ναυκραρία),
3168 3297 3360 3399 quod
3397 3323 3492 3374 ar-

747 3424 1055 3505 chontes
1094 3424 1269 3502 olim
1304 3426 1647 3504 naucrari
1683 3425 1960 3504 fuerint
1995 3427 2262 3502 vocati.

1922 3635 2073 3719 Ad
2110 3637 2344 3719 30⁵.

960 3801 1245 3880 Eadem
1296 3802 1579 3879 habent
1617 3802 1792 3878 Lex.
1834 3799 2139 3903 Seguer.
2197 3831 2270 3904 p.
2312 3804 2466 3877 255
2522 3802 2721 3905 apud
2761 3799 3059 3878 Bekker
3095 3812 3170 3877 et
3208 3799 3487 3892 Suidas,

746 3927 886 4003 nisi
926 3928 1126 4028 quod
1166 3929 1243 4004 in
1278 3928 1424 4005 illis
1462 3929 1757 4027 legatur
1793 3929 1899 4012 εἰς
1935 3921 2026 4002 τὸ
2065 3925 2435 4026 ἐμπόριον
2470 3923 2561 4003 τὸ
2611 3921 2660 4000 ἆ
2684 3950 2791 4000 στ
2813 3955 2916 4000 cx
2937 3923 2980 4000 o'
3003 3953 3066 4005 ν.

1918 4157 2070 4241 Ad
2114 4159 2346 4242 300.

959 4321 1139 4398 Lex.
1200 4322 1507 4422 Seguer.
1566 4352 1640 4425 p.
1680 4325 1879 4402 212:
1928 4319 2658 4428 Ἀγορανόμος·
2718 4320 3121 4416 δικαστής,
3181 4312 3226 4398 ὁ
3283 4327 3364 4400 ἐν
3412 4315 3488 4414 τῇ

744 4437 993 4546 ἀγορᾷ
1032 4447 1281 4542 νέμων
1316 4443 1405 4521 τὸ
1448 4445 1783 4527 δίκαιον.
1861 4451 2422 4551 (Agoranomua
2459 4461 2574 4528 est
2599 4450 2877 4553 judex,
2920 4453 3044 4554 qui
3079 4453 3158 4528 in
3197 4453 3371 4528 foro.
3381 4451 3489 4550 jus

744 4571 1185 4664 distribuit.)

1920 4680 2071 4764 Ad
2110 4682 2344 4765 308.

958 4841 1131 4918 Non
1188 4845 1643 4922 credendum
1698 4847 1857 4923 sive
1917 4847 2166 4924 Photii
2224 4845 2511 4922 verbis:
2579 4835 2776 4934 ἦσαν
2831 4841 2911 4918 δὲ
2965 4840 3114 4920 τὸν
3169 4837 3490 4944 ἀριθμὸν

745 4961 974 5055 δέκα,
1018 4969 1235 5040 πέντε
1262 4970 1413 5066 μὲν
1451 4972 1557 5057 εἰς
1596 4966 1930 5069 Πειραιᾶ
1953 5027 1974 5059 ,
2029 4974 2249 5045 ἐννέα
2289 4965 2365 5043 δὲ.
2405 4972 2511 5055 εἰς
2551 4961 2745 5044 ἄστυ
2785 4971 3060 5064 (Erant
3095 4983 3344 5048 autem
3375 4995 3484 5045 nu-

740 5119 943 5170 mero
982 5093 1280 5170 decemz
1338 5096 1657 5196 quinque
1712 5097 1791 5172 in
1841 5098 2194 5191 Piraeon,
2253 5121 2526 5173 novem
2583 5097 2660 5172 in
2723 5098 2986 5187 urbe),
3043 5097 3206 5174 sive
3263 5120 3484 5172 narra·

738 5221 920 5296 tioni
958 5221 1034 5295 in
1076 5218 1254 5298 Lex.
1297 5219 1603 5321 Seguer.
1664 5249 1735 5323 p.
1778 5223 1974 5297 278:
2035 5217 2221 5294 δέκα
2277 5215 2421 5293 τὸν
2477 5215 2870 5318 ἀριθμὸν,
2932 5208 3042 5294 ὦν
3103 5224 3323 5295 πέντε
3359 5221 3486 5316 μέν
