3725 5850
1194 484 1519 541 commen
1540 482 1811 537 mame
1848 446 2048 545 Auass
2091 482 2142 538 5.
2889 464 3044 548 ‚411

498 676 993 777 Praecipuum
1046 686 1295 755 tamen
1352 702 1641 778 poenae
1714 680 1944 757 finem
2001 678 2332 767 declarat
2379 678 2597 759 Plato
2652 680 2732 757 in
2789 678 3056 759 eodem

266 802 579 901 Gorgia
615 806 733 902 (p.
774 802 973 895 478)
1031 802 1551 882 liberationem
1606 830 1655 879 a
1706 804 2120 907 pravitate,
2179 832 2226 883 a
2265 806 2586 884 maximo
2641 802 2861 884 malo.
2945 797 3052 877 Τὸ

266 922 519 1015 δίκην
574 921 919 1015 διδόναι,
989 928 1365 1029 μεγίστου
1440 924 1705 1002 κακοῦ
1766 919 2171 1029 ἀπαλλαγὴ
2197 982 2220 1017 ,
2299 930 2680 1025 πονηρίας.
2773 930 2870 1007 Et
2923 929 3051 1031 qui

266 1064 487 1131 recte
545 1054 907 1156 puniunt,
968 1053 1261 1154 justitia
1314 1052 1637 1153 quadam
1692 1064 1990 1134 utentes
2033 1055 2392 1157 puniunt,
2453 1056 2626 1157 quia
2663 1080 2910 1157 poena
2943 1054 3054 1131 in-

265 1180 861 1281 temperantiam
896 1189 971 1256 et
1014 1179 1452 1281 injustitiam
1508 1189 1825 1260 amovet.
1899 1178 2328 1261 Moderatur
2365 1182 2562 1262 enim
2599 1192 2678 1261 et
2698 1180 3057 1282 justiores

268 1304 519 1385 effieit
538 1362 557 1401 ‚
596 1314 818 1405 atque
859 1303 1227 1384 medicina
1261 1304 1625 1405 quaedam
1665 1307 1750 1383 fit
1784 1306 2304 1407 improbitatis.
2379 1306 2888 1404 Σωφρονίζει·
2917 1306 3057 1379 καὶ

256 1426 813 1525 ,δικαιοτέρους
850 1437 1056 1503 ποιεῖ
1086 1430 1229 1501 καὶ
1269 1423 1577 1527 ἰατρικὴ
1636 1431 1984 1531 γίγνεται
2040 1432 2407 1527 πονηρίας
2443 1421 2488 1521 ἦ
2529 1426 2728 1519 δίκη.
2803 1432 3061 1512 Poena

270 1558 517 1655 igitur
556 1556 663 1651 (L
684 1577 817 1655 eg.
856 1556 1055 1649 934)
1112 1582 1269 1633 non
1302 1554 1672 1654 irrogatur
1710 1554 2176 1657 delinquenti
2215 1566 2520 1658 propter
2557 1555 3058 1661 malefactum,

274 1681 565 1762 factum
618 1680 821 1759 enim
872 1680 1236 1760 infectum
1294 1680 1452 1757 fieri
1505 1703 1892 1783 nunquam
1947 1692 2194 1781 potest
2251 1674 2388 1775 (οὗ
2427 1674 2576 1783 γὰρ
2611 1674 2704 1758 τὸ
2739 1675 3060 1783 γεγονὸς

276 1800 666 1908 ἀγένητον
704 1806 911 1887 ἔσται
949 1808 1195 1900 ποτέ),
1253 1806 1385 1886 sed
1442 1815 1525 1883 ut
1577 1806 1656 1883 in
1712 1816 2100 1908 posterum
2151 1806 2588 1909 injustitiam
2643 1816 2720 1885 et
2773 1808 2937 1909 ipse
2985 1818 3063 1883 et

279 1935 417 2035 qui
456 1960 627 2013 eum
662 1958 911 2035 poena
936 1931 1147 2011 affici
1183 1930 1487 2026 vident,
1542 1931 1667 2011 vel
1704 1929 2002 2012 oderint
2036 1931 2334 2035 penitus
2373 1934 2500 2016 vel
2537 1958 2814 2033 magna
2847 1943 3060 2036 parte

281 2061 455 2161 ejua
476 2061 670 2139 ¹mali
703 2062 1069 2141 leventur.

505 2184 747 2267 Simili
784 2186 1007 2266 modo
1040 2188 1305 2287 Lysias
1366 2192 1471 2281 (e.
1511 2184 2010 2267 Alcibiad.
2049 2190 2114 2284 1,
2154 2184 2408 2289 §.12J
2457 2189 2894 2283 arbitratur,
2939 2189 3058 2289 ju-

284 2311 493 2392 diees
536 2313 825 2413 judicia
881 2339 1222 2395 exercere
1278 2341 1432 2392 non
1484 2312 1725 2391 solum
1760 2341 2020 2393 eorum
2058 2341 2322 2411 causa,
2380 2317 2508 2416 qui
2543 2314 3023 2415 deliquerunt
3042 2371 3060 2408 ‚

286 2460 551 2517 verum
585 2440 811 2547 etiam
844 2451 931 2519 ut
967 2449 1251 2519 eeteros
1304 2440 1435 2541 qui
1489 2450 1755 2519 contra
1802 2441 1994 2540 legis
2051 2441 2596 2545 praescriptum
2634 2450 2910 2541 agunt,
2963 2438 3061 2519 ad

266 2564 732 2645 ‚modestiam
767 2578 1143 2647 revocent.

1535 2668 1688 2752 M
1744 2670 1837 2753 5.

509 2835 939 2918 Secundum
996 2836 1304 2915 Suidam
1360 2835 1880 2913 Gennetae
1939 2845 2346 2932 vocantur,
2405 2859 2560 2911 non
2617 2836 2744 2936 qui
2783 2861 3062 2936 cogna-

286 2965 494 3038 tione
532 2973 611 3040 et
644 2963 1011 3062 sanguine
1054 2962 1299 3064 juncti
1356 2973 1571 3056 aunt,
1626 2959 1759 3036 sed
1812 2960 2154 3036 membra
2210 2961 2658 3038 familiarum
2693 2962 3064 3057 civilium,

287 3091 365 3164 in
422 3113 613 3189 quas
664 3088 914 3166 euriae
971 3087 1409 3165 distributae
1470 3096 1705 3162 erant.
1782 3086 1883 3160 Hi
1931 3111 2112 3162 vero
2151 3085 2322 3184 lege
2359 3088 2792 3164 societatem
2833 3111 3063 3188 quan-

290 3214 467 3292 dam
502 3214 695 3290 inter
728 3239 811 3290 se
846 3213 1270 3308 habebant,
1320 3222 1405 3290 ut
1438 3210 1845 3313 populares
1883 3222 1959 3288 et
1996 3210 2327 3288 curiales.
2403 3211 2776 3304 Quattuor
2812 3223 3064 3289 autem

288 3339 529 3416 tribus
566 3339 941 3435 fecerunt,
1001 3351 1083 3416 ut
1123 3340 1593 3418 imitarentur
1644 3347 1998 3437 quattuor
2047 3337 2225 3414 anni
2263 3349 2641 3440 tempora3
2693 3341 3066 3442 phratrias

293 3492 475 3542 vero
514 3474 589 3542 et
624 3467 917 3568 trittyas
952 3465 1371 3558 duodecim,
1413 3475 1496 3542 ut
1530 3489 1924 3543 numerum
1960 3463 2353 3542 duodecim
2391 3465 2760 3546 mensium
2792 3491 3066 3567 aequa-

292 3601 483 3668 rent.
560 3589 916 3696 Singulae
973 3618 1155 3671 vero
1209 3592 1456 3670 cui-iae
1510 3589 1900 3670 habebant
1947 3615 2234 3690 genera
2285 3591 2632 3690 triginta,
2690 3591 2797 3668 ita
2853 3601 2936 3666 ut
2973 3584 3068 3692 {in

292 3743 528 3794 unam
560 3740 919 3796 summam
958 3717 1269 3796 collecta
1302 3718 1702 3819 implerent
1736 3741 2128 3794 numerum
2168 3715 2352 3809 360,
2411 3727 2593 3816 quot
2629 3715 2788 3794 dies
2823 3738 3064 3792 annus

292 3841 547 3932 habet.
636 3825 1023 3920 Gennetas
1078 3843 1567 3922 Philochorus
1621 3841 2116 3922 collactaneos
2173 3829 2838 3948 (ὁμογάλακτας)
2891 3841 3070 3920 olim

276 3969 719 4071 appellatos
764 3969 1007 4048 tradit.
1084 3972 1343 4050 Isaeus
1398 3981 1647 4050 tamen
1705 3967 2090 4050 Gennetas
2145 3969 2740 4068 consanguineos
2795 3965 3067 4138 simpli·-

294 4097 477 4173 citer
513 4105 755 4174 vocat.

506 4219 673 4300 Sui
694 4220 743 4302 d
764 4247 865 4302 aa
901 4221 1158 4302 scribit
1192 4248 1248 4300 s.
1290 4248 1363 4298 v.
1398 4218 1729 4316 φατρὶᾳτ
1771 4219 2049 4300 Tribus
2089 4219 2620 4299 dividebatur
2599 4247 2692 4300 m.
2715 4227 3069 4321 quattuor

284 4359 589 4452 ‚partem
645 4373 837 4448 quae
894 4357 1257 4448 quaterna
1310 4347 1487 4427 anni
1526 4356 1882 4457 ,tempora
1913 4345 2295 4422 referrent..
2369 4345 2665 4432 Harum
2699 4371 3070 4448 unaquae-

297 4505 443 4579 que
481 4475 957 4554 dividebatur
989 4476 1069 4554 in
1106 4487 1260 4554 tres
1298 4485 1587 4576 partes:
1647 4483 1729 4560 ut
1768 4485 2014 4554 essent
2046 4485 2303 4576 partes
2339 4471 2764 4567 duodecim,
2803 4497 3068 4557 aecuur

298 4603 473 4682 dum
532 4600 928 4683 duodecim
975 4627 1273 4682 menses
1334 4601 1529 4678 anui.
1604 4600 1763 4708 Eae
1824 4609 2074 4680 autem
2132 4597 2594 4680 vocabantur
2650 4597 2942 4702 trittyea
2997 4611 3074 4678 et

297 4726 657 4829 phatriae.

514 4854 731 4934 Idem
763 4883 824 4932 s.
862 4879 931 4930 v.
971 4855 1371 4955 φρατέρεςε
1426 4851 1776 4930 Phrati-ia-
1808 4861 1922 4932 est
1956 4855 2176 4932 tertia
2213 4877 2387 4955 pars
2423 4852 2684 4929 tribus.
2762 4848 3070 4930 Phrata-

298 5007 419 5060 res
454 5006 639 5060 vero
675 4981 1057 5074 dicuntur,
1112 4982 1241 5088 qui
1275 4990 1449 5058 sunt
1484 4977 1813 5080 ejusdem
1851 4979 2226 5079 phi-atriae
2263 4978 2689 5081 participes.
3037 5030 3044 5039 -

520 5105 949 5186 Secundum
1004 5105 1507 5186 Pollucem
1561 5105 1819 5202 (VIII,
1863 5105 2100 5204 111),
2160 5131 2386 5207 quum
2426 5113 2744 5206 quatuor
2783 5113 3073 5182 tantum

302 5235 541 5314 tribus
578 5245 864 5332 essent,
902 5235 981 5314 iu
1020 5244 1265 5316 ternas
1302 5243 1558 5344 partes
1592 5228 1926 5332 singulae
1966 5231 2534 5331 dividebantur3
2571 5241 2646 5312 et
2680 5229 2863 5308 haec
2899 5251 3074 5333 pars
