3725 5850
852 472 1468 525 comissum-intus
1512 472 1612 523 Ao
1653 464 1776 522 612.
1815 468 1941 525 613.
1981 470 2105 525 su.
2146 471 2271 528 615.
2310 470 2437 529 ⁶2⁶.
2880 450 3037 528 49⁵

237 660 453 740 adeo
493 690 574 742 se
613 666 844 767 gessit
882 665 1362 761 insolentem,
1421 674 1504 740 ut
1557 662 1633 740 in
1695 665 2095 766 conjugale
2153 666 2598 743 domicilium
2639 678 2885 745 scorta
2924 670 3033 747 in·

239 788 608 886 duceret,
651 816 882 893 eoque
922 816 1228 869 uxorem
1269 790 1638 890 adigeret,
1680 800 2093 869 matronam
2132 792 2443 891 insignis
2480 792 2913 894 pudicitiae,
2954 806 3037 872 ut

239 914 490 991 domo
531 917 774 995 mariti
811 915 1162 994 derelicta
1197 916 1292 993 ad
1341 914 1764 992 archontem
1826 928 2171 1015 questum
2230 919 2409 1011 iret,
2468 918 2683 994 sicuti
2737 920 2860 997 lex
2902 930 3033 997 est.

1446 1124 1596 1208 Ad
1653 1128 1867 1209 012.

477 1293 902 1395 Hyperides
942 1319 1080 1396 pro
1121 1292 1566 1394 Euxenippo
1608 1292 1695 1367 6:
1755 1284 2016 1389 ἀσεβεῖ
2057 1318 2165 1377 τις
2204 1286 2405 1392 παρὰ
2446 1285 2539 1364 τοὶ
2580 1288 2783 1390 ἱεροὶ·
2842 1320 3035 1397 γρα-

243 1418 402 1509 φαὶ
448 1410 802 1517 ἀσεβείας
841 1418 986 1492 εἰσὶ
1026 1412 1209 1515 πρὸς
1261 1411 1404 1491 τὸν
1457 1418 1791 1514 βασιλέα.
1853 1421 2173 1521 (Impius
2213 1433 2326 1496 est
2364 1420 2628 1520 aliquis
2664 1421 2740 1497 in
2781 1446 3031 1518 sacra,

246 1542 664 1645 impietatis
702 1546 1031 1623 actiones
1069 1567 1300 1647 penes
1339 1570 1596 1643 regem
1633 1548 1869 1638 sunt.)

482 1686 907 1766 Secundum
963 1686 1436 1765 scholiastam
1491 1688 1568 1761 in
1626 1686 2007 1765 Demosth.
2056 1686 2437 1769 Adrotion.
2481 1688 2658 1785 601,
2700 1690 2841 1766 25:
2900 1715 3035 1769 rex

251 1811 802 1919 introducebat·
823 1812 1224 1916 impietatis
1263 1812 1596 1889 actiones
1634 1813 1728 1889 ad
1771 1813 2273 1916 Eumolpidas,

479 1936 594 2015 Of.
634 1938 910 2015 Lexica
948 1936 1252 2037 Seguer.
1291 1962 1365 2038 p.
1407 1936 1582 2011 219.

481 2078 700 2183 Apud
740 2082 1374 2160 Lacedaemonios
1412 2080 1546 2157 soli
1583 2104 1798 2177 reges
1841 2080 2283 2180 judicabant
2319 2081 2413 2157 de
2454 2080 2743 2181 virgine
2781 2090 3025 2184 pater·

256 2232 532 2283 norum
571 2207 902 2284 omnium
937 2208 1304 2284 bonorum
1344 2206 1656 2303 herede,
1715 2206 1834 2285 cui
1872 2206 1999 2282 illa
2034 2206 2317 2283 nubere
2356 2205 2661 2302 debeat,
2701 2206 2843 2283 nisi
2869 2207 3032 2308 Jam

255 2358 302 2407 a
343 2344 560 2433 patre
599 2332 856 2411 fuisset
893 2333 1368 2436 desponsata.
1427 2331 1862 2425 (Herodo
1885 2343 1934 2408 t.
1976 2330 2105 2427 VI,
2149 2332 2270 2427 57,
2315 2332 2431 2426 5.)

1441 2543 1591 2626 Ad
1647 2543 1862 2627 010.

478 2708 733 2786 Verba
788 2708 1114 2783 Pollucis
1169 2706 1308 2779 καὶ
1370 2702 1704 2803 διανέμει
1761 2700 1852 2781 τὸ
1901 2707 2051 2803 μὲν
2108 2703 2519 2796 διαιτηταῖς
2558 2700 3029 2803 παραδιδούς

261 2832 615 2936 expunxi,
655 2833 828 2935 quia
866 2832 1118 2908 arbitri
1158 2832 1436 2935 publici
1469 2858 1620 2908 non
1653 2831 2092 2936 judicabant
2131 2858 2391 2909 causas
2430 2834 3029 2936 peregrinorum3

256 2959 488 3057 igitur
526 2959 1042 3061 polemarchus
1081 2985 1231 3036 non
1270 2967 1568 3061 poterat
1603 2957 1768 3034 illas
1807 2957 2100 3035 arbitris
2138 2961 2616 3036 committere.

1431 3169 1582 3252 Ad
1645 3170 1860 3252 014.

480 3329 694 3436 Apud
733 3333 1367 3412 Lacedaemonios
1407 3334 1499 3412 de
1539 3333 2040 3412 contractibus
2082 3332 2359 3437 Ephori
2400 3331 2725 3436 quotidie
2752 3333 2879 3437 jus
2918 3333 3026 3410 di·

257 3459 553 3536 cebant.
597 3459 1130 3554 (Plutarch.
1171 3485 1282 3562 ap
1307 3456 1856 3564 ophthegm.
1899 3460 2190 3538 lacon.
2235 3459 3027 3562 Eurycratidae.)

1437 3671 1588 3755 Ad
1643 3674 1856 3756 015.

475 3835 589 3916 Ad
627 3835 1004 3913 Demosth.
1047 3835 1258 3914 11..in
1298 3836 1653 3939 Stephan.
1700 3836 1925 3914 1137.
1967 3836 2558 3933 observandum,
2614 3836 2812 3938 quod
2850 3861 3023 3913 con-

258 3975 375 4041 tra
414 3962 816 4040 advocatos
853 3973 1032 4038 tunc
1071 3960 1534 4042 solummodo
1591 3961 1814 4040 fuerit
1852 3963 2026 4039 data
2063 3965 2253 4040 actio
2292 3962 2493 4065 apud
2532 3960 3024 4041 Thesmothe·

257 4100 414 4185 tas,
473 4088 534 4164 si
574 4086 1030 4192 corruptelae
1066 4089 1310 4190 gratia
1346 4100 1859 4191 acceptassent
1897 4088 2330 4193 pecuniam3
2378 4115 2551 4165 nam
2591 4086 2857 4192 fatigia
2894 4087 3028 4166 ad-

259 4224 695 4291 vocatorum
733 4213 1007 4291 licitum
1045 4226 1203 4292 erat
1239 4215 1674 4316 praemiare.

1425 4425 1576 4510 Ad
1617 4427 1850 4510 020.

471 4589 698 4668 Teste
737 4589 1325 4694 Harpocratione
1367 4591 1459 4687 (s.
1502 4619 1570 4668 v.
1617 4583 2180 4688 Παράβυστον)
2218 4587 2725 4668 Undecimviri
2764 4589 2839 4667 in
2880 4591 3019 4669 Pa-

259 4717 566 4820 rabysto
596 4713 1054 4816 judicabant.

472 4839 899 4921 Secundum
920 4841 1367 4920 Pausaniam
1405 4865 1585 4920 vero
1625 4840 1726 4936 (Ι,
1747 4841 1878 4935 28,
1901 4841 1993 4935 8)
2030 4841 2107 4918 in
2143 4840 2561 4943 Parabysto
2601 4841 3019 4920 levissimae

258 4993 561 5072 prorsus
599 4990 865 5045 causae
902 4966 1569 5067 cognoscebantur.

472 5091 588 5171 Of.
662 5090 726 5171 O
764 5118 803 5169 r
841 5119 884 5168 o
921 5119 998 5167 m
1036 5118 1125 5169 e:
1199 5093 1311 5172 De
1367 5091 1895 5170 undecimviris
1938 5089 2524 5172 Atheniensium.
2600 5091 3009 5189 (Dusselo·

260 5219 468 5298 dorv.
533 5219 802 5313 1828.)
