3725 5850
1176 483 1185 496 .
1260 452 1876 519 coMMENrAmus
1919 455 2022 524 AD
2065 450 2222 523 1392.
2959 433 3113 548 en

476 639 609 731 111.
672 640 869 730 Tum
907 653 1143 722 mater
1180 653 1253 720 et
1290 645 1415 744 qui
1457 670 1547 722 ex
1586 645 1813 746 stirpe
1852 647 2281 726 maternain
2305 647 2530 724 domo
2570 646 2903 728 defuncti
2943 653 3112 750 sint,

668 767 811 844 hoc
854 767 1157 844 ordine:

763 892 827 967 1.
886 894 1191 970 Fratres
1232 917 1637 996 eorumque
1676 895 1931 991 liberi,

758 1021 827 1097 2.
886 1011 1127 1098 Mater
1166 1029 1241 1096 et
1278 1043 1445 1096 cum
1482 1018 1732 1096 liberis
1772 1047 2107 1100 sorores:
2165 1035 2336 1123 post
2373 1025 2510 1102 hos
2547 1051 2799 1104 rursus
2839 1051 2930 1106 ex
2969 1054 3114 1104 avo

886 1146 1151 1221 aviave
1189 1145 1545 1220 maternis
1587 1144 1912 1241 oriundi,

760 1270 829 1344 3.
889 1268 1336 1347 Consobrini
1374 1270 1735 1370 liberique
1778 1298 1870 1350 ex
1907 1273 1996 1352 iis
2037 1277 2445 1376 procreati,
2489 1290 2564 1353 et

762 1395 831 1469 4.
894 1394 1401 1474 consobrinae
1443 1421 1845 1498 earumque
1885 1399 2116 1476 liberi.

470 1534 601 1616 lv,
660 1535 1005 1638 Denique
1078 1541 1345 1634 ceteri,
1423 1542 1547 1640 qui
1612 1544 1690 1618 in
1746 1542 2076 1620 defuncti
2152 1545 2384 1644 patris
2457 1543 2679 1622 domo
2701 1601 2744 1638 ,,
2797 1548 2956 1624 sive
3029 1549 3110 1625 in

659 1665 985 1764 ipsius
1042 1677 1339 1763 gente
1396 1669 1565 1747 sint.
1642 1668 1873 1746 Primi
1929 1670 2155 1768 igitur
2208 1671 2305 1746 ad
2363 1671 2908 1750 successionem
2969 1698 3103 1748 vo-

652 1801 958 1868 cantur:

762 1914 829 1992 1.
888 1917 953 1994 E
1011 1918 1235 1997 domo
1306 1919 1429 1996 avi
1502 1921 1838 2020 paterni,
1915 1931 1992 1996 et
2048 1921 2372 2021 primum
2431 1921 2734 2022 quidem
2787 1923 2884 2000 ab
2941 1924 3109 2024 ipso

884 2042 1220 2120 oriundi:

884 2169 970 2260 a)
1026 2168 1305 2246 Fratris
1343 2170 1711 2246 soi-orisve
1751 2195 2009 2273 nepos.
2086 2172 2378 2250 Deinde

876 2291 968 2385 b)
1024 2292 1234 2372 Avus
1272 2305 1346 2372 et
1383 2304 1733 2394 patruus,
1776 2296 2096 2396 denique
2134 2323 2183 2374 a
2219 2321 2504 2398 proavo
2544 2259 2834 2375 oriundi

882 2418 967 2510 c)
1022 2419 1336 2521 Propior
1371 2419 1716 2516 sobrino,
1768 2433 1841 2497 et
1879 2423 2022 2523 ipsi

883 2543 973 2636 d)
1032 2543 1393 2620 Sobrinus
1433 2545 1854 2624 sobrinave.
1917 2545 2286 2642 Secundo,
2327 2547 2440 2626 his
2481 2548 2906 2643 exstinctis,
2943 2547 3108 2632 loco

759 2670 826 2744 2.
888 2669 951 2746 E
991 2669 1208 2747 domo
1246 2673 1457 2747 aviae
1497 2683 1852 2771 paternae
1895 2672 2159 2749 eodem
2179 2673 2402 2749 modo
2421 2674 2734 2751 heredes
2756 2674 3100 2750 veniunt:

882 2797 969 2886 a)
1025 2795 1308 2872 Fratris
1344 2795 1708 2872 sororisve
1746 2821 2026 2898 nepos,

874 2921 967 3013 b)
1023 2920 1343 2999 Patruus
1385 2933 1459 2998 et
1497 2922 1697 3016 avia‚

884 3050 965 3141 c)
1025 3048 1344 3151 Propior
1381 3049 1682 3127 sobrino
1724 3058 1799 3125 et

882 3172 974 3266 d)
1032 3173 1389 3251 Sobrinus
1430 3175 1845 3252 sobrinave.

544 3299 893 3377 Procedit
910 3302 1136 3403 igitur
1158 3313 1366 3379 extra
1398 3302 1725 3379 defuncti
1765 3303 2062 3379 domum
2103 3301 2472 3379 successio
2503 3300 2912 3376 secundum
2941 3302 3107 3377 stir-

329 3452 504 3527 pem
542 3435 933 3527 paternam
970 3427 1075 3501 ita
1099 3485 1115 3518 ,
1176 3437 1257 3501 ut
1296 3427 1391 3504 ad
1431 3427 1685 3503 matris
1725 3437 1800 3503 et
1836 3426 2045 3503 aviae
2087 3436 2484 3527 paternae,
2536 3450 2687 3501 non
2727 3438 2977 3504 autem
3013 3426 3109 3502 ad

328 3552 451 3627 avi
488 3552 802 3629 materni
844 3551 1144 3627 domum
1198 3551 1574 3628 hereditas
1631 3548 2243 3627 transmittatur.“
2303 3550 2433 3628 Bu
2457 3576 2620 3629 nse
2644 3579 2732 3628 n:
2789 3553 2904 3628 De
2929 3554 3102 3655 jure

330 3676 483 3754 her.
524 3676 791 3755 Athen.
832 3704 903 3779 p.
949 3676 1286 3751 39-40,

546 3802 771 3904 Apud
809 3802 1190 3881 Romanos
1228 3804 1749 3879 intestatorum
1786 3802 2234 3882 hereditates
2269 3804 2440 3904 lege
2477 3802 2646 3881 XII.
2688 3804 3106 3887 tabularum

328 3929 653 4029 primum
690 3927 785 4004 ad
829 3954 1003 4005 suos
1042 3928 1353 4005 heredes
1394 3929 1786 4029 pertinent.
1866 3929 1997 4005 Sui
2048 3941 2298 4006 autem
2336 3927 2643 4005 heredes
2681 3930 3106 4005 existiman-

328 4066 450 4129 tur
487 4050 739 4147 liberi,
802 4054 927 4153 qui
966 4052 1040 4127 in
1080 4063 1451 4154 potestate
1488 4053 1870 4129 morientis
1911 4054 2254 4151 fuerunt,
2315 4053 2547 4130 veluti
2587 4051 2782 4129 filius
2825 4052 3100 4147 filiave,

329 4204 567 4281 nepos
603 4178 941 4278 neptisve
985 4206 1022 4253 e
1066 4176 1255 4273 filio,
1316 4206 1695 4281 pronepos
1752 4180 2232 4282 proneptisve
2289 4206 2328 4255 e
2384 4188 2661 4279 nepotc
2721 4178 2874 4282 fiiio
2928 4186 3107 4254 nato

329 4314 740 4406 prognatus
780 4312 1289 4405 prognatave:
1348 4329 1488 4381 nec
1544 4304 1892 4407 interest,
1951 4316 2204 4382 utrum
2261 4301 2632 4381 naturales
2691 4302 2841 4378 sint
2895 4298 3108 4378 liberi

330 4455 429 4505 an
464 4429 837 4531 adoptivi:
894 4430 1001 4504 ita
1039 4430 1337 4505 demum
1395 4442 1645 4506 tamen
1700 4455 1933 4531 nepos
1994 4430 2331 4530 neptisve
2392 4439 2466 4504 et
2529 4451 2902 4529 pronepos
2939 4453 3109 4529 pro-

330 4555 671 4655 neptisve
729 4579 1033 4632 suorum
1088 4554 1445 4647 heredum
1500 4579 1807 4634 numero
1867 4566 2083 4651 sunt,
2153 4558 2215 4631 si
2269 4551 2726 4656 praecedens
2785 4578 3112 4657 persona

331 4682 634 4759 desierit
689 4680 769 4754 in
825 4689 1195 4779 potestate
1251 4682 1581 4781 parentis
1638 4705 1837 4777 esse,
1900 4682 2058 4757 sive
2121 4692 2356 4759 morte
2396 4679 2472 4758 id
2511 4676 2896 4780 acciderit,
2953 4680 3109 4781 sive

330 4806 477 4883 alia
530 4805 819 4881 ratione
844 4864 861 4899 ‚
924 4804 1155 4881 veluti
1211 4806 1848 4908 emancipatione:
1908 4832 2084 4883 nam
2139 4806 2202 4883 si
2256 4831 2392 4907 per
2443 4804 2520 4879 id
2570 4815 2903 4907 tempus,
2963 4828 3112 4905 quo

332 4933 493 5033 quis
533 4931 881 5023 moritur,
942 4927 1136 5005 filius
1192 4932 1271 5005 in
1329 4943 1697 5032 potestate
1749 4930 1909 5030 ejus
1951 4932 2088 5023 sit,
2147 4954 2382 5032 nepos
2422 4954 2516 5005 ex
2554 4954 2643 5005 eo
2683 4954 2856 5028 suus
2895 4927 3111 5026 heres

334 5084 491 5135 esse
534 5082 684 5133 non
723 5068 991 5157 potest.
1069 5056 1278 5135 Uxor
1336 5082 1670 5159 quoque,
1729 5082 1920 5159 quae
1978 5060 2057 5132 in
2117 5082 2338 5133 manu
2397 5056 2776 5133 morientis
2836 5064 2986 5145 est,
3046 5054 3112 5149 ei

334 5208 469 5261 sua
506 5178 717 5262 heros
758 5192 907 5280 est,
946 5183 1123 5285 quia
1162 5182 1357 5261 filiae
1397 5184 1564 5259 loco
1603 5192 1756 5279 est;
1818 5183 1998 5259 item
2037 5206 2307 5277 nurus,
2369 5204 2562 5281 quae
2601 5180 2678 5255 in
2716 5178 2848 5256 filii
2884 5202 3113 5255 manu

2559 5302 2691 5370 39*
