3725 5850
955 423 1569 476 COMMENTARIUS
1614 421 1717 472 An
1757 418 1918 474 1301.
1961 419 2121 476 1304.
2165 420 2322 476 1312.
2365 419 2526 476 1315.
2955 400 3110 478 505

331 613 410 688 id
444 614 687 690 solum
724 615 948 717 petit,
986 628 1071 690 ut
1106 617 1311 692 cives
1349 611 1721 690 Romanos
1745 667 1764 705 ‚
1804 614 1866 690 si
1906 615 2031 714 qui
2069 615 2274 716 apud
2315 641 2444 692 eos
2479 618 2558 693 in
2595 615 2956 694 servitute
2997 642 3110 694 es·

330 752 531 833 sent,
596 742 1053 842 conquisitos
1106 744 1307 818 intra
1360 741 1819 816 tricesimum
1877 741 2076 816 diem
2129 742 2226 817 ad
2282 766 2362 816 se
2418 742 2836 836 mitterent3
2913 741 3110 842 quod

326 866 551 940 etiam
588 866 945 941 fecerunt.
1008 865 1443 959 (Diodor.
1486 863 1777 940 Sicul.
1816 863 2180 958 XXVIII,
2229 866 2391 958 12.)

537 1007 855 1085 Romani
913 1034 1137 1108 quum
1176 1007 1671 1084 Athenienses
1728 1009 2188 1109 recepissent
2248 1007 2591 1112 populari
2641 1008 3106 1108 reipublicae

327 1137 564 1210 forma
590 1140 936 1229 utentes,
996 1134 1422 1210 libertatem
1474 1133 1657 1233 ipsis
1712 1158 1923 1209 suam
1960 1134 2312 1232 legesque
2349 1135 2763 1210 incolumes
2801 1161 3101 1212 conser-

324 1274 633 1354 varunt,
697 1262 825 1360 qui
872 1260 1245 1360 hodieque
1282 1260 1623 1336 libertate
1664 1259 2016 1334 fruuntur
2055 1272 2128 1335 et
2162 1260 2362 1357 apud
2398 1259 2776 1338 Romanos
2813 1275 2990 1340 suut
3024 1264 3103 1338 in

326 1387 633 1462 honore.
693 1386 1095 1480 (Strabo
1132 1387 1269 1480 IX,
1314 1387 1381 1480 1,
1425 1387 1547 1460 20.
1590 1413 1661 1485 p.
1703 1385 1930 1478 610.)

451 1513 459 1524 ’
535 1531 653 1607 Ι)0
701 1531 1131 1608 foederibus
1174 1531 1633 1608 Graecorum
1689 1529 2193 1606 doctissimum
2249 1517 2544 1631 scripsit
2600 1556 2790 1632 opus
2851 1532 3103 1607 claris·

326 1656 551 1730 simus
592 1657 955 1754 Egger‚
1018 1659 1215 1757 quod
1254 1657 1710 1733 inscribitur:
1770 1655 2126 1731 Memoire
2168 1656 2572 1755 historique
2613 1683 2740 1732 sur
2776 1655 2885 1732 les
2923 1659 3106 1733 trai-

324 1783 436 1857 103
475 1767 763 1883 public's
801 1783 989 1857 dans
1028 1783 1071 1857 1’
1095 1784 1477 1883 antiquit6‚
1522 1769 1783 1882 depuis
1821 1782 1928 1856 les
1966 1792 2212 1883 temps
2252 1782 2646 1882 heroiques
2685 1783 2773 1858 de
2811 1783 2888 1858 la
2916 1781 3103 1859 Gre-

324 1931 407 1980 ce
438 1908 689 2006 jusqu’
729 1933 876 1983 aux
914 1908 1271 2007 premiere
1311 1907 1573 1983 siecles
1612 1907 1705 1982 de
1733 1903 1791 1982 -l’
1815 1911 1939 1982 ere
1997 1906 2441 1984 chretienne.
2499 1906 2783 2002 (Paris,
2827 1908 3102 2000 1860.)

538 2047 649 2127 Cf.
690 2052 785 2126 W
806 2078 850 2126 a
871 2079 909 2126 0
925 2051 981 2140 ,11
1002 2081 1035 2126 3
1056 2077 1129 2125 111
1152 2079 1203 2127 11
1223 2061 1255 2126 t
1274 2053 1361 2127 h:
1402 2053 1543 2128 Jus
1563 2053 1901 2150 gentium
1939 2050 2154 2150 quale
2195 2052 2602 2126 obtinuerit
2639 2052 2843 2151 apud
2868 2050 3102 2130 Grae·

322 2203 449 2254 eos
489 2190 659 2255 ante
693 2178 1061 2255 bellorum
1100 2207 1269 2256 cum
1306 2179 1555 2255 Persis
1593 2191 1976 2280 gestorum
2013 2179 2326 2255 initium.
2385 2177 2670 2272 (Kiliae
2715 2175 2984 2270 1822.)

536 2313 1146 2423 Barbeyrac:
1205 2325 1529 2401 Histoire
1590 2325 1723 2400 des
1778 2326 2083 2401 anciens
2139 2323 2435 2412 truiteS‚
2498 2347 2594 2396 ou
2631 2319 2934 2396 Recueil
2993 2319 3100 2398 hi-

322 2446 647 2547 storique
708 2461 781 2524 et
838 2447 1419 2549 chronologique
1478 2450 1607 2526 des
1662 2449 1916 2524 1131163
1972 2447 2347 2547 repandus
2407 2443 2590 2521 dans
2647 2444 2753 2520 les
2805 2456 3102 2522 auteurs

323 2595 542 2666 grecs
584 2585 657 2646 et
694 2574 915 2648 latins
956 2585 1025 2648 et
1065 2585 1315 2648 autres
1352 2587 1825 2649 monuments
1867 2574 1957 2648 de
1999 2571 2421 2671 l’antiquite
2446 2571 2712 2672 depuis
2733 2571 2841 2646 les
2863 2582 3105 2672 temps

318 2698 427 2771 les
466 2698 635 2798 plus
673 2698 977 2772 recales.
1041 2698 1577 2794 (Amsterdam‚
1622 2698 1899 2790 1739.)

1473 2907 1625 2992 Ad
1664 2909 1950 2992 1304.

540 3078 653 3152 De
730 3079 1041 3154 coloniis
1111 3076 1567 3155 Graecorum
1644 3078 1944 3154 consule
2025 3076 2481 3152 celeberrimi
2555 3074 2864 3151 Raoul
2889 3120 2910 3131 -
2936 3073 3100 3151 Ro·

321 3200 655 3278 chette
714 3202 1022 3279 librum:
1081 3202 1406 3281 Histoire
1448 3206 1755 3303 critique
1796 3204 1884 3279 de
1927 3205 1970 3277 l’
2012 3201 2570 3278 etablissement
2609 3200 2737 3279 des
2777 3200 3102 3277 colonies

316 3352 704 3427 grecqueS.
768 3330 1113 3422 (Parisiis
1157 3330 1425 3420 1815.)

1487 3486 1641 3569 Ad
1677 3486 1944 3571 1312.

538 3648 655 3729 Cf.
698 3651 1169 3728 Eustathium
1206 3651 1301 3730 ad
1338 3652 1547 3731 Iliad.
1589 3653 1684 3745 ΙΙ,
1728 3653 1902 3727 662.

1490 3863 1642 3946 Ad
1677 3854 1945 3945 1315.

537 4030 839 4107 Bekker
878 4031 1159 4109 Anecd.
1218 4060 1327 4130 gr.
1370 4035 1423 4109 I.
1475 4062 1547 4134 p.
1595 4035 1729 4105 15:
1777 4024 2380 4127 Ἀνεψιαδῆ·
2439 4022 2724 4125 ὅμοιόν
2779 4032 2933 4101 ἐστι
2992 4024 3102 4125 τῷ

318 4149 695 4249 ἀδελφιδῇ
722 4210 740 4241 ,
782 4149 1124 4252 ἀνεψιοῦ
1161 4159 1299 4229 καὶ
1340 4151 1687 4247 ἀδελφοῦ
1734 4151 2100 4255 θυγάτηρ.
2161 4148 2645 4253 [Ἀνεψιαδῆ
2689 4155 2952 4234 eadem
2989 4166 3104 4231 est

318 4306 491 4359 cum
527 4274 947 4371 ἀδελφιδῆ,
1007 4310 1274 4384 nempe
1312 4284 1557 4359 fratris
1598 4283 1958 4383 patruelis
1998 4293 2072 4357 et
2111 4283 2360 4359 fratris
2402 4282 2616 4372 filia.)

536 4406 945 4483 Herodiani
1002 4410 1477 4508 partitiones,
1536 4410 1650 4483 ed.
1709 4408 2171 4483 Boissonade
2229 4436 2298 4507 p.
2356 4407 2552 4481 285:
2621 4399 3099 4501 ἀνεψιαδοῦς

319 4523 567 4625 ὥσπερ
624 4524 1092 4623 ἀδελφιδοῦς
1148 4522 1193 4605 ὁ
1254 4530 1395 4605 τοῦ
1456 4526 1790 4630 ἀνεψιοῦ
1854 4528 2056 4617 vioe·
2131 4538 2269 4603 καὶ
2337 4524 2716 4627 ἀνεψιαδῆ
2778 4522 3099 4627 ὅμοίως·

318 4660 719 4754 ἐξανέψιοι
760 4654 835 4729 δὲ
878 4658 951 4729 οὶ
992 4655 1145 4729 τῶν
1204 4637 1657 4755 ἀνεψιαδῶν
1716 4654 2013 4743 παῖδες,
2077 4650 2214 4741 οὕς
2256 4654 2406 4729 νῦν
2446 4658 2770 4756 λέγομεν
2807 4652 3098 4747 διςεξα-

317 4778 673 4875 δέλφους.
736 4778 1312 4879 (Ἀνεψιαδούς
1351 4786 1562 4861 sicuti
1614 4778 2079 4875 ἀδελφιδοῦς
2136 4794 2247 4859 031
2285 4783 2528 4859 fratris
2569 4782 2697 4857 filii
2738 4784 2972 4879 filius,
3030 4795 3104 4859 01

318 4902 704 5005 ἀνεψιαδῆ
766 4910 981 4984 simili
1038 4910 1283 4985 modo,
1368 4903 1815 5005 Ἐξανέψιοι
1885 4920 2136 4983 autem
2193 4921 2362 4981 suut
2419 4901 2870 5004 ἀνεψιαδῶν
2927 4909 3098 5001 filii,

316 5062 507 5133 quos
544 5059 742 5109 nunc
784 5030 1358 5124 διςεξαδέλφους
1398 5036 1771 5125 dicimus)

538 5162 956 5244 Ammon.
1019 5161 1107 5247 de
1164 5160 1317 5236 diff.
1366 5186 1526 5235 voc.
1586 5189 1656 5260 p.
1703 5161 1825 5235 17.
1885 5158 2289 5237 Valcken.:
2337 5152 2703 5256 Ἀνεψιοὶ
2745 5163 2886 5232 καὶ
2921 5164 3110 5266 ἐξαξ-

1262 5335 1270 5344 .
2547 5278 2678 5345 38*
