3725 5850
664 431 822 508 228
1761 450 1891 502 ms
1934 447 2352 502 mancum·

1960 639 2137 714 901.

877 785 994 865 Ad
1035 788 1231 866 festa
1247 787 1788 886 Dionysiorum
1809 782 2146 862 Athenas
2184 781 2433 858 ferant
2468 783 2752 860 tributa
2792 784 3041 862 sociae
3080 783 3453 860 civitates,

1976 949 2151 1024 902.

871 1086 974 1164 Ἀ
993 1120 1046 1164 π
1067 1086 1110 1165 ὁ
1128 1121 1174 1164 τ
1195 1119 1244 1164 α
1263 1101 1304 1181 ξ
1325 1119 1352 1163 ι
1374 1120 1408 1176 ς
1427 1146 1450 1178 ,
1527 1084 1614 1165 τὸ
1661 1093 1903 1189 χωρὶς
1971 1085 2348 1185 τετάχθαι
2406 1083 2590 1173 τούς
2646 1084 3017 1186 πρότερον
3091 1081 3451 1175 ἀλλήλοις

670 1215 1314 1321 συντεταγμένους
1349 1219 1456 1302 3ἰς
1493 1211 1582 1292 τὸ
1623 1207 2027 1292 ὑποτελεῖν
2061 1209 2206 1290 τὸν
2245 1203 2671 1312 ὦρισμένον
2706 1209 2977 1309 φόρον.

2617 1341 3225 1444 (Harpocratio.)

1964 1450 2141 1526 902.

885 1575 1246 1696 Apota'xis
1283 1603 1398 1670 est
1431 1595 1802 1695 separatio
1853 1619 2148 1689 eorum,
2201 1592 2330 1693 qui
2388 1601 2563 1668 ante
2608 1591 2855 1694 juncti
2908 1601 3263 1669 statutum
3318 1591 3449 1668 tri·

673 1721 940 1800 butum
973 1718 1428 1822 pendebant.

1888 1995 2115 2090 Μέρος
2163 1997 2246 2083 ζ’.

1761 2125 1890 2193 Εἰ
1935 2145 1975 2190 σ
2022 2151 2075 2216 φ
2122 2150 2159 2192 ο
2208 2153 2248 2215 ρ
2292 2129 2360 2194 ἀ.

1894 2359 2235 2426 Pars7.

1765 2481 2371 2552 Collatia

1978 2651 2157 2728 903.

885 2785 1088 2868 Ἀπὸ
1129 2789 1286 2868 τῶν
1319 2789 1731 2892 κτημάτων
1768 2789 2184 2892 εἰσφέρειν,
2232 2791 2353 2892 μή
2398 2790 2554 2870 ἀπὸ
2594 2792 2750 2870 τῶν
2788 2790 3177 2892 σωμάτων.

1960 2922 2390 3017 (Demosth.
2430 2948 2493 3001 c.
2530 2920 2973 3003 Androtion.
3014 2921 3235 3015 609.)

1974 3082 2150 3159 903.

893 3224 1008 3301 De
1048 3224 1643 3326 possessionibus
1681 3228 1869 3305 fiant
1906 3227 2342 3304 collationes
2369 3286 2387 3323 ,
2445 3254 2599 3304 non
2637 3228 2728 3305 de
2769 3229 3230 3330 corporibus.

1985 3389 2160 3464 904.

903 3521 1299 3623 Τιμὴματά
1337 3532 1491 3601 ἐστι
1528 3531 1883 3625 τέτταρα·
1942 3527 2845 3629 πεντακοσιομεδίμνων,
2906 3532 3214 3621 ἱππέων,
3276 3538 3443 3625 ζευ-

682 3649 943 3754 γιτῶν,
965 3665 970 3673 “
995 3650 1364 3741 θητικῶν.
1431 3652 1526 3727 Οἱ
1554 3654 1704 3749 μὲν
1741 3653 2563 3753 πεντακοσιομέδιμνοι
2600 3662 2693 3731 ἐκ
2729 3654 2872 3730 τοῦ
2915 3662 3443 3731 πεντακοσίων

675 3773 1074 3875 μεδίμνων
1122 3782 1360 3876 μέτρα
1415 3767 1616 3880 ὑγροὶ
1672 3783 1808 3852 καὶ
1863 3776 2049 3877 ξηρὰ
2089 3790 2340 3856 ποιεῖν
2375 3785 2830 3871 κληθέντες,
2888 3776 3445 3861 ἀναλίσκουσιν

686 3904 790 3989 εἰς
844 3897 934 3976 τὸ
993 3898 1361 4000 δημόσιον
1413 3900 1671 3978 κατά
1729 3902 2154 3984 τάλαντον·
2243 3908 2317 3980 οἱ
2376 3903 2451 3982 δὲ
2514 3903 2653 3997 τὴν
2707 3904 2999 3982 ἱππάδα
3051 3908 3442 3995 τελοῦντες

686 4032 780 4100 ἐκ
807 4026 956 4122 μὲν
994 4024 1134 4101 τοῦ
1177 4023 1565 4103 δύνασθαι
1602 4034 1908 4127 τρέφειν
1943 4034 2221 4117 ἵππους
2256 4036 2694 4122 κέκληνται,
2753 4030 3062 4107 ποιοῦσι
3102 4031 3179 4107 δὲ
3210 4041 3443 4133 μέτρα

685 4148 1130 4251 τριακόσια,
1191 4149 1703 4231 ἀναλίσκουσι
1763 4153 1840 4231 δὲ
1898 4154 2154 4232 κατὰ
2214 4150 2769 4257 ἦμιτάλαντον·
2826 4156 3019 4233 οἶδὲ
3058 4156 3146 4236 τὸ
3189 4164 3443 4265 ζευγί-

689 4302 862 4353 σιον
895 4278 1292 4368 τελοῦντες
1329 4276 1481 4359 ἀπὸ
1524 4280 1953 4360 διακοσίων
1980 4292 2279 4385 μέτρων
2315 4290 2896 4389 καταλέγονται,
2937 4279 3443 4361 ἀναλίσκουσι

692 4399 770 4477 δὲ
818 4402 1075 4477 κατὰ
1123 4406 1326 4504 μνᾶς
1377 4406 1601 4483 δέκα·
1659 4411 1728 4487 οἱ
1768 4406 1846 4486 δὲ
1887 4406 1975 4484 τὸ
2019 4406 2391 4501 θητικὸν,
2451 4407 2829 4507 οὐδεμίαν
2865 4408 3115 4509 ἀρχὴν
3152 4404 3441 4511 ἄρχου-

692 4551 858 4621 σιν,
918 4526 1099 4607 οὐδὲ
1142 4527 1649 4609 ἀναλίσκουσι
1688 4541 1897 4610 κατ’
1939 4531 2193 4615 οὐδέν.
2298 4541 2304 4550 ’

2155 4647 2466 4739 (Pollux
2504 4645 2712 4744 v111,
2756 4646 3237 4743 129-130.)

1983 4808 2163 4883 904.

819 5009 821 5013 ,
905 4926 1283 5006 Censuum
1353 4929 1626 5007 classes
1699 4944 1873 5010 sunt
1943 4946 2307 5034 quatuor:
2415 4936 3437 5031 Pentacosiomedimnorum‚

693 5058 1086 5157 Equitum,
1159 5055 1652 5155 Jugatorum‚
1723 5058 2373 5139 Mercenariorum.
2478 5062 2575 5137 Et
2644 5061 2754 5139 illi
2830 5062 3172 5162 quidem,
3251 5064 3443 5163 quod

695 5184 1144 5289 quingentos
1207 5182 1618 5263 medimnos
1673 5184 2126 5295 liquidorum
2181 5196 2257 5267 et
2320 5186 2697 5265 aridorum
2769 5188 3161 5289 colligant,
3236 5189 3441 5285 dicti,
