3725 5850
693 453 846 530 642
1486 473 2107 542 consummamus
2142 472 2249 525 Ao
2290 467 2448 526 1565.
2494 468 2650 528 1568.

683 669 805 744 vel
842 667 1204 764 nobilem,
1247 669 1370 744 vel
1404 678 1806 768 potentem.
1863 667 2231 743 Nimirum
2268 667 2487 766 pauci
2522 690 2615 742 ex
2654 664 3041 766 egentibus
3078 689 3170 742 ac
3204 663 3446 766 plebe-

673 793 772 894 jis
811 794 1322 896 exagitantur,
1374 819 1462 869 ac
1501 818 1595 870 ne
1632 793 1739 870 illi
1775 793 2079 893 quidem
2117 792 2342 870 aliam
2379 793 2476 867 ob
2516 817 2813 868 causam
2834 848 2851 881 ‚
2893 816 3115 890 quam
3152 801 3455 891 propter

685 918 993 996 nimiam
1045 918 1515 996 sedulitatem
1569 920 1646 996 in
1684 919 1909 997 rebus
1948 917 2043 994 ad
2083 943 2162 994 se
2202 943 2355 994 non
2391 916 2935 1016 pertinentibus
2974 928 3049 993 et
3086 915 3289 1016 quod
3327 944 3451 1018 po·

680 1044 858 1145 pulo
898 1069 1059 1121 esse
1099 1046 1422 1146 potiores
1461 1055 1844 1145 quaerant.
1922 1044 2091 1136 Quo
2130 1044 2214 1118 fit
2252 1053 2335 1118 ut
2368 1042 2707 1118 homines
2744 1040 3170 1143 hujusmodi
3208 1043 3453 1141 exagi-

681 1171 822 1246 tari
858 1171 1166 1246 moleste
1205 1194 1357 1246 non
1395 1171 1664 1246 ferant.

899 1303 1310 1390 Isocrat.
1371 1313 1480 1390 de
1519 1339 1760 1414 pace
1817 1307 1886 1412 ξ.
1931 1310 2071 1384 14:
2129 1311 2305 1386 Non
2338 1311 2608 1409 ignoro
2645 1336 2799 1388 non
2838 1335 2997 1389 esse
3035 1309 3460 1388 libertatem

680 1434 1013 1532 dicendi,
1071 1439 1214 1514 nisi
1250 1439 1330 1514 in
1367 1438 1658 1514 theatro
1697 1435 2247 1514 comoediarum
2304 1433 2587 1536 poetis3
2642 1435 2867 1537 idque
2906 1435 3459 1514 acerbissimum

683 1573 833 1655 est,
890 1563 970 1636 in
1025 1574 1240 1639 tanta
1297 1562 1490 1660 apud
1549 1590 1684 1638 vos
1734 1587 1862 1638 eos
1903 1585 2061 1637 esse
2100 1560 2385 1657 gratia,
2444 1562 2570 1661 qui
2609 1561 2881 1638 delicta
2917 1561 3120 1637 urbis
3158 1571 3457 1638 nostrae

681 1685 882 1762 foras
937 1687 1034 1764 ad
1089 1687 1272 1764 alios
1332 1686 1664 1766 Graecos
1724 1688 2081 1778 efferunt,
2140 1695 2418 1784 quanta
2471 1709 2565 1764 ne
2622 1712 2749 1763 eos
2799 1686 3142 1787 quidem,
3198 1686 3332 1786 qui
3377 1685 3463 1762 de

685 1809 898 1888 vobis
936 1811 1132 1888 bene
1169 1823 1569 1890 merentur.

897 1954 1284 2032 Platonius
1341 1956 1544 2056 apud
1601 1954 1951 2030 Meineke
2005 1955 2083 2028 in
2139 1952 2395 2028 histor.
2444 1953 2601 2030 crit.
2640 1955 3093 2031 comicorum
3126 1978 3461 2053 graecor.

680 2107 751 2180 p.
792 2079 987 2154 531:
1045 2069 1314 2154 ἄδειαν
1375 2080 1450 2152 οἱ
1503 2073 1639 2164 τὰς
1696 2074 2114 2176 κωμῳδίας
2170 2073 2746 2179 συγγράφοντες
2803 2073 3025 2174 εἶχον
3064 2075 3211 2154 τοῦ
3256 2073 3463 2151 σκώ-

678 2232 891 2280 πτειν
945 2209 1084 2278 καὶ
1140 2199 1609 2307 στρατηγούς
1665 2207 1804 2277 καὶ
1860 2201 2017 2276 τῶν
2074 2198 2411 2278 πολιτῶν
2464 2198 2680 2288 τινὰς
2732 2196 2781 2294 ἢ
2836 2199 3372 2306 φιλαργύρους
3420 2197 3466 2291 ἢ

679 2328 1064 2419 συζῶντας
1119 2326 1496 2433 ἀσελγείᾳ.
1577 2331 2215 2424 (Comoediarum
2270 2333 2670 2434 scriptores
2728 2342 3173 2434 potestatem
3228 2331 3459 2407 habe—

677 2457 863 2530 bant
895 2458 1219 2533 dicteriis
1257 2457 1729 2533 mordacibus
1765 2457 2117 2533 irridendi
2154 2457 2331 2532 belli
2371 2459 2597 2534 duces
2635 2469 2711 2534 et
2746 2457 3086 2558 improbe
3111 2457 3459 2558 judican-

679 2590 792 2656 tes
834 2583 1132 2681 judices
1189 2594 1264 2658 et
1319 2581 1720 2659 nonnullos
1776 2583 2049 2660 civium
2117 2583 2237 2657 vel
2310 2609 2579 2661 avaros
2639 2584 2760 2658 vel
2815 2583 3173 2659 lascivam
3232 2582 3464 2658 vitam

677 2708 1051 2804 agentes.)

1838 2827 1992 2911 Ad
2027 2831 2314 2912 1508.

893 3010 1324 3089 Secundum
1361 3010 1696 3087 Platonis
1736 3013 1981 3111 Leges
2024 3012 2241 3107 (935,
2280 3007 2429 3107 E),
2486 3022 2752 3113 poetae
2793 3012 2999 3089 nullo
3038 3010 3267 3089 modo
3310 3012 3459 3088 lici—

675 3148 833 3213 tum
871 3150 1027 3214 esto
1065 3163 1308 3238 neque
1351 3139 1686 3215 oratione
1743 3164 1987 3238 neque
2046 3138 2371 3239 imagine
2432 3163 2677 3238 neque
2714 3139 2825 3215 ira
2862 3164 3108 3238 neque
3146 3138 3316 3214 sine
3353 3140 3461 3213 ira

676 3262 908 3339 ullum
946 3262 1036 3337 de
1079 3264 1368 3339 civibus
1406 3264 1780 3361 cavillari3
1837 3266 1901 3340 si
1938 3264 2103 3365 quis
2142 3276 2394 3341 autem
2433 3290 2585 3340 non
2624 3264 2914 3356 obedit,
2953 3264 3307 3340 ludorum
3345 3292 3458 3341 ar·

675 3388 850 3464 bitri
889 3414 1059 3465 eum
1096 3390 1333 3465 solum
1369 3400 1659 3464 vertcre
1701 3388 1969 3465 eodem
2008 3389 2125 3465 die
2168 3402 2489 3490 cogant,
2548 3401 2679 3466 aut
2738 3388 2977 3467 tribus
3014 3388 3231 3465 minis
3276 3392 3459 3466 mul-

675 3524 876 3591 ctent
913 3514 1091 3609 de0,
1148 3516 1356 3616 cujus
1394 3526 1767 3591 certamen
1807 3525 1957 3607 est,
2016 3517 2559 3594 consecrandis.

887 3660 1128 3735 Etiam
1168 3659 1614 3735 Thuriorum
1655 3659 2039 3758 legislator
2077 3661 2351 3752 vetuit,
2393 3686 2488 3736 ne
2527 3660 2691 3761 quis
2729 3660 3004 3736 civium
3040 3660 3121 3735 in
3160 3684 3458 3735 comoe-

676 3784 798 3860 dia
835 3782 1381 3880 traduceretur,
1441 3794 1734 3882 praeter
1784 3784 2163 3861 adulteros
2202 3796 2279 3861 et
2318 3786 2671 3863 curiosos.
2748 3784 2963 3879 (Plu
2986 3782 3291 3860 tarch.
3352 3781 3458 3858 de

675 3910 1296 3986 curiositate.
1355 3910 1469 4001 8.)

887 4051 1048 4127 Lex
1104 4053 1276 4132 XII.
1316 4054 1740 4130 tabularum
1796 4052 2095 4147 (tabula
2153 4050 2361 4134 VIII.
2402 4054 2495 4131 de
2534 4054 2901 4148 delictis):
2962 4052 3089 4129 Sei
3130 4055 3305 4155 quei
3342 4054 3449 4153 pi-

672 4176 905 4277 pulod
943 4178 1306 4254 ocentasit
1340 4203 1739 4254 carmenve
1777 4179 2093 4255 cond-isit
2128 4178 2749 4280 quodjnfamiam
2787 4178 3003 4255 facsit
3040 4179 3453 4278 flagitiomq

673 4298 966 4398 alterei,
1009 4302 1202 4378 fuste
1241 4304 1512 4380 feritod
1557 4304 1968 4397 (feriatur).

882 4446 998 4521 De
1037 4443 1180 4521 hac
1217 4448 1384 4547 lege
1422 4446 1680 4523 scribit
1719 4446 1987 4523 Cicero
2046 4448 2134 4542 (d
2160 4474 2198 4523 e
2256 4476 2293 4523 r
2316 4472 2499 4550 epu
2527 4450 2575 4523 b
2598 4449 2643 4524 l.
2700 4449 2833 4544 IV,
2882 4452 3003 4543 10,
3047 4450 3229 4541 12):
3288 4446 3451 4524 ΧΠ.

669 4570 1008 4667 tabulae,
1066 4598 1296 4673 quum
1349 4598 1768 4673 perpaucas
1821 4600 1941 4651 res
1986 4575 2229 4674 capite
2266 4576 2723 4670 sanxissent,
2762 4578 2838 4651 in
2879 4576 2995 4652 his
3034 4576 3229 4651 hanc
3266 4601 3448 4674 quo-

601 4764 608 4771 .
670 4724 815 4798 que
855 4697 1336 4774 sanciendam
1374 4710 1874 4798 putaverunt,
1934 4700 2011 4775 si
2074 4701 2294 4799 quis
2350 4702 3107 4778 occentavisset
3162 4700 3275 4796 (id
3318 4710 3446 4790 est,

669 4825 1090 4899 convicium
1127 4825 1462 4920 fecerit),
1510 4826 1668 4901 sive
1707 4852 2007 4901 carmen
2046 4826 2534 4919 condidisset,
2600 4828 2797 4928 quod
2838 4828 3220 4905 infamiam
3256 4826 3449 4901 face-

669 4960 782 5025 ret
817 4950 1283 5049 flagitiumve
1323 4950 1557 5027 alteri.

883 5092 1174 5171 Horatii
1214 5092 1430 5171 Satir.
1474 5096 1568 5189 II,
1617 5096 1679 5187 1,
1721 5095 1865 5169 80:
