3725 5850
541 454 697 533 494
1206 478 1821 534 consummatus
1865 476 1966 530 Αῐ)
2007 472 2131 534 σοι..
2169 476 2294 533 606.
2335 478 2461 534 eos.
2503 476 2628 533 609.

756 674 911 752 9-0.
968 672 1243 776 Lysiae
1292 666 1547 746 κατὰ
1610 667 2093 771 Θεοπόμπου.
2167 675 2282 750 De
2322 674 2801 773 verberibus,
2859 672 2934 751 id
2975 684 3124 771 est,
3185 670 3330 745 αι’-

539 800 736 883 κίας.
796 800 1138 901 (Fragm.
1188 801 1401 893 109.)

760 944 960 1023 10-0.
1023 945 1289 1045 Lysiae
1347 937 1605 1015 κατὰ
1662 944 2244 1039 Στρατοκλέους
2301 939 2629 1033 ἐξούλης.
2709 946 3050 1042 (Fragm.
3093 942 3322 1033 212.)

541 1068 731 1147 Vide
773 1070 902 1147 Nr.
942 1070 1096 1146 8-0.

766 1196 958 1273 11-0.
1017 1195 1286 1296 Lysiae
1326 1220 1509 1266 κατ
1536 1187 1583 1263 οὶ
1632 1193 2030 1266 Φιλίππου
2111 1192 2222 1271 De
2266 1196 2518 1273 tutela.
2579 1195 2918 1293 (Fragm.
2961 1192 3182 1283 230.)

760 1339 960 1416 12-ο.
1018 1337 1374 1415 Dinarchi
1414 1331 1674 1409 κατὰ
1745 1331 2300 1415 Ποσειδίππου.
2358 1339 2472 1415 De
2512 1338 2729 1416 furt0.
2787 1334 3036 1431 (Orat.
3081 1334 3198 1409 48.
3238 1334 3320 1408 in

537 1465 801 1565 fragm.
843 1462 1044 1541 Car.
1089 1462 1512 1555 Mfiller.)
1574 1462 1852 1540 Iterum
1892 1486 2074 1559 ergo
2115 1461 2205 1536 de
2245 1462 2497 1563 iniquo
2539 1463 2756 1540 facto.

748 1606 1232 1684 Differentiae
1271 1608 1467 1683 inter
1505 1606 1834 1683 actiones
1891 1607 1985 1680 in
2045 1616 2118 1681 et
2175 1606 2658 1683 adversus
2717 1606 3038 1708 aliquem
3091 1606 3322 1680 etiam

533 1732 611 1809 in
666 1730 1104 1809 scholiastae
1162 1743 1605 1833 argumento
1664 1731 1758 1809 ad
1813 1730 2340 1809 Demosthenis
2399 1732 2839 1834 Leptineam
2897 1730 3170 1826 (452)
3229 1730 3311 1803 fit

536 1860 853 1953 mentiO,
928 1858 1059 1935 ubi
1118 1857 1424 1933 dicitur:
1503 1846 1546 1930 ὅ
1610 1852 1849 1953 πρὸς
1907 1858 2296 1946 Λεπτίνην
2357 1852 2587 1960 λόγος
2659 1850 3095 1959 ἐπιγραφὴν
3151 1854 3310 1949 ἔχει

534 1978 939 2071 τοιαύτην,
1000 1974 1388 2079 ἐπειδήπερ
1446 1976 1976 2078 παρελθόντος
2033 1978 2180 2055 τοῦ
2222 1976 2570 2078 χρόνου,
2629 1986 2715 2057 ἐν
2754 1970 2816 2081 ᾦ
2857 1972 3312 2065 ὖπεύθυνος

536 2097 633 2196 ἦν
687 2108 935 2205 κρίσει
994 2108 1131 2179 καὶ
1190 2106 1513 2205 τιμωρίᾳ
1573 2102 1896 2209 γράφων
1969 2134 2079 2192 τις
2145 2102 2436 2206 νόμον,
2513 2108 2874 2200 ἐφαίνετο
2935 2108 3316 2195 Λεπτίνης

534 2224 1003 2321 ἀκίνδυνος,
1062 2224 1260 2304 ὅθεν
1314 2227 1552 2329 πρὸς
1609 2225 1974 2320 αὐτὸν,
2035 2226 2204 2305 ἀλλ’
2265 2226 2359 2306 οὐ
2419 2238 2630 2305 κατ’
2687 2226 3008 2307 αὐτοῦ
3069 2221 3110 2305 ὅ
3171 2227 3315 2304 λό-

533 2382 688 2459 γος.
768 2357 1317 2454 (Adversus
1374 2358 1777 2460 Leptinem
1835 2359 2074 2435 oratio
2123 2358 2588 2453 inscribitur,
2648 2359 2848 2458 quod
2907 2359 3314 2461 praeterito

534 2508 625 2560 eo
683 2494 1016 2586 tempore
1056 2483 1162 2578 ι),
1219 2483 1298 2560 in
1358 2510 1507 2584 quo
1564 2485 1753 2584 legis
1812 2496 2070 2562 auctor
2114 2484 2400 2585 judicio
2459 2496 2533 2562 et
2587 2510 2878 2585 poenae
2937 2483 3308 2561 obnoxius

534 2619 733 2707 erat,
774 2610 1129 2711 Leptines
1168 2620 1377 2687 extra
1415 2610 1831 2712 periculum
1871 2636 2031 2689 esse
2073 2610 2510 2707 videbatur3
2564 2609 2764 2686 unde
2825 2609 3312 2685 adversus

534 2761 743 2831 eum,
782 2760 933 2811 non
970 2736 1066 2810 in
1108 2760 1276 2811 eum
1316 2737 1631 2811 orationi
1673 2738 1931 2814 titulus
1971 2740 2146 2829 est.)

1712 2947 1863 3030 Ad
1903 2949 2136 3030 000.

746 3111 1046 3192 Bekker
1086 3109 1369 3192 Anecd.
1406 3138 1521 3212 gr.
1562 3111 1618 3190 Ι.
1655 3140 1727 3215 p.
1772 3110 1970 3186 262:
2009 3100 2440 3208 ’Ἄρχοντες
2480 3099 2673 3200 ἦσαν
2711 3111 3146 3214 εἰσαγωγεῖς
3185 3104 3309 3183 δι-

532 3233 704 3313 aec-321
753 3263 994 3312 τινων
1048 3238 1154 3322 εἰς
1211 3232 1306 3308 τοὶ
1367 3227 1861 3333 δικαστήρια,
1936 3236 2641 3334 προαφακρίνοντες
2695 3231 2830 3322 τὰς
2887 3232 3112 3322 δίκας
3167 3239 3308 3308 καὶ

534 3359 1257 3464 προσκαθεζόμενοι
1309 3371 1468 3448 τοῖς
1525 3357 2081 3462 δικαστηρίοις,
2139 3363 2278 3434 καὶ
2317 3355 2537 3456 εἶχον
2571 3355 2715 3450 τήν
2750 3358 2907 3438 τῶν
2943 3357 3310 3451 δικαστη-

531 3493 607 3591 ρί
622 3519 733 3566 ων
808 3480 1251 3593 ἡγεμονίαν.
1326 3489 1845 3590 (Magistratus
1921 3501 2134 3568 erant
2203 3489 2748 3590 introductores
2820 3488 3310 3591 quarumdam

529 3644 927 3697 causarum
964 3618 1042 3696 in
1078 3617 1403 3721 judicia,
1461 3617 1584 3718 qui
1640 3617 1807 3696 lites
1862 3618 2068 3721 prius
2128 3615 2804 3721 percontabantur,
2861 3615 3304 3694 assidentes-

532 3771 673 3846 que
701 3743 1003 3848 judiciis
1039 3743 1493 3848 praesidium
1530 3771 1789 3823 eorum
1824 3743 2269 3837 habebant.)

742 3867 859 3949 Of.
901 3868 1151 3949 Schol.
1210 3869 1288 3946 in
1346 3871 1731 3950 Demosth.
1791 3869 2094 3950 Midian.
2139 3870 2314 3966 515,
2362 3870 2478 3946 14.
2547 3867 2794 3946 Schol.
2834 3869 2908 3946 in
2955 3869 3304 3950 Aeschin.

530 3995 861 4100 Ctesiph.
907 3997 1027 4074 14.

1708 4099 1859 4184 Ad
1899 4103 2130 4184 000.

743 4265 1047 4344 Bekker
1089 4263 1375 4345 Anecd.
1414 4291 1526 4366 gr.
1564 4268 1623 4346 Ι.
1663 4295 1737 4370 p.
1780 4268 1978 4344 310:
2019 4265 2226 4346 addit
2266 4266 2483 4342 etiam
2527 4257 2798 4368 ἀργίας
2836 4266 3304 4362 (socordiae)

530 4391 922 4472 actionem.

1709 4496 1860 4581 Ad
1899 4499 2130 4582 000.

743 4658 1015 4740 Ando
1046 4659 1216 4739 cid.
1256 4685 1318 4738 c.
1362 4659 1849 4742 Alcibiad.
1894 4660 1960 4762 ξ.
2007 4663 2360 4738 13—14:
2401 4659 2824 4741 Alcibiades
2865 4687 3096 4768 quum
3135 4659 3306 4738 Cal-

530 4784 671 4864 liae
710 4811 1047 4865 sororem
1104 4788 1183 4866 in
1240 4787 1791 4867 matrimonium
1848 4789 2182 4868 duxisset
2237 4814 2404 4866 cum
2458 4787 2631 4868 dote
2691 4789 2952 4868 decem
2987 4788 3305 4866 talento·
3351 4841 3358 4848 ·

528 4935 693 4990 rum
716 4969 735 5008 ,
791 4922 866 4989 et
914 4937 1146 5015 quum
1191 4923 1479 4992 tantam
1517 4912 1765 4991 dotem
1802 4910 2116 4994 haberet
2153 4925 2504 5016 quantam
2539 4916 2784 4993 nullus
2824 4915 3302 5010 Graecorum,

747 5130 819 5203 1)
864 5120 1139 5191 Scilicet
1168 5143 1299 5191 uno
1348 5145 1555 5211 ann03
1602 5145 1730 5215 quo
1778 5121 2001 5213 elapso
2051 5145 2183 5191 non
2234 5133 2490 5213 poterat
2539 5125 2814 5216 amplius
2863 5125 3026 5216 legis
3073 5131 3305 5192 auctor

528 5233 828 5300 accusari
842 5281 865 5320 ‚
910 5231 1023 5300 ned
1055 5230 1461 5300 solummodo
1490 5229 1601 5298 lex
1630 5233 1791 5321 ipsa.
1838 5231 2007 5301 Vide
2037 5231 2247 5322 legem
2283 5237 2428 5302 155.
