3725 5850
494 410 500 423 .
610 358 767 438 290
1695 375 1817 423 ms
1854 372 2276 425 PUBLICUM.

608 575 673 654 si
708 574 805 649 sit
840 570 1273 665 damnatus,
1330 566 1409 645 in
1467 562 1716 643 Attica
1771 590 1868 646 ue
1925 562 2364 667 sepeliatur,
2421 562 2627 641 bona
2683 587 2862 641 vero
2923 562 3157 667 ipsius
3207 563 3384 641 fisco

611 697 1077 784 addicantur.

1893 798 1930 873 1
1956 796 2122 873 149.

834 922 1034 1013 Τούς
1090 922 1137 999 ἆ
1164 953 1207 1002 ν
1230 922 1276 998 δ
1294 954 1336 1023 ρ
1358 953 1405 997 α
1429 956 1479 997 π
1500 952 1543 997 ο
1565 921 1612 997 δ
1630 953 1653 996 ι
1678 949 1724 996 σ
1742 954 1783 996 τ
1802 918 1851 994 ἃ
1877 952 1910 1009 ς
1933 978 1954 1010 ,
2011 890 2168 995 ‘miv
2223 919 2556 995 οἰκετῶν
2603 914 2816 1006 τινὰς
2853 916 3380 1019 ἀποστεροῦν-

614 1083 745 1141 τας
766 1112 788 1143 ‚
854 1044 1179 1153 θανᾶτῳ
1219 1049 1565 1149 ζημιοῦν·
1883 1154 2090 1230 1149
2575 1048 3176 1147 (Harpocratio.)

829 1290 1239 1365 Hominum
1292 1288 1533 1383 fures,
1608 1286 1735 1387 qui
1794 1305 2056 1359 servos
2111 1282 2480 1383 aliquibus
2539 1282 2905 1385 eripiunt,
2943 1278 3198 1358 'morte
3253 1306 3384 1384 pu·

613 1416 934 1493 niantur.
2058 1448 2068 1459 ·

1899 1514 1934 1588 1
1951 1515 1986 1589 1
2003 1516 2124 1593 50.

830 1648 933 1719 Εἰ
977 1648 1123 1743 μέν’
1179 1674 1287 1730 τις
1335 1648 1521 1747 μεθ’
1582 1632 1860 1739 ἦμέραν
1911 1630 2102 1741 ὖπέρ
2141 1636 2627 1729 πεντήκοντα
2668 1634 3011 1739 δραχμὰς
3049 1644 3384 1727 κλέπτοι,

618 1768 1042 1877 ἀπαγωγὴν
1080 1764 1264 1869 πρὸς
1302 1764 1486 1854 τούς
1524 1762 1771 1843 ἕνδεκ’
1810 1762 2004 1841 εἶναι
2029 1822 2050 1855 ,
2111 1768 2186 1840 εἰ
2231 1760 2312 1840 δέ
2346 1796 2454 1851 τις
2494 1760 2802 1865 νύκτωρ
2841 1754 3115 1842 ὁτιοῦν
3155 1770 3390 1841 κλέπ-

618 1927 775 1987 τοι,
833 1896 1122 1971 τοῦτον
1181 1902 1459 1987 ἐξεῖναι
1516 1899 1656 1969 καί
1714 1890 2170 1968 ἀποκτεῖναι
2241 1894 2381 1966 καὶ
2456 1890 2732 1990 τρῶσαι
2809 1886 3195 1967 διώκοντα
3252 1898 3389 1963 καί

619 2009 1049 2126 ἀπαγαγεῖν
1086 2030 1245 2107 τοῖς
1283 2018 1558 2108 ἕνδεκ’,
1617 2022 1691 2093 εἰ
1740 2012 2114 2119 βούλοιτο
2139 2044 2154 2059 ·
2214 2016 2322 2117 τῷ
2382 2015 2450 2091 δ’
2490 2009 2761 2092 ἁλόντι
2804 2004 2918 2093 ὦν
2956 2019 3033 2091 αἱ
3073 2012 3394 2122 ἀπαγω-

620 2150 755 2251 γαί
795 2150 1013 2236 εἰσιν,
1074 2143 1231 2222 οὐκ
1272 2142 1639 2250 ἐγγυητὰς
1676 2133 2242 2233 καταστῆάαντι
2283 2146 2578 2219 ἔκτισιν
2615 2140 2811 2219 εἶναι
2849 2141 3006 2221 τῶν
3041 2143 3392 2244 κλεμμά-

621 2299 818 2360 των,
874 2268 1075 2347 &aad
1144 2268 1504 2347 θάνατον
1558 2266 1703 2359 τὴν
1762 2272 2061 2367 ζημίαν.
2135 2274 2291 2343 Καὶ
2343 2269 2421 2345 εἴ
2449 2274 2562 2355 τίς
2599 2277 2670 2373 γ’
2709 2276 2802 2345 ἐκ
2839 2274 3194 2345 Λυκείου
3235 2264 3282 2361 ἢ
3319 2278 3392 2361 ἐξ

612 2392 1093 2493 Ἀκαδημίας
1132 2392 1177 2487 ἢ
1214 2404 1307 2473 ἐκ
1346 2394 1899 2499 Κυνοσάργους
1937 2390 2326 2494 ἱμάτιονῆ
2346 2394 2738 2487 ληκύθιον
2777 2390 2821 2487 ἢ
2861 2389 3054 2471 ἄλλο
3093 2428 3164 2471 τι
3187 2426 3394 2491 φαυ-

623 2518 950 2597 λότατον
990 2515 1037 2613 ἢ
1072 2520 1225 2596 τῶν
1280 2520 1583 2597 σκευῶν
1634 2550 1709 2595 τι
1762 2520 1924 2595 τῶν
1979 2528 2071 2596 ἐκ
2128 2520 2282 2595 τῶν
2317 2524 2770 2623 γυμνασίων
2807 2512 3178 2615 ’ὑφέλοιτο
3217 2518 3266 2612 ἢ
3309 2530 3394 2598 ἐκ

625 2644 783 2721 τῶν
838 2649 1205 2745 λιμένων,
1284 2638 1473 2743 ὑπὲρ
1532 2644 1719 2720 δέκα
1779 2642 2165 2745 δραχμάς,
2227 2652 2364 2719 καί
2422 2645 2725 2733 τούτοις
2785 2646 3142 2721 θάνατον
3197 2646 3394 2723 εἶναι

626 2768 768 2861 τὴν
808 2776 1103 2869 ζημίαν.
1176 2774 1374 2867 (Lex
1414 2774 1712 2851 Solonis
1753 2775 1957 2876 apud
1995 2774 2380 2851 Demosth.
2422 2776 2499 2851 in
2536 2776 2938 2853 Timocrat.
2962 2776 3181 2870 736.)

1906 2934 2132 3012 1150.

844 3060 924 3136 Si
963 3060 1127 3160 quis
1164 3059 1488 3134 interdiu
1526 3088 1754 3162 supra
1790 3062 2333 3161 quinquaginta
2369 3061 2756 3137 drachmas
2796 3064 3081 3140 furatus
3125 3066 3392 3160 fuerit,

628 3187 896 3265 abduci
952 3185 1172 3260 liceat
1228 3184 1323 3258 ad
1379 3185 1969 3280 undecimviros,
2030 3187 2090 3260 si
2151 3189 2313 3288 quis
2374 3214 2555 3262 vero
2615 3199 2842 3263 noctu
2901 3191 3392 3290 quodcunque

632 3312 937 3388 tandem
974 3308 1448 3409 surripuerit,
1508 3335 1679 3384 eum
1735 3323 1809 3386 et
1863 3311 2199 3389 occidere
2259 3321 2334 3389 et
2372 3312 2563 3386 inter
2603 3315 3204 3413 persequendum
3239 3314 3394 3389 vul-

630 3463 895 3514 nerare
953 3447 1027 3510 et
1084 3435 1180 3511 ad
1217 3434 1805 3527 undecimvirOS,
1865 3437 1926 3508 si
1962 3437 2207 3538 lubet,
2267 3437 2660 3513 abducere.
2739 3439 3106 3516 Convicto
3153 3452 3396 3515 autem

634 3589 891 3641 eorum
926 3562 1382 3654 facinorum,
1436 3570 1743 3660 propter
1800 3584 1990 3658 quae
2024 3561 2497 3656 ¹abducatur,
2555 3589 2648 3638 ne
2687 3563 2908 3639 liceat
2947 3565 3138 3640 datis
3176 3592 3394 3668 spon-

632 3689 927 3766 soribus
966 3686 1393 3762 satisfacere
1432 3711 1570 3784 pro
1610 3683 1867 3778 furtis,
1928 3683 2062 3758 sed
2117 3709 2315 3758 mors
2371 3677 2543 3762 esto'
2563 3673 2829 3787 poena.
2903 3687 3018 3764 Ac
3055 3691 3116 3765 si
3157 3692 3320 3792 quis
3357 3719 3394 3767 e

636 3815 888 3915 Lyceo
946 3822 1075 3887 aut
1130 3837 1222 3886 ex
1280 3809 1685 3886 Academia
1739 3819 1869 3886 aut
1907 3809 2346 3908 Cynosarge
2403 3824 2688 3888 vestem
2743 3815 2866 3890 vel
2921 3815 3395 3914 lagunculam

634 3939 758 4015 vel
794 3935 1202 4039 quidquam
1238 3935 1441 4011 aliud
1494 3935 1781 4010 minimi
1836 3935 2057 4036 pretii
2094 3936 2219 4010 vel
2257 3937 2556 4038 aliquod
2595 3941 2973 4016 vasculum
3015 3967 3054 4016 e
3091 3969 3393 4042 gymna-

640 4065 769 4140 siis
806 4074 935 4139 aut
974 4090 1014 4141 e
1050 4063 1417 4166 portubus
1456 4063 1934 4164 surripuerit,
1975 4087 2204 4162 supra
2241 4063 2497 4140 decem
2535 4063 2963 4159 drachmaS,
3023 4069 3249 4145 etiam
3283 4069 3394 4145 his

640 4201 879 4269 morte
916 4215 1209 4292 poenae
1246 4197 1462 4266 sunto
1498 4187 1839 4268 luendae.

1909 4316 2134 4391 115¹.

846 4435 1039 4514 Ἐάν
1074 4469 1183 4526 τις
1221 4447 1312 4515 ἐκ
1348 4443 1771 4538 βαλανείου
1826 4443 2101 4538 κλέψῃ·
2137 4467 2177 4530 η
2237 4443 2330 4513 ἐκ
2389 4442 2845 4540 παλαίστρας
2909 4435 2956 4532 ἢ
3000 4447 3076 4532 ἐξ
3119 4438 3392 4546 ἀγορᾶς

645 4598 689 4657 η
729 4563 884 4654 τῶν
919 4563 1297 4642 τοιούτων
1332 4561 1581 4654 τινὸς,
1646 4560 1968 4664 θανάτῳ
2009 4563 2429 4662 ζημιοῦται.

1621 4689 2040 4784 (Aristotel.
2079 4693 2442 4794 problem.
2483 4703 2662 4770 sect.
2701 4695 2983 4790 XXIX,
3031 4697 3194 4788 14.)

1911 4851 2138 4932 1151.

859 4983 938 5060 Si
978 4982 1141 5084 quis
1179 5006 1220 5057 e
1257 4981 1529 5058 balneo
1567 4980 1855 5057 furatus
1895 4993 2044 5077 est,
2083 4990 2212 5061 aut
2250 5007 2291 5056 e
2328 4983 2736 5083 palaestra,
2787 4993 2914 5059 aut
2955 5009 2994 5058 e
3035 4984 3199 5062 foro
3225 5039 3244 5077 ,
3282 4994 3392 5060 aut

650 5135 742 5193 ex
779 5111 1025 5212 aliquo
1062 5105 1429 5214 ejusmodi
1462 5105 1627 5187 loco
1649 5163 1669 5202 ,
1722 5116 1956 5187 m'orte
1994 5106 2416 5187 mulctatur.
2841 5121 2846 5126 ·
