3725 5850
727 419 886 498 428
1670 441 2284 496 commem-Amos
2327 443 2429 494 An
2467 443 2556 497 89.

723 635 1084 738 populum
1121 644 1576 731 convocant,
1617 635 2089 716 Praefectum
2126 661 2167 712 e
2207 633 2536 736 qualibet
2558 635 2771 711 tribu
2810 659 3041 711 unum
3076 633 3501 737 praesidem

722 761 1205 866 (proedrumj
1244 773 1441 840 sorte
1481 787 1791 863 capere,
1849 772 2166 866 excepta
2202 761 2403 838 tribu
2437 761 2867 865 prytaniam
2901 773 3231 859 gerente.

935 906 1306 1008 Anonymi
1365 932 1650 1006 argum.
1705 907 1784 982 in
1839 905 2326 984 Demosthen.
2386 901 2830 982 Androtion.
2886 931 2960 1007 p.
3006 905 3201 980 590:
3257 896 3501 988 αὐτὸς

720 1025 852 1118 τὰς
889 1034 1097 1118 κλεῖς
1131 1027 1262 1121 τῆς
1300 1025 1790 1128 ἀκροπόλεως
1825 1025 2297 1118 ἐπιστεύετο,
2363 1031 2501 1104 καὶ
2555 1024 2807 1103 πάντα
2842 1022 2937 1102 τὰ
2966 1024 3330 1127 χρήματα
3367 1025 3499 1118 τῆς

721 1152 1026 1244 πόλεως.
1104 1159 1341 1254 (Huic
1379 1158 2027 1236 concredebantur
2073 1156 2317 1234 claves
2357 1157 2791 1258 acropoleos
2830 1166 2904 1233 et
2940 1180 3200 1233 omnes
3236 1154 3500 1232 civita-

719 1283 811 1358 tis
847 1283 1270 1385 pecuniae.)
1345 1283 1543 1361 Hinc
1599 1293 1850 1360 tamen
1913 1308 2064 1357 non
2122 1282 2497 1382 sequitur,
2557 1280 2792 1359 eidem
2851 1281 3208 1382 epistatae
3268 1281 3499 1359 etiam

717 1407 1436 1488 administrationem
1474 1409 1834 1511 pecuniae
1875 1408 2217 1510 publicae
2258 1406 2758 1484 concreditam
2799 1407 3048 1486 fuisse.

931 1551 1144 1630 Alter
1180 1553 1536 1656 epistata,
1579 1551 1672 1629 de
1713 1578 1860 1652 quo
1899 1552 2020 1629 hic
2056 1552 2341 1654 agitur,
2391 1551 2775 1628 institutus
2814 1563 2930 1628 est
2962 1551 3156 1628 inter
3193 1547 3496 1653 Olymp.

722 1652 895 1778 100,
936 1666 984 1754 3
1025 1679 1101 1754 et
1142 1661 1320 1775 102,
1362 1678 1432 1753 4.
1493 1675 1878 1774 (Meier,
1938 1675 2049 1756 de
2106 1676 2506 1777 epistat.
2563 1673 2952 1769 Athen.)

929 1836 1267 1917 Bekker:
1325 1837 1605 1918 Anecd.
1663 1864 1775 1937 gr.
1825 1839 1882 1916 I.
1941 1866 2014 1941 p.
2058 1837 2251 1912 244:
2320 1829 2808 1926 Ἐπιστάτης·
2864 1826 3133 1935 ἅρχων
3186 1836 3309 1912 ἐπὶ
3365 1831 3499 1924 τῆς

717 1959 1006 2061 βουλῆς
1043 1956 1474 2061 κληρωτὸς,
1530 1950 1575 2037 ὃ
1614 1954 1945 2054 ἐφεστώς
1995 1968 2156 2046 τοῖς
2210 1950 2369 2036 ὑπὸ
2416 1955 2730 2035 πάντων
2762 1958 3213 2058 βουλευτῶν
3248 1989 3499 2060 πρατ-

714 2091 1082 2186 τομένοις.
1159 2089 1336 2161 Εἰσὶ
1393 2083 1471 2162 δὲ
1530 2082 1720 2174 δύο,
1786 2078 1892 2172 εἷς
1930 2086 2082 2183 μὲν
2116 2089 2211 2160 ἐκ
2248 2084 2403 2160 τῶν
2440 2082 2886 2184 πρυτάνεων
2920 2083 3497 2186 κληρούμενος,

713 2219 960 2311 ἕτερος
1018 2209 1096 2288 δὲ
1154 2217 1247 2288 ἐκ
1305 2209 1463 2286 τῶν
1519 2207 1708 2287 δέκα
1784 2207 2211 2313 προέδρων,
2288 2198 2404 2286 ὦν
2458 2208 2816 2311 ἑκάτερος
2871 2208 3261 2303 διοίκησίν
3313 2238 3498 2286 τινα

714 2337 1004 2439 διῴκει.
1099 2339 1582 2435 (Praefectus
1638 2349 1752 2433 est
1806 2338 2281 2438 magistratus
2336 2347 2643 2418 senatus
2697 2350 2899 2417 sorte
2956 2349 3247 2418 creatus
3266 2396 3285 2433 ,
3363 2339 3498 2440 qui

712 2477 1012 2569 praeest
1045 2465 1266 2543 rebus
1302 2491 1444 2569 per
1479 2491 1740 2542 omnes
1777 2474 2165 2544 senatores
2202 2465 2459 2566 gestis.
2534 2465 2725 2544 Sunt
2757 2476 3009 2546 autem
3044 2464 3234 2564 du03
3290 2493 3494 2543 unus

713 2617 754 2669 e
789 2595 1239 2695 prytanibus
1293 2603 1493 2670 sorte
1551 2592 1826 2686 lectus,
1886 2591 2077 2667 alter
2130 2616 2311 2670 vero
2350 2617 2390 2670 e
2430 2592 2694 2672 decem
2738 2591 3203 2693 praesidibus
3224 2649 3243 2688 ,
3301 2617 3491 2692 quo-

711 2744 875 2798 rum
911 2719 1266 2796 alteruter
1303 2718 1726 2796 moderatur
1763 2718 2167 2822 quamdam
2203 2717 2985 2812 administrationem.)

927 2881 1174 2962 Schol.
1229 2883 1312 2959 in
1369 2859 1718 2963 Aeschin.
1775 2878 2243 2985 Ctesiphont.
2282 2882 2373 2957 4:
2418 2870 2757 2971 Ἕκάστη
2790 2873 2953 2957 τῶν
2988 2874 3177 2955 δέκα
3210 2875 3499 2974 φυλῶν

710 3004 1132 3107 τριάκοντα
1170 3008 1250 3098 ἓξ
1289 2997 1562 3107 ἡμέρας
1615 3002 1886 3105 διῴκει
1940 3001 2086 3095 τήν
2138 3002 2406 3093 πόλιν,
2464 3008 2605 3079 καὶ
2643 3000 2840 3097 αὐτὴ
2883 3001 3043 3101 εἶχε
3076 3000 3219 3096 τὴν
3252 3034 3495 3105 προε-

712 3134 938 3233 δρίαν
990 3132 1148 3208 τῶν
1197 3125 1480 3208 ἄλλων.
1557 3128 1828 3207 Πάλιν
1867 3128 1947 3206 δὲ
1985 3134 2125 3203 καὶ
2164 3124 2398 3221 αὐτῆς
2434 3128 2568 3220 τῆς
2606 3128 3200 3233 προεδρευούσης
3234 3130 3495 3226 φυλῆς

713 3253 910 3350 ἦσαν
944 3285 1140 3344 τινες
1177 3254 1603 3356 τιμιώτεροι
1627 3312 1649 3346 ,
1709 3258 1785 3330 οὶ
1821 3248 2180 3355 πρόεδροι
2200 3310 2225 3343 ,
2284 3257 2367 3329 οἵ
2415 3283 2615 3343 τινες
2660 3252 2759 3329 δι’
2799 3252 3095 3332 ἑαυτῶν
3130 3252 3495 3358 διῴκουν

583 3408 592 3417 ·
709 3392 797 3461 ἐν
852 3380 1124 3470 αὐταῖς
1176 3393 1340 3469 ταῖς
1401 3373 1708 3481 ἡμέραις
1763 3380 2016 3457 πάντα
2078 3378 2177 3456 τὰ
2238 3378 2707 3473 καθήκοντα
2769 3380 2863 3479 τῇ
2917 3378 3185 3458 αὐτῶν
3243 3382 3464 3481 φυλῇ

711 3511 1068 3614 (Singula
1093 3510 1358 3589 'decem
1399 3511 1730 3588 tribuum
1765 3512 2074 3610 triginta
2110 3538 2241 3589 sex
2299 3511 2561 3589 diebus
2616 3512 3189 3589 administrabat
3222 3511 3490 3591 civita-

708 3651 860 3715 tem
898 3649 972 3714 et
1018 3638 1348 3714 habebat
1409 3638 1728 3738 primam
1783 3662 1962 3737 prae
2021 3636 2184 3713 aliis
2240 3635 2516 3713 sedem.
2589 3638 2679 3714 In
2719 3637 3188 3739 praesidente
3226 3648 3491 3715 autem

708 3763 907 3839 tribu
968 3775 1181 3839 erant
1240 3760 1541 3862 quidam
1596 3761 2153 3857 honoratiores,
2217 3761 2505 3839 scilicet
2558 3762 2979 3863 praesides,
3040 3764 3167 3863 qui
3220 3791 3359 3865 per
3398 3790 3485 3841 se

705 3890 910 3990 ipsos
946 3888 1570 3967 administrabant
1603 3886 1716 3963 his
1753 3886 1935 3987 ipsis
1972 3887 2237 3965 diebus
2276 3888 2526 3965 omnia
2561 3914 2739 3967 suae
2776 3890 3015 3967 tribus
3051 3890 3369 3985 officia.)

925 4048 1418 4151 Anonymi
1468 4074 1821 4151 argum.
1873 4050 1967 4125 in
2004 4050 2501 4127 Demosth.
2550 4076 2612 4127 c.
2651 4048 3235 4132 Androtion.
3280 4055 3489 4130 590:

710 4179 1119 4277 Quingenti
1171 4178 1280 4254 illi
1335 4188 1706 4255 trecentos
1761 4177 1919 4253 dies
1966 4178 2044 4253 in
2085 4177 2523 4277 magistratu
2562 4188 2791 4257 erant.
2868 4180 3016 4259 Sed
3056 4180 3230 4281 quia
3264 4182 3491 4258 multi

710 4314 959 4399 erant,
1017 4315 1092 4379 et
1145 4306 1450 4404 negotia
1503 4330 1655 4381 non
1714 4301 2058 4405 expedite
2116 4305 2658 4399 succedebant,
2716 4306 3149 4385 dividebant
3196 4332 3361 4385 sese
3402 4310 3489 4385 in

711 4430 966 4506 decem
1004 4439 1256 4530 partes
1295 4457 1431 4532 pro
1469 4430 1792 4507 tribuum
1829 4454 2178 4526 numer0,
2236 4439 2320 4505 ut
2355 4430 2693 4530 singulae
2732 4431 3072 4511 decuriae
3111 4436 3487 4536 quinqua-

706 4579 945 4654 genos
982 4555 1473 4633 continerent.
1529 4554 1682 4631 Tot
1700 4554 1896 4633 enim
1918 4580 2407 4655 unaquaeque
2428 4557 2669 4633 tribus
2706 4557 3167 4657 designabat.
3222 4557 3487 4654 Quum

709 4691 962 4757 autem
995 4681 1138 4782 ipsi
1179 4681 1402 4758 etiam
1439 4681 1947 4782 quinquageni
1984 4680 2235 4784 plures
2270 4692 2559 4777 essent,
2600 4708 2825 4781 quam
2862 4694 2943 4760 ut
2979 4684 3200 4763 simul
3236 4688 3485 4785 magi-

711 4816 945 4883 stratu
981 4806 1506 4907 fungerentur,
1561 4806 1666 4881 illi
1707 4805 2007 4901 decem,
2064 4809 2323 4885 sortito
2382 4832 2575 4882 unus
2612 4834 2846 4885 unum
2880 4809 3197 4910 septidui
3234 4810 3439 4889 diem
3464 4870 3483 4908 ,

711 4932 1049 5009 similiter
1085 4942 1164 5006 et
1196 4929 1460 5031 reliqui
1499 4958 1711 5007 suum
1749 4932 2061 5033 quisque
2101 4930 2297 5009 diem
2333 4934 2847 5035 imperabant,
2909 4935 3149 5011 donec
3186 4946 3483 5038 septem

709 5059 816 5135 illi
855 5060 1012 5135 dies
1051 5058 1622 5158 complerentur.
1694 5058 1815 5135 Ita
1849 5059 2116 5153 fiebat,
2156 5070 2239 5134 ut
2274 5070 2426 5137 tres
2464 5086 2507 5135 e
2544 5084 2854 5138 numero
2892 5061 3197 5139 denario
3232 5066 3476 5163 magi-

710 5195 1074 5263 stratuum
1125 5210 1280 5262 non
1333 5184 1811 5285 imperarent.
1906 5183 2435 5287 Unusquisque
2490 5198 2741 5264 autem
2790 5187 3264 5291 magistratus
3318 5214 3475 5269 uno
