<?xml version="1.0" encoding="UTF-8"?>
<!DOCTYPE html PUBLIC "-//W3C//DTD XHTML 1.0 Transitional//EN"
    "http://www.w3.org/TR/xhtml1/DTD/xhtml1-transitional.dtd">
<html xmlns="http://www.w3.org/1999/xhtml" xml:lang="en" lang="en">
 <head>
  <title>
</title>
<meta http-equiv="Content-Type" content="text/html;charset=utf-8" />
  <meta name='ocr-system' content='tesseract 3.04.00' />
  <meta name='ocr-capabilities' content='ocr_page ocr_carea ocr_par ocr_line ocrx_word'/>
</head>
<body>
  <div class='ocr_page' id='page_1' title='image "./synaggtnattiknn01tlgoog_0623.png"; bbox 0 0 3725 5850; ppageno 0'>
   <div class='ocr_carea' id='block_1_1' title="bbox 1201 456 3165 534">
    <p class='ocr_par' dir='ltr' id='par_1_1' title="bbox 1201 456 3165 534">
     <span class='ocr_line' id='line_1_1' title="bbox 1201 456 3165 534; baseline -0.001 -2"><span class='ocrx_word' id='word_1_1' title='bbox 1201 481 1818 534; x_wconf 65' lang='lat' dir='ltr'>commas-mames</span> <span class='ocrx_word' id='word_1_2' title='bbox 1857 479 1965 532; x_wconf 81' lang='lat' dir='ltr'>AD</span> <span class='ocrx_word' id='word_1_3' title='bbox 2006 477 2164 534; x_wconf 81' lang='lat'><strong>1315.</strong></span> <span class='ocrx_word' id='word_1_4' title='bbox 2208 477 2367 532; x_wconf 78' lang='lat'><strong>1317.</strong></span> <span class='ocrx_word' id='word_1_5' title='bbox 2414 479 2421 486; x_wconf 90' lang='lat'>·</span> <span class='ocrx_word' id='word_1_6' title='bbox 3006 456 3165 531; x_wconf 78' lang='lat'>59⁷</span> 
     </span>
    </p>
   </div>
   <div class='ocr_carea' id='block_1_2' title="bbox 377 665 3156 776">
    <p class='ocr_par' dir='ltr' id='par_1_2' title="bbox 377 665 3156 776">
     <span class='ocr_line' id='line_1_2' title="bbox 377 665 3156 776; baseline -0.001 -28"><span class='ocrx_word' id='word_1_7' title='bbox 377 673 519 749; x_wconf 89' lang='lat' dir='ltr'>dae</span> <span class='ocrx_word' id='word_1_8' title='bbox 565 672 1043 750; x_wconf 86' lang='lat' dir='ltr'>constitutum</span> <span class='ocrx_word' id='word_1_9' title='bbox 1103 697 1260 750; x_wconf 88' lang='lat' dir='ltr'>esse</span> <span class='ocrx_word' id='word_1_10' title='bbox 1321 673 1705 776; x_wconf 86' lang='lat' dir='ltr'>proprium</span> <span class='ocrx_word' id='word_1_11' title='bbox 1764 670 2267 751; x_wconf 87' lang='lat' dir='ltr'>vocabulum?</span> <span class='ocrx_word' id='word_1_12' title='bbox 2343 673 2509 749; x_wconf 87' lang='lat' dir='ltr'>Hoc</span> <span class='ocrx_word' id='word_1_13' title='bbox 2555 700 2736 748; x_wconf 88' lang='lat' dir='ltr'>vero</span> <span class='ocrx_word' id='word_1_14' title='bbox 2774 699 2935 748; x_wconf 87' lang='lat' dir='ltr'>esse</span> <span class='ocrx_word' id='word_1_15' title='bbox 2975 665 3156 744; x_wconf 87' lang='grc' dir='ltr'><em>ἀνε-</em></span> 
     </span>
    </p>
   </div>
   <div class='ocr_carea' id='block_1_3' title="bbox 372 793 3159 1002">
    <p class='ocr_par' dir='ltr' id='par_1_3' title="bbox 372 793 3159 1002">
     <span class='ocr_line' id='line_1_3' title="bbox 377 793 3159 898; baseline 0.002 -29"><span class='ocrx_word' id='word_1_16' title='bbox 377 793 710 896; x_wconf 81' lang='grc' dir='ltr'><em>ψιαδοῦς</em></span> <span class='ocrx_word' id='word_1_17' title='bbox 769 809 1146 876; x_wconf 83' lang='lat' dir='ltr'>oratorum</span> <span class='ocrx_word' id='word_1_18' title='bbox 1205 799 1666 898; x_wconf 86' lang='lat' dir='ltr'>aliorumque</span> <span class='ocrx_word' id='word_1_19' title='bbox 1738 810 2130 876; x_wconf 88' lang='lat' dir='ltr'>auctorum</span> <span class='ocrx_word' id='word_1_20' title='bbox 2198 799 2621 878; x_wconf 88' lang='lat' dir='ltr'>testimonia</span> <span class='ocrx_word' id='word_1_21' title='bbox 2677 797 3159 876; x_wconf 88' lang='lat' dir='ltr'>disertissima</span> 
     </span>
     <span class='ocr_line' id='line_1_4' title="bbox 372 923 668 1002; baseline -0.007 -2"><span class='ocrx_word' id='word_1_22' title='bbox 372 923 668 1002; x_wconf 88' lang='lat' dir='ltr'>docent.</span> 
     </span>
    </p>
   </div>
   <div class='ocr_carea' id='block_1_4' title="bbox 337 1029 3155 1887">
    <p class='ocr_par' dir='ltr' id='par_1_4' title="bbox 337 1029 3155 1887">
     <span class='ocr_line' id='line_1_5' title="bbox 588 1029 3155 1134; baseline -0 -28"><span class='ocrx_word' id='word_1_23' title='bbox 588 1031 915 1109; x_wconf 82' lang='lat' dir='ltr'><strong>Possunt</strong></span> <span class='ocrx_word' id='word_1_24' title='bbox 973 1031 1273 1132; x_wconf 89' lang='lat' dir='ltr'>quidem</span> <span class='ocrx_word' id='word_1_25' title='bbox 1329 1031 1518 1108; x_wconf 90' lang='lat' dir='ltr'>tales</span> <span class='ocrx_word' id='word_1_26' title='bbox 1573 1029 1712 1108; x_wconf 86' lang='lat' dir='ltr'>dici</span> <span class='ocrx_word' id='word_1_27' title='bbox 1773 1033 2000 1108; x_wconf 90' lang='lat' dir='ltr'>etiam</span> <span class='ocrx_word' id='word_1_28' title='bbox 2040 1059 2081 1110; x_wconf 92' lang='lat' dir='ltr'>e</span> <span class='ocrx_word' id='word_1_29' title='bbox 2120 1032 2589 1109; x_wconf 82' lang='lat' dir='ltr'>consobrinis</span> <span class='ocrx_word' id='word_1_30' title='bbox 2628 1032 2999 1134; x_wconf 87' lang='lat' dir='ltr'>procreati</span> <span class='ocrx_word' id='word_1_31' title='bbox 3036 1035 3155 1127; x_wconf 76' lang='grc' dir='ltr'>(ἐξ</span> 
     </span>
     <span class='ocr_line' id='line_1_6' title="bbox 373 1146 3154 1260; baseline 0.001 -32"><span class='ocrx_word' id='word_1_32' title='bbox 373 1150 729 1255; x_wconf 75' lang='grc' dir='ltr'><em>ἀνεψιῶν</em></span> <span class='ocrx_word' id='word_1_33' title='bbox 765 1146 983 1240; x_wconf 72' lang='grc' dir='ltr'><em>ὄντες</em></span> <span class='ocrx_word' id='word_1_34' title='bbox 1020 1157 1179 1234; x_wconf 90' lang='lat' dir='ltr'>sive</span> <span class='ocrx_word' id='word_1_35' title='bbox 1219 1151 1620 1260; x_wconf 77' lang='grc' dir='ltr'><strong><em>γεγονότες</em></strong></span> <span class='ocrx_word' id='word_1_36' title='bbox 1679 1159 1834 1234; x_wconf 88' lang='lat' dir='ltr'>sive</span> <span class='ocrx_word' id='word_1_37' title='bbox 1896 1153 2245 1258; x_wconf 76' lang='grc' dir='ltr'><em>ἀνεψιῶν</em></span> <span class='ocrx_word' id='word_1_38' title='bbox 2284 1154 2629 1253; x_wconf 84' lang='grc' dir='ltr'><em>παῖδες),</em></span> <span class='ocrx_word' id='word_1_39' title='bbox 2690 1158 2823 1234; x_wconf 87' lang='lat' dir='ltr'>sed</span> <span class='ocrx_word' id='word_1_40' title='bbox 2863 1183 3015 1234; x_wconf 90' lang='lat' dir='ltr'>non</span> <span class='ocrx_word' id='word_1_41' title='bbox 3054 1157 3154 1233; x_wconf 89' lang='lat' dir='ltr'>al-</span> 
     </span>
     <span class='ocr_line' id='line_1_7' title="bbox 337 1280 3151 1384; baseline 0.001 -25"><span class='ocrx_word' id='word_1_42' title='bbox 337 1296 486 1359; x_wconf 41' lang='lat' dir='ltr'>‘ter</span> <span class='ocrx_word' id='word_1_43' title='bbox 521 1283 734 1359; x_wconf 89' lang='lat' dir='ltr'>alteri</span> <span class='ocrx_word' id='word_1_44' title='bbox 795 1296 907 1360; x_wconf 91' lang='lat' dir='ltr'>est</span> <span class='ocrx_word' id='word_1_45' title='bbox 964 1287 1391 1361; x_wconf 82' lang='lat' dir='ltr'><strong>consobrini</strong></span> <span class='ocrx_word' id='word_1_46' title='bbox 1451 1287 1646 1362; x_wconf 90' lang='lat' dir='ltr'>filius</span> <span class='ocrx_word' id='word_1_47' title='bbox 1707 1293 1923 1378; x_wconf 75' lang='grc' dir='ltr'><strong>(παῖς</strong></span> <span class='ocrx_word' id='word_1_48' title='bbox 1960 1280 2385 1384; x_wconf 43' lang='grc' dir='ltr'><em>ἀνεψιοῦ)</em></span> <span class='ocrx_word' id='word_1_49' title='bbox 2447 1286 2761 1361; x_wconf 88' lang='lat' dir='ltr'>oriretur</span> <span class='ocrx_word' id='word_1_50' title='bbox 2806 1285 3001 1361; x_wconf 89' lang='lat' dir='ltr'>enim</span> <span class='ocrx_word' id='word_1_51' title='bbox 3038 1311 3151 1362; x_wconf 90' lang='lat' dir='ltr'>ra-</span> 
     </span>
     <span class='ocr_line' id='line_1_8' title="bbox 368 1410 3155 1506; baseline 0.001 -21"><span class='ocrx_word' id='word_1_52' title='bbox 368 1412 659 1486; x_wconf 84' lang='lat' dir='ltr'>tionum</span> <span class='ocrx_word' id='word_1_53' title='bbox 695 1410 1163 1486; x_wconf 89' lang='lat' dir='ltr'>diversarum</span> <span class='ocrx_word' id='word_1_54' title='bbox 1203 1411 1572 1488; x_wconf 81' lang='lat' dir='ltr'>confusio..</span> <span class='ocrx_word' id='word_1_55' title='bbox 1620 1411 1768 1504; x_wconf 84' lang='lat' dir='ltr'>Qui</span> <span class='ocrx_word' id='word_1_56' title='bbox 1805 1411 2157 1488; x_wconf 83' lang='lat' dir='ltr'>sobrinus</span> <span class='ocrx_word' id='word_1_57' title='bbox 2197 1424 2311 1488; x_wconf 90' lang='lat' dir='ltr'>est</span> <span class='ocrx_word' id='word_1_58' title='bbox 2345 1411 2600 1506; x_wconf 83' lang='lat' dir='ltr'>alteri,</span> <span class='ocrx_word' id='word_1_59' title='bbox 2650 1410 2821 1486; x_wconf 90' lang='lat' dir='ltr'>huic</span> <span class='ocrx_word' id='word_1_60' title='bbox 2856 1421 2933 1484; x_wconf 90' lang='lat' dir='ltr'>et</span> <span class='ocrx_word' id='word_1_61' title='bbox 2968 1410 3155 1488; x_wconf 79' lang='lat' dir='ltr'>alter</span> 
     </span>
     <span class='ocr_line' id='line_1_9' title="bbox 368 1527 3153 1637; baseline 0.001 -29"><span class='ocrx_word' id='word_1_62' title='bbox 368 1533 494 1611; x_wconf 86' lang='lat' dir='ltr'>ille</span> <span class='ocrx_word' id='word_1_63' title='bbox 551 1547 664 1611; x_wconf 86' lang='lat' dir='ltr'>est</span> <span class='ocrx_word' id='word_1_64' title='bbox 719 1527 1206 1632; x_wconf 83' lang='grc' dir='ltr'><em>ἀνεψιαδοῦς</em></span> <span class='ocrx_word' id='word_1_65' title='bbox 1263 1537 1497 1630; x_wconf 85' lang='lat' dir='ltr'>(inter</span> <span class='ocrx_word' id='word_1_66' title='bbox 1553 1563 1632 1613; x_wconf 90' lang='lat' dir='ltr'>se</span> <span class='ocrx_word' id='word_1_67' title='bbox 1689 1550 1860 1614; x_wconf 89' lang='lat' dir='ltr'>sunt</span> <span class='ocrx_word' id='word_1_68' title='bbox 1920 1538 2289 1631; x_wconf 85' lang='lat' dir='ltr'>sobrini),</span> <span class='ocrx_word' id='word_1_69' title='bbox 2348 1536 2481 1613; x_wconf 93' lang='lat' dir='ltr'>sed</span> <span class='ocrx_word' id='word_1_70' title='bbox 2520 1537 2583 1612; x_wconf 87' lang='lat' dir='ltr'>is</span> <span class='ocrx_word' id='word_1_71' title='bbox 2621 1536 2749 1637; x_wconf 91' lang='lat' dir='ltr'>qui</span> <span class='ocrx_word' id='word_1_72' title='bbox 2786 1535 3000 1613; x_wconf 91' lang='lat' dir='ltr'>alteri</span> <span class='ocrx_word' id='word_1_73' title='bbox 3040 1547 3153 1612; x_wconf 91' lang='lat' dir='ltr'>est</span> 
     </span>
     <span class='ocr_line' id='line_1_10' title="bbox 362 1657 3149 1764; baseline 0.001 -29"><span class='ocrx_word' id='word_1_74' title='bbox 362 1657 788 1736; x_wconf 78' lang='lat' dir='ltr'>consobrini</span> <span class='ocrx_word' id='word_1_75' title='bbox 829 1660 1047 1755; x_wconf 83' lang='lat' dir='ltr'>filius,</span> <span class='ocrx_word' id='word_1_76' title='bbox 1069 1686 1239 1737; x_wconf 91' lang='lat' dir='ltr'>cum</span> <span class='ocrx_word' id='word_1_77' title='bbox 1276 1661 1512 1737; x_wconf 86' lang='lat' dir='ltr'>altero</span> <span class='ocrx_word' id='word_1_78' title='bbox 1552 1690 1703 1738; x_wconf 88' lang='lat' dir='ltr'>non</span> <span class='ocrx_word' id='word_1_79' title='bbox 1745 1665 1986 1764; x_wconf 83' lang='lat' dir='ltr'>magis</span> <span class='ocrx_word' id='word_1_80' title='bbox 2025 1689 2250 1764; x_wconf 91' lang='lat' dir='ltr'>quam</span> <span class='ocrx_word' id='word_1_81' title='bbox 2288 1663 2539 1741; x_wconf 88' lang='lat' dir='ltr'>fratris</span> <span class='ocrx_word' id='word_1_82' title='bbox 2580 1659 2773 1737; x_wconf 90' lang='lat' dir='ltr'>filius</span> <span class='ocrx_word' id='word_1_83' title='bbox 2814 1687 2982 1737; x_wconf 89' lang='lat' dir='ltr'>cum</span> <span class='ocrx_word' id='word_1_84' title='bbox 3019 1688 3149 1763; x_wconf 91' lang='lat' dir='ltr'>pa·</span> 
     </span>
     <span class='ocr_line' id='line_1_11' title="bbox 363 1783 3151 1887; baseline -0 -26"><span class='ocrx_word' id='word_1_85' title='bbox 363 1795 530 1861; x_wconf 90' lang='lat' dir='ltr'>truo</span> <span class='ocrx_word' id='word_1_86' title='bbox 591 1783 866 1877; x_wconf 29' lang='lat' dir='ltr'>eodem,</span> <span class='ocrx_word' id='word_1_87' title='bbox 913 1797 1214 1864; x_wconf 89' lang='lat' dir='ltr'>mutuae</span> <span class='ocrx_word' id='word_1_88' title='bbox 1271 1788 1740 1886; x_wconf 81' lang='lat' dir='ltr'>cognationis</span> <span class='ocrx_word' id='word_1_89' title='bbox 1801 1813 2080 1887; x_wconf 83' lang='lat' dir='ltr'>genere</span> <span class='ocrx_word' id='word_1_90' title='bbox 2138 1793 2573 1883; x_wconf 78' lang='lat' dir='ltr'>conjunctus</span> <span class='ocrx_word' id='word_1_91' title='bbox 2631 1795 2781 1878; x_wconf 86' lang='lat' dir='ltr'>est,</span> <span class='ocrx_word' id='word_1_92' title='bbox 2838 1786 2972 1862; x_wconf 90' lang='lat' dir='ltr'>sed</span> <span class='ocrx_word' id='word_1_93' title='bbox 3029 1786 3151 1861; x_wconf 92' lang='lat' dir='ltr'>hic</span> 
     </span>
    </p>
   </div>
   <div class='ocr_carea' id='block_1_5' title="bbox 363 1909 3143 2141">
    <p class='ocr_par' dir='ltr' id='par_1_5' title="bbox 363 1909 3143 2141">
     <span class='ocr_line' id='line_1_12' title="bbox 363 1909 3143 2014; baseline 0 -28"><span class='ocrx_word' id='word_1_94' title='bbox 363 1910 676 2013; x_wconf 89' lang='lat' dir='ltr'>propius</span> <span class='ocrx_word' id='word_1_95' title='bbox 717 1912 783 1988; x_wconf 90' lang='lat' dir='ltr'>ei</span> <span class='ocrx_word' id='word_1_96' title='bbox 823 1911 1132 1988; x_wconf 87' lang='lat' dir='ltr'>sobrino</span> <span class='ocrx_word' id='word_1_97' title='bbox 1170 1938 1335 1988; x_wconf 88' lang='lat' dir='ltr'>esse</span> <span class='ocrx_word' id='word_1_98' title='bbox 1373 1911 1712 1988; x_wconf 86' lang='lat' dir='ltr'>dicitur.“</span> <span class='ocrx_word' id='word_1_99' title='bbox 1773 1913 1834 1988; x_wconf 94' lang='lat' dir='ltr'>B</span> <span class='ocrx_word' id='word_1_100' title='bbox 1857 1939 2033 1988; x_wconf 88' lang='lat' dir='ltr'>uns</span> <span class='ocrx_word' id='word_1_101' title='bbox 2056 1939 2095 1990; x_wconf 90' lang='lat' dir='ltr'>e</span> <span class='ocrx_word' id='word_1_102' title='bbox 2118 1938 2205 1986; x_wconf 87' lang='lat' dir='ltr'>n:</span> <span class='ocrx_word' id='word_1_103' title='bbox 2246 1916 2359 1989; x_wconf 90' lang='lat' dir='ltr'>De</span> <span class='ocrx_word' id='word_1_104' title='bbox 2386 1913 2560 2014; x_wconf 89' lang='lat' dir='ltr'>jure</span> <span class='ocrx_word' id='word_1_105' title='bbox 2594 1911 2843 1988; x_wconf 89' lang='lat' dir='ltr'>hered.</span> <span class='ocrx_word' id='word_1_106' title='bbox 2870 1909 3143 1988; x_wconf 84' lang='lat' dir='ltr'>Athen.</span> 
     </span>
     <span class='ocr_line' id='line_1_13' title="bbox 365 2035 1420 2141; baseline -0.001 -28"><span class='ocrx_word' id='word_1_107' title='bbox 365 2035 707 2134; x_wconf 82' lang='lat' dir='ltr'>Gotting.</span> <span class='ocrx_word' id='word_1_108' title='bbox 753 2037 981 2113; x_wconf 83' lang='lat'><strong>1813.</strong></span> <span class='ocrx_word' id='word_1_109' title='bbox 1020 2066 1093 2141; x_wconf 89' lang='lat' dir='ltr'>p.</span> <span class='ocrx_word' id='word_1_110' title='bbox 1135 2035 1420 2112; x_wconf 81' lang='lat'><strong>7--10.</strong></span> 
     </span>
    </p>
   </div>
   <div class='ocr_carea' id='block_1_6' title="bbox 518 2159 3141 3007">
    <p class='ocr_par' dir='ltr' id='par_1_6' title="bbox 518 2159 3141 3007">
     <span class='ocr_line' id='line_1_14' title="bbox 581 2159 2027 2264; baseline 0.003 -27"><span class='ocrx_word' id='word_1_111' title='bbox 581 2159 954 2261; x_wconf 83' lang='lat' dir='ltr'>„Cognati</span> <span class='ocrx_word' id='word_1_112' title='bbox 993 2164 1266 2264; x_wconf 87' lang='lat' dir='ltr'>(vulgo</span> <span class='ocrx_word' id='word_1_113' title='bbox 1302 2163 1811 2256; x_wconf 80' lang='lat' dir='ltr'>collaterales)</span> <span class='ocrx_word' id='word_1_114' title='bbox 1848 2176 2027 2241; x_wconf 86' lang='lat' dir='ltr'>sunt</span> 
     </span>
     <span class='ocr_line' id='line_1_15' title="bbox 575 2286 1753 2390; baseline 0 -28"><span class='ocrx_word' id='word_1_115' title='bbox 575 2287 633 2364; x_wconf 91' lang='grc' dir='ltr'>Ι.</span> <span class='ocrx_word' id='word_1_116' title='bbox 694 2286 755 2365; x_wconf 85' lang='grc' dir='ltr'><strong>Α</strong></span> <span class='ocrx_word' id='word_1_117' title='bbox 792 2299 1006 2390; x_wconf 88' lang='lat' dir='ltr'>patre</span> <span class='ocrx_word' id='word_1_118' title='bbox 1044 2286 1380 2364; x_wconf 87' lang='lat' dir='ltr'>defuncti</span> <span class='ocrx_word' id='word_1_119' title='bbox 1417 2287 1753 2364; x_wconf 89' lang='lat' dir='ltr'>oriundi:</span> 
     </span>
     <span class='ocr_line' id='line_1_16' title="bbox 681 2412 2407 2508; baseline 0.001 -21"><span class='ocrx_word' id='word_1_120' title='bbox 681 2416 766 2506; x_wconf 87' lang='lat' dir='ltr'>a)</span> <span class='ocrx_word' id='word_1_121' title='bbox 823 2414 879 2490; x_wconf 99' lang='lat' dir='ltr'><strong>J</strong></span> <span class='ocrx_word' id='word_1_122' title='bbox 899 2421 1129 2489; x_wconf 89' lang='lat' dir='ltr'>uxta</span> <span class='ocrx_word' id='word_1_123' title='bbox 1168 2412 1644 2508; x_wconf 87' lang='lat' dir='ltr'>defunctum,</span> <span class='ocrx_word' id='word_1_124' title='bbox 1686 2412 1953 2489; x_wconf 85' lang='lat' dir='ltr'>fratres</span> <span class='ocrx_word' id='word_1_125' title='bbox 1992 2439 2407 2491; x_wconf 85' lang='lat' dir='ltr'>sororesve.</span> 
     </span>
     <span class='ocr_line' id='line_1_17' title="bbox 679 2529 3141 2640; baseline -0.001 -25"><span class='ocrx_word' id='word_1_126' title='bbox 679 2541 772 2631; x_wconf 86' lang='lat' dir='ltr'>b)</span> <span class='ocrx_word' id='word_1_127' title='bbox 827 2539 1112 2616; x_wconf 87' lang='lat' dir='ltr'>Infra</span> <span class='ocrx_word' id='word_1_128' title='bbox 1168 2565 1378 2632; x_wconf 89' lang='lat' dir='ltr'>eum,</span> <span class='ocrx_word' id='word_1_129' title='bbox 1441 2539 1730 2640; x_wconf 78' lang='lat' dir='ltr'>exiliis</span> <span class='ocrx_word' id='word_1_130' title='bbox 1769 2541 2135 2640; x_wconf 87' lang='lat' dir='ltr'>procreati</span> <span class='ocrx_word' id='word_1_131' title='bbox 2194 2533 2649 2631; x_wconf 83' lang='grc' dir='ltr'><em>ἀδελφιδοὶ,</em></span> <span class='ocrx_word' id='word_1_132' title='bbox 2711 2529 3141 2627; x_wconf 67' lang='grc' dir='ltr'><em>ἀδελφιδαῖ.</em></span> 
     </span>
     <span class='ocr_line' id='line_1_18' title="bbox 518 2662 1686 2762; baseline -0.002 -22"><span class='ocrx_word' id='word_1_133' title='bbox 518 2665 614 2740; x_wconf 93' lang='grc' dir='ltr'>ΙΙ.</span> <span class='ocrx_word' id='word_1_134' title='bbox 675 2662 797 2743; x_wconf 88' lang='lat' dir='ltr'>Ab</span> <span class='ocrx_word' id='word_1_135' title='bbox 834 2689 978 2740; x_wconf 89' lang='lat' dir='ltr'>avo</span> <span class='ocrx_word' id='word_1_136' title='bbox 1015 2688 1255 2762; x_wconf 87' lang='lat' dir='ltr'>genus</span> <span class='ocrx_word' id='word_1_137' title='bbox 1293 2663 1686 2741; x_wconf 89' lang='lat' dir='ltr'>ducentes:</span> 
     </span>
     <span class='ocr_line' id='line_1_19' title="bbox 675 2785 3141 2890; baseline 0 -26"><span class='ocrx_word' id='word_1_138' title='bbox 675 2788 766 2882; x_wconf 86' lang='lat' dir='ltr'>a)</span> <span class='ocrx_word' id='word_1_139' title='bbox 823 2785 876 2864; x_wconf 84' lang='lat' dir='ltr'>S</span> <span class='ocrx_word' id='word_1_140' title='bbox 899 2814 947 2863; x_wconf 89' lang='grc' dir='ltr'>ιι</span> <span class='ocrx_word' id='word_1_141' title='bbox 969 2817 1019 2890; x_wconf 92' lang='lat' dir='ltr'>p</span> <span class='ocrx_word' id='word_1_142' title='bbox 1040 2813 1140 2864; x_wconf 89' lang='lat' dir='ltr'>ra</span> <span class='ocrx_word' id='word_1_143' title='bbox 1195 2789 1669 2882; x_wconf 84' lang='lat' dir='ltr'>defunctum,</span> <span class='ocrx_word' id='word_1_144' title='bbox 1750 2799 2063 2888; x_wconf 87' lang='lat' dir='ltr'>patruus</span> <span class='ocrx_word' id='word_1_145' title='bbox 2122 2799 2196 2864; x_wconf 90' lang='lat' dir='ltr'>et</span> <span class='ocrx_word' id='word_1_146' title='bbox 2252 2789 2518 2883; x_wconf 86' lang='lat' dir='ltr'>amita,</span> <span class='ocrx_word' id='word_1_147' title='bbox 2592 2790 3005 2866; x_wconf 88' lang='lat' dir='ltr'>avunculus</span> <span class='ocrx_word' id='word_1_148' title='bbox 3065 2803 3141 2865; x_wconf 87' lang='lat' dir='ltr'>et</span> 
     </span>
     <span class='ocr_line' id='line_1_20' title="bbox 819 2913 1870 3007; baseline 0 -18"><span class='ocrx_word' id='word_1_149' title='bbox 819 2924 1216 2991; x_wconf 88' lang='lat' dir='ltr'>matertera</span> <span class='ocrx_word' id='word_1_150' title='bbox 1256 2915 1511 3007; x_wconf 76' lang='grc' dir='ltr'><em>(θεῖος</em></span> <span class='ocrx_word' id='word_1_151' title='bbox 1537 2968 1556 2999; x_wconf 91' lang='grc'><em>,</em></span> <span class='ocrx_word' id='word_1_152' title='bbox 1621 2913 1870 3006; x_wconf 78' lang='grc' dir='ltr'><em>θεία).</em></span> 
     </span>
    </p>
   </div>
   <div class='ocr_carea' id='block_1_7' title="bbox 497 3034 3133 4254">
    <p class='ocr_par' dir='ltr' id='par_1_7' title="bbox 677 3034 3133 3246">
     <span class='ocr_line' id='line_1_21' title="bbox 677 3034 3133 3137; baseline -0.001 -22"><span class='ocrx_word' id='word_1_153' title='bbox 677 3042 768 3132; x_wconf 87' lang='lat' dir='ltr'>b)</span> <span class='ocrx_word' id='word_1_154' title='bbox 823 3042 879 3118; x_wconf 99' lang='lat' dir='ltr'><strong>J</strong></span> <span class='ocrx_word' id='word_1_155' title='bbox 900 3052 1135 3117; x_wconf 85' lang='lat' dir='ltr'>uxta</span> <span class='ocrx_word' id='word_1_156' title='bbox 1183 3066 1392 3135; x_wconf 91' lang='lat' dir='ltr'>eum,</span> <span class='ocrx_word' id='word_1_157' title='bbox 1451 3041 1716 3117; x_wconf 88' lang='lat' dir='ltr'>horum</span> <span class='ocrx_word' id='word_1_158' title='bbox 1755 3041 1971 3117; x_wconf 85' lang='lat' dir='ltr'>liberi</span> <span class='ocrx_word' id='word_1_159' title='bbox 2010 3040 2442 3116; x_wconf 89' lang='lat' dir='ltr'>consobrini</span> <span class='ocrx_word' id='word_1_160' title='bbox 2481 3034 2842 3137; x_wconf 80' lang='grc' dir='ltr'><em>(ἀνεψιοί</em></span> <span class='ocrx_word' id='word_1_161' title='bbox 2866 3093 2887 3127; x_wconf 89' lang='grc'>,</span> <span class='ocrx_word' id='word_1_162' title='bbox 2948 3034 3133 3113; x_wconf 85' lang='grc' dir='ltr'><em>ἀνε-</em></span> 
     </span>
     <span class='ocr_line' id='line_1_22' title="bbox 819 3147 1069 3246; baseline 0.024 -27"><span class='ocrx_word' id='word_1_163' title='bbox 819 3147 1069 3246; x_wconf 78' lang='grc' dir='ltr'>ψιαί).</span> 
     </span>
    </p>

    <p class='ocr_par' dir='ltr' id='par_1_8' title="bbox 673 3267 2721 3369">
     <span class='ocr_line' id='line_1_23' title="bbox 673 3267 2721 3369; baseline 0.001 -21"><span class='ocrx_word' id='word_1_164' title='bbox 673 3277 758 3365; x_wconf 83' lang='lat' dir='ltr'>c)</span> <span class='ocrx_word' id='word_1_165' title='bbox 815 3273 1094 3349; x_wconf 80' lang='lat' dir='ltr'>Infra</span> <span class='ocrx_word' id='word_1_166' title='bbox 1130 3298 1340 3368; x_wconf 84' lang='lat' dir='ltr'>eum,</span> <span class='ocrx_word' id='word_1_167' title='bbox 1399 3274 1665 3349; x_wconf 85' lang='lat' dir='ltr'>horum</span> <span class='ocrx_word' id='word_1_168' title='bbox 1705 3275 1921 3350; x_wconf 87' lang='lat' dir='ltr'>liberi</span> <span class='ocrx_word' id='word_1_169' title='bbox 1961 3267 2357 3369; x_wconf 75' lang='grc' dir='ltr'><em>(ἀνεψιῶν</em></span> <span class='ocrx_word' id='word_1_170' title='bbox 2394 3268 2721 3366; x_wconf 82' lang='grc' dir='ltr'><em>παῖδες).</em></span> 
     </span>
    </p>

    <p class='ocr_par' dir='ltr' id='par_1_9' title="bbox 497 3400 1957 3502">
     <span class='ocr_line' id='line_1_24' title="bbox 497 3400 1957 3502; baseline -0.001 -23"><span class='ocrx_word' id='word_1_171' title='bbox 497 3402 630 3479; x_wconf 91' lang='grc' dir='ltr'><strong>ΙΙΙ.</strong></span> <span class='ocrx_word' id='word_1_172' title='bbox 673 3400 740 3477; x_wconf 85' lang='grc' dir='ltr'><strong>Α</strong></span> <span class='ocrx_word' id='word_1_173' title='bbox 781 3426 1068 3502; x_wconf 90' lang='lat' dir='ltr'>proavo</span> <span class='ocrx_word' id='word_1_174' title='bbox 1105 3412 1234 3477; x_wconf 92' lang='lat' dir='ltr'>aut</span> <span class='ocrx_word' id='word_1_175' title='bbox 1271 3402 1583 3502; x_wconf 84' lang='lat' dir='ltr'>proavia</span> <span class='ocrx_word' id='word_1_176' title='bbox 1620 3401 1957 3477; x_wconf 87' lang='lat' dir='ltr'>oriundi:</span> 
     </span>
    </p>

    <p class='ocr_par' dir='ltr' id='par_1_10' title="bbox 671 3523 2705 3879">
     <span class='ocr_line' id='line_1_25' title="bbox 671 3523 1598 3626; baseline 0.001 -26"><span class='ocrx_word' id='word_1_177' title='bbox 671 3526 756 3617; x_wconf 89' lang='lat' dir='ltr'>a)</span> <span class='ocrx_word' id='word_1_178' title='bbox 811 3523 866 3601; x_wconf 87' lang='lat' dir='ltr'>S</span> <span class='ocrx_word' id='word_1_179' title='bbox 885 3551 936 3599; x_wconf 91' lang='lat' dir='ltr'>u</span> <span class='ocrx_word' id='word_1_180' title='bbox 957 3552 1006 3626; x_wconf 91' lang='lat' dir='ltr'>p</span> <span class='ocrx_word' id='word_1_181' title='bbox 1028 3551 1066 3599; x_wconf 93' lang='lat' dir='ltr'>r</span> <span class='ocrx_word' id='word_1_182' title='bbox 1084 3552 1130 3601; x_wconf 92' lang='lat' dir='ltr'>a</span> <span class='ocrx_word' id='word_1_183' title='bbox 1166 3525 1598 3601; x_wconf 87' lang='lat' dir='ltr'>defunctum</span> 
     </span>
     <span class='ocr_line' id='line_1_26' title="bbox 813 3651 2705 3752; baseline 0.002 -30"><span class='ocrx_word' id='word_1_184' title='bbox 813 3654 903 3744; x_wconf 89' lang='grc' dir='ltr'>α)</span> <span class='ocrx_word' id='word_1_185' title='bbox 959 3653 1221 3752; x_wconf 86' lang='lat' dir='ltr'>proavi</span> <span class='ocrx_word' id='word_1_186' title='bbox 1258 3651 1383 3727; x_wconf 91' lang='lat' dir='ltr'>vel</span> <span class='ocrx_word' id='word_1_187' title='bbox 1419 3652 1770 3752; x_wconf 87' lang='lat' dir='ltr'>proaviae</span> <span class='ocrx_word' id='word_1_188' title='bbox 1810 3652 2027 3727; x_wconf 87' lang='lat' dir='ltr'>liberi</span> <span class='ocrx_word' id='word_1_189' title='bbox 2053 3710 2070 3745; x_wconf 91' lang='lat'>‚</span> <span class='ocrx_word' id='word_1_190' title='bbox 2112 3651 2385 3729; x_wconf 84' lang='lat' dir='ltr'>deinde</span> <span class='ocrx_word' id='word_1_191' title='bbox 2425 3653 2549 3751; x_wconf 86' lang='lat' dir='ltr'>qui</span> <span class='ocrx_word' id='word_1_192' title='bbox 2590 3664 2705 3729; x_wconf 89' lang='lat' dir='ltr'>est</span> 
     </span>
     <span class='ocr_line' id='line_1_27' title="bbox 810 3777 2471 3879; baseline 0.002 -30"><span class='ocrx_word' id='word_1_193' title='bbox 810 3777 906 3873; x_wconf 81' lang='grc' dir='ltr'>β)</span> <span class='ocrx_word' id='word_1_194' title='bbox 962 3777 1308 3878; x_wconf 89' lang='lat' dir='ltr'>proprius</span> <span class='ocrx_word' id='word_1_195' title='bbox 1345 3777 1686 3871; x_wconf 76' lang='lat' dir='ltr'>sobriae,</span> <span class='ocrx_word' id='word_1_196' title='bbox 1726 3778 1822 3854; x_wconf 88' lang='lat' dir='ltr'>ab</span> <span class='ocrx_word' id='word_1_197' title='bbox 1861 3778 1982 3853; x_wconf 87' lang='lat' dir='ltr'>his</span> <span class='ocrx_word' id='word_1_198' title='bbox 2022 3789 2471 3879; x_wconf 77' lang='lat' dir='ltr'>procreatus,</span> 
     </span>
    </p>

    <p class='ocr_par' dir='ltr' id='par_1_11' title="bbox 672 3896 3127 4001">
     <span class='ocr_line' id='line_1_28' title="bbox 672 3896 3127 4001; baseline 0.001 -24"><span class='ocrx_word' id='word_1_199' title='bbox 672 3904 764 3995; x_wconf 89' lang='lat' dir='ltr'>b)</span> <span class='ocrx_word' id='word_1_200' title='bbox 820 3904 876 3980; x_wconf 99' lang='lat' dir='ltr'><strong>J</strong></span> <span class='ocrx_word' id='word_1_201' title='bbox 895 3930 943 3978; x_wconf 89' lang='lat' dir='ltr'>u</span> <span class='ocrx_word' id='word_1_202' title='bbox 967 3914 1131 3979; x_wconf 87' lang='lat' dir='ltr'>xta</span> <span class='ocrx_word' id='word_1_203' title='bbox 1167 3901 1604 3979; x_wconf 89' lang='lat' dir='ltr'>defunctum</span> <span class='ocrx_word' id='word_1_204' title='bbox 1631 3960 1648 3993; x_wconf 86' lang='lat'>‚</span> <span class='ocrx_word' id='word_1_205' title='bbox 1705 3900 1921 4001; x_wconf 90' lang='lat' dir='ltr'>hujus</span> <span class='ocrx_word' id='word_1_206' title='bbox 1962 3902 2217 3996; x_wconf 86' lang='lat' dir='ltr'>liberi,</span> <span class='ocrx_word' id='word_1_207' title='bbox 2279 3903 2563 3978; x_wconf 88' lang='lat' dir='ltr'>sobrini</span> <span class='ocrx_word' id='word_1_208' title='bbox 2606 3896 3127 4001; x_wconf 81' lang='grc' dir='ltr'><em>(ἀνεψιαδοί).</em></span> 
     </span>
    </p>

    <p class='ocr_par' dir='ltr' id='par_1_12' title="bbox 671 4022 3123 4254">
     <span class='ocr_line' id='line_1_29' title="bbox 671 4022 3123 4124; baseline 0.001 -20"><span class='ocrx_word' id='word_1_209' title='bbox 671 4034 757 4123; x_wconf 86' lang='lat' dir='ltr'>c)</span> <span class='ocrx_word' id='word_1_210' title='bbox 813 4030 1095 4106; x_wconf 81' lang='lat' dir='ltr'>Infra</span> <span class='ocrx_word' id='word_1_211' title='bbox 1133 4054 1340 4121; x_wconf 88' lang='lat' dir='ltr'>eum,</span> <span class='ocrx_word' id='word_1_212' title='bbox 1379 4028 1648 4103; x_wconf 87' lang='lat' dir='ltr'>horum</span> <span class='ocrx_word' id='word_1_213' title='bbox 1682 4029 1899 4104; x_wconf 88' lang='lat' dir='ltr'>liberi</span> <span class='ocrx_word' id='word_1_214' title='bbox 1940 4025 2243 4122; x_wconf 83' lang='grc' dir='ltr'><em>(παῖδες</em></span> <span class='ocrx_word' id='word_1_215' title='bbox 2282 4022 2847 4124; x_wconf 70' lang='grc' dir='ltr'><em>ἀνεψιαδῶν).“</em></span> <span class='ocrx_word' id='word_1_216' title='bbox 2890 4031 2951 4106; x_wconf 95' lang='grc' dir='ltr'>Β</span> <span class='ocrx_word' id='word_1_217' title='bbox 2975 4058 3123 4107; x_wconf 90' lang='lat' dir='ltr'>un-</span> 
     </span>
     <span class='ocr_line' id='line_1_30' title="bbox 811 4152 1694 4254; baseline -0.006 -23"><span class='ocrx_word' id='word_1_218' title='bbox 811 4179 982 4231; x_wconf 90' lang='lat' dir='ltr'>sen</span> <span class='ocrx_word' id='word_1_219' title='bbox 1017 4153 1196 4233; x_wconf 90' lang='lat' dir='ltr'>ibid.</span> <span class='ocrx_word' id='word_1_220' title='bbox 1243 4180 1318 4254; x_wconf 91' lang='lat' dir='ltr'>p.</span> <span class='ocrx_word' id='word_1_221' title='bbox 1363 4152 1694 4227; x_wconf 74' lang='grc'>12-13,</span> 
     </span>
    </p>
   </div>
   <div class='ocr_carea' id='block_1_8' title="bbox 1501 4326 1965 4411">
    <p class='ocr_par' dir='ltr' id='par_1_13' title="bbox 1501 4326 1965 4411">
     <span class='ocr_line' id='line_1_31' title="bbox 1501 4326 1965 4411; baseline 0.002 -2"><span class='ocrx_word' id='word_1_222' title='bbox 1501 4326 1653 4410; x_wconf 74' lang='lat' dir='ltr'>Ad</span> <span class='ocrx_word' id='word_1_223' title='bbox 1696 4328 1965 4411; x_wconf 76' lang='lat'><strong>1³1⁷.</strong></span> 
     </span>
    </p>
   </div>
   <div class='ocr_carea' id='block_1_9' title="bbox 345 4476 3118 4834">
    <p class='ocr_par' dir='ltr' id='par_1_14' title="bbox 345 4476 3118 4834">
     <span class='ocr_line' id='line_1_32' title="bbox 562 4476 3118 4581; baseline 0.002 -29"><span class='ocrx_word' id='word_1_224' title='bbox 562 4478 830 4554; x_wconf 82' lang='lat' dir='ltr'>Pollux</span> <span class='ocrx_word' id='word_1_225' title='bbox 869 4477 1004 4571; x_wconf 90' lang='grc' dir='ltr'>ΙΙΙ,</span> <span class='ocrx_word' id='word_1_226' title='bbox 1046 4476 1297 4553; x_wconf 82' lang='lat'><strong>6—7:</strong></span> <span class='ocrx_word' id='word_1_227' title='bbox 1353 4480 1783 4579; x_wconf 76' lang='grc' dir='ltr'><em>Συγγένεια</em></span> <span class='ocrx_word' id='word_1_228' title='bbox 1838 4488 1951 4554; x_wconf 89' lang='lat' dir='ltr'>est</span> <span class='ocrx_word' id='word_1_229' title='bbox 1988 4503 2177 4579; x_wconf 87' lang='lat' dir='ltr'>quae</span> <span class='ocrx_word' id='word_1_230' title='bbox 2218 4504 2371 4554; x_wconf 91' lang='lat' dir='ltr'>non</span> <span class='ocrx_word' id='word_1_231' title='bbox 2412 4488 2711 4574; x_wconf 87' lang='lat' dir='ltr'>natura,</span> <span class='ocrx_word' id='word_1_232' title='bbox 2770 4480 2901 4557; x_wconf 92' lang='lat' dir='ltr'>sed</span> <span class='ocrx_word' id='word_1_233' title='bbox 2938 4481 3118 4581; x_wconf 89' lang='lat' dir='ltr'>legi-</span> 
     </span>
     <span class='ocr_line' id='line_1_33' title="bbox 348 4603 3115 4707; baseline 0 -26"><span class='ocrx_word' id='word_1_234' title='bbox 348 4608 524 4681; x_wconf 90' lang='lat' dir='ltr'>time</span> <span class='ocrx_word' id='word_1_235' title='bbox 565 4615 948 4681; x_wconf 87' lang='lat' dir='ltr'>contracta</span> <span class='ocrx_word' id='word_1_236' title='bbox 1004 4616 1156 4700; x_wconf 85' lang='lat' dir='ltr'>est,</span> <span class='ocrx_word' id='word_1_237' title='bbox 1214 4616 1297 4681; x_wconf 85' lang='lat' dir='ltr'>ut</span> <span class='ocrx_word' id='word_1_238' title='bbox 1333 4616 1505 4681; x_wconf 89' lang='lat' dir='ltr'>sunt</span> <span class='ocrx_word' id='word_1_239' title='bbox 1540 4603 1836 4704; x_wconf 82' lang='lat' dir='ltr'>generi,</span> <span class='ocrx_word' id='word_1_240' title='bbox 1896 4603 2171 4701; x_wconf 87' lang='lat' dir='ltr'>soceri,</span> <span class='ocrx_word' id='word_1_241' title='bbox 2236 4616 2307 4681; x_wconf 91' lang='lat' dir='ltr'>et</span> <span class='ocrx_word' id='word_1_242' title='bbox 2346 4614 2708 4707; x_wconf 88' lang='lat' dir='ltr'>quotquot</span> <span class='ocrx_word' id='word_1_243' title='bbox 2742 4606 3115 4685; x_wconf 86' lang='lat' dir='ltr'>familiari-</span> 
     </span>
     <span class='ocr_line' id='line_1_34' title="bbox 345 4728 2613 4834; baseline 0 -26"><span class='ocrx_word' id='word_1_244' title='bbox 345 4742 496 4808; x_wconf 87' lang='lat' dir='ltr'>tate</span> <span class='ocrx_word' id='word_1_245' title='bbox 533 4730 750 4807; x_wconf 91' lang='lat' dir='ltr'>nobis</span> <span class='ocrx_word' id='word_1_246' title='bbox 790 4760 830 4807; x_wconf 85' lang='lat' dir='ltr'>e</span> <span class='ocrx_word' id='word_1_247' title='bbox 867 4741 1088 4833; x_wconf 89' lang='lat' dir='ltr'>pacto</span> <span class='ocrx_word' id='word_1_248' title='bbox 1128 4728 1415 4833; x_wconf 87' lang='lat' dir='ltr'>aliquo,</span> <span class='ocrx_word' id='word_1_249' title='bbox 1474 4758 1628 4807; x_wconf 88' lang='lat' dir='ltr'>non</span> <span class='ocrx_word' id='word_1_250' title='bbox 1670 4732 2112 4808; x_wconf 86' lang='lat' dir='ltr'>necessitate</span> <span class='ocrx_word' id='word_1_251' title='bbox 2137 4731 2384 4834; x_wconf 87' lang='lat' dir='ltr'>juncti</span> <span class='ocrx_word' id='word_1_252' title='bbox 2422 4743 2613 4810; x_wconf 88' lang='lat' dir='ltr'>sunt.</span> 
     </span>
    </p>
   </div>
   <div class='ocr_carea' id='block_1_10' title="bbox 343 4856 3115 5085">
    <p class='ocr_par' dir='ltr' id='par_1_15' title="bbox 343 4856 3115 5085">
     <span class='ocr_line' id='line_1_35' title="bbox 557 4856 3115 4963; baseline 0.002 -31"><span class='ocrx_word' id='word_1_253' title='bbox 557 4856 828 4934; x_wconf 87' lang='lat' dir='ltr'>Pollux</span> <span class='ocrx_word' id='word_1_254' title='bbox 864 4857 1090 4955; x_wconf 88' lang='lat' dir='ltr'>igitur</span> <span class='ocrx_word' id='word_1_255' title='bbox 1128 4860 1578 4959; x_wconf 79' lang='grc' dir='ltr'><em>συγγένειαν</em></span> <span class='ocrx_word' id='word_1_256' title='bbox 1634 4882 1788 4933; x_wconf 91' lang='lat' dir='ltr'>non</span> <span class='ocrx_word' id='word_1_257' title='bbox 1837 4883 1979 4959; x_wconf 87' lang='lat' dir='ltr'>pro</span> <span class='ocrx_word' id='word_1_258' title='bbox 2037 4858 2487 4958; x_wconf 85' lang='lat' dir='ltr'>cognatione</span> <span class='ocrx_word' id='word_1_259' title='bbox 2527 4859 2656 4938; x_wconf 91' lang='lat' dir='ltr'>sed</span> <span class='ocrx_word' id='word_1_260' title='bbox 2691 4888 2831 4963; x_wconf 90' lang='lat' dir='ltr'>pro</span> <span class='ocrx_word' id='word_1_261' title='bbox 2868 4860 3115 4938; x_wconf 89' lang='lat' dir='ltr'>affini-</span> 
     </span>
     <span class='ocr_line' id='line_1_36' title="bbox 343 4980 2195 5085; baseline -0.002 -23"><span class='ocrx_word' id='word_1_262' title='bbox 343 4992 494 5062; x_wconf 88' lang='lat' dir='ltr'>tate</span> <span class='ocrx_word' id='word_1_263' title='bbox 532 4982 805 5077; x_wconf 78' lang='lat' dir='ltr'>habet‚</span> <span class='ocrx_word' id='word_1_264' title='bbox 861 4980 1062 5083; x_wconf 91' lang='lat' dir='ltr'>quod</span> <span class='ocrx_word' id='word_1_265' title='bbox 1101 4982 1260 5085; x_wconf 90' lang='lat' dir='ltr'>ejus</span> <span class='ocrx_word' id='word_1_266' title='bbox 1299 4994 1539 5060; x_wconf 88' lang='lat' dir='ltr'>aetate</span> <span class='ocrx_word' id='word_1_267' title='bbox 1583 4983 1776 5060; x_wconf 89' lang='lat' dir='ltr'>forte</span> <span class='ocrx_word' id='word_1_268' title='bbox 1814 4982 1921 5059; x_wconf 90' lang='lat' dir='ltr'>ita</span> <span class='ocrx_word' id='word_1_269' title='bbox 1956 4982 2195 5059; x_wconf 84' lang='lat' dir='ltr'>fuerit.</span> 
     </span>
    </p>
   </div>
   <div class='ocr_carea' id='block_1_11' title="bbox 345 5106 3112 5337">
    <p class='ocr_par' dir='ltr' id='par_1_16' title="bbox 345 5106 3112 5337">
     <span class='ocr_line' id='line_1_37' title="bbox 559 5106 3112 5213; baseline 0.001 -25"><span class='ocrx_word' id='word_1_270' title='bbox 559 5108 672 5188; x_wconf 85' lang='lat' dir='ltr'>Cf.</span> <span class='ocrx_word' id='word_1_271' title='bbox 710 5106 1074 5186; x_wconf 86' lang='lat' dir='ltr'>Dittrich:</span> <span class='ocrx_word' id='word_1_272' title='bbox 1119 5108 1660 5213; x_wconf 85' lang='lat' dir='ltr'>Aristophanes</span> <span class='ocrx_word' id='word_1_273' title='bbox 1700 5136 1850 5187; x_wconf 91' lang='lat' dir='ltr'>von</span> <span class='ocrx_word' id='word_1_274' title='bbox 1891 5110 2189 5211; x_wconf 83' lang='lat' dir='ltr'>Byzanz</span> <span class='ocrx_word' id='word_1_275' title='bbox 2225 5111 2521 5188; x_wconf 78' lang='lat' dir='ltr'>Biicher</span> <span class='ocrx_word' id='word_1_276' title='bbox 2557 5110 2744 5189; x_wconf 86' lang='lat' dir='ltr'>iiber</span> <span class='ocrx_word' id='word_1_277' title='bbox 2780 5110 2899 5189; x_wconf 91' lang='lat' dir='ltr'>die</span> <span class='ocrx_word' id='word_1_278' title='bbox 2930 5112 3112 5190; x_wconf 89' lang='lat' dir='ltr'>Ver-</span> 
     </span>
     <span class='ocr_line' id='line_1_38' title="bbox 345 5234 2549 5337; baseline 0 -24"><span class='ocrx_word' id='word_1_279' title='bbox 345 5234 1142 5315; x_wconf 86' lang='lat' dir='ltr'>wandschaftsnamen.</span> <span class='ocrx_word' id='word_1_280' title='bbox 1199 5238 1287 5313; x_wconf 93' lang='lat' dir='ltr'>In</span> <span class='ocrx_word' id='word_1_281' title='bbox 1325 5234 1719 5335; x_wconf 85' lang='lat' dir='ltr'>Philologo</span> <span class='ocrx_word' id='word_1_282' title='bbox 1758 5234 2235 5337; x_wconf 81' lang='lat' dir='ltr'>Gottingensi</span> <span class='ocrx_word' id='word_1_283' title='bbox 2272 5238 2335 5332; x_wconf 93' lang='lat'>1,</span> <span class='ocrx_word' id='word_1_284' title='bbox 2375 5238 2549 5313; x_wconf 83' lang='lat'><strong>225.</strong></span> 
     </span>
    </p>
   </div>
  </div>
 </body>
</html>
