3725 5850
672 416 825 494 104
896 516 902 524 .
1750 442 1876 493 ms
1919 428 2343 513 Pusmctm.

1639 834 2291 989 Κεφάλαιον
2339 833 2468 962 ς’.

1450 1037 1852 1183 Περὶ
1999 1027 2656 1183 ἑορτῶν.

1790 1373 2324 1516 CaputVI.

1614 1572 1811 1688 De
1957 1572 2506 1688 festis

1965 1826 2142 1901 425.

873 1961 1288 2043 ςΛποίντων
1343 1964 1699 2072 ἀγόντων
1759 1968 2248 2066 ἱερομηνίαν,
2297 1962 2472 2063 μήτ’
2512 1963 2674 2065 ἰδίᾳ
2715 1962 2901 2063 μήτε
2940 1965 3173 2063 κοινῇ
3199 1964 3454 2063 μηδὲν

672 2090 1052 2187 ἀλλήλους
1088 2091 1394 2170 ἀδικεῖν
1429 2101 1519 2173 ἐν
1550 2090 1805 2193 τούτῳ
1842 2090 1957 2191 τῷ
2007 2089 2320 2191 χρόνῳ,
2385 2088 2572 2185 μηδὲ
2602 2098 3110 2190 χρηματίζειν
3145 2088 3190 2167 ὅ
3227 2122 3298 2168 τι
3341 2086 3452 2169 ἂν

664 2216 774 2319 μὴ
816 2224 984 2319 περὶ
1019 2218 1151 2310 τῆς
1189 2217 1445 2318 ἑορτῆς
1478 2210 1549 2315 ᾗ.
2006 2219 2427 2311 (Demosth.
2467 2245 2528 2294 c.
2567 2219 2966 2299 Timocrat.
3004 2220 3225 2314 709.)

1969 2398 2146 2475 425.

891 2541 1254 2618 Omnibus
1308 2542 1581 2617 festum
1636 2541 2230 2637 celeb1·antibuS‚
2292 2568 2385 2616 ne
2425 2566 2514 2617 eo
2558 2552 2893 2642 tempore
2933 2542 3054 2617 vel
3089 2540 3452 2641 privatim

674 2668 797 2743 vel
836 2664 1131 2768 publice
1168 2668 1295 2743 alii
1332 2667 1497 2744 aliis
1531 2668 1845 2770 injurias
1881 2668 2161 2743 faciant
2191 2667 2317 2743 vel
2354 2667 2755 2768 quicquam
2790 2665 3262 2761 decernatur,
3298 2667 3451 2742 nisi

676 2792 771 2869 ad
808 2794 1085 2869 festum
1119 2793 1512 2896 pertineat.
1965 2900 2119 2976 426

890 3045 1025 3118 Δεῖ
1075 3037 1725 3146 πανηγυριζούσης
1780 3039 1907 3132 τῆς
1965 3033 2248 3127 πόλεως
2295 3037 2482 3138 μήτε
2523 3035 2704 3126 τούς
2742 3045 3003 3132 ξένους
3033 3037 3221 3140 μήτε
3259 3037 3448 3128 τούς

666 3171 1082 3268 μετοίκους
1137 3165 1592 3268 πορρωτάτω
1648 3165 1806 3242 τῶν
1862 3162 2364 3243 ἀπολαύσεων
2417 3161 2917 3244 καθεστάναι.
2991 3165 3448 3270 Χορηγοῦσι

674 3298 949 3369 τοίνυν
1002 3298 1142 3370 καὶ
1198 3288 1422 3368 αὐτοὶ
1478 3298 1615 3367 καί
1677 3291 2024 3367 ἑστιῶσιν
2081 3289 2496 3383 ἀλλήλους,
2557 3292 2690 3367 ἰ’να
2735 3289 2988 3390 μεδεὶς
3037 3284 3356 3392 ἄμοιρος
3391 3285 3450 3391 ᾗ

675 3417 879 3496 κατὰ
913 3415 1055 3510 τὴν
1092 3414 1320 3497 πόλιν
1355 3417 1483 3509 τῆς
1511 3423 1924 3516 μετουσίας
1962 3416 2118 3494 τῶν
2157 3416 2460 3515 ἑορτῶν.

1624 3543 1914 3639 (Schol.
1951 3545 2030 3620 in
2067 3543 2453 3622 Demosth.
2496 3543 2793 3645 Leptin.
2835 3543 3013 3640 462,
3059 3545 3221 3637 13.)

1966 3706 2146 3782 426.

887 3850 1091 3926 Dum
1128 3850 1388 3924 civitas
1428 3849 1622 3924 festa
1658 3849 1964 3950 publica
2001 3849 2368 3944 celebrat,
2427 3873 2566 3924 nec
2614 3848 2989 3950 peregrini
3027 3873 3164 3924 nec
3199 3850 3439 3951 inqui-

671 3978 809 4054 lini
865 3975 1252 4077 priventur
1311 3972 1957 4051 oblectationibus,
2033 3975 2272 4075 Igitur
2326 3974 2468 4076 ipsi
2526 4000 2819 4076 quoque
2857 3973 3124 4051 choros
3161 3973 3443 4050 ducunt

678 4114 753 4180 et
786 4101 1137 4178 convivia
1174 4099 1465 4197 agitant
1500 4099 1696 4176 inter
1730 4125 1841 4196 se,
1879 4125 1976 4177 ne
2017 4101 2182 4202 quis
2220 4125 2486 4202 expers
2525 4101 2620 4176 sit
2653 4101 2735 4176 in
2771 4100 3074 4178 civitate
3110 4125 3440 4179 commu·

674 4225 925 4303 nionis
962 4225 1341 4302 festorum.

1965 4333 2141 4407 427.

897 4469 1048 4559 Τὰς
1104 4483 1483 4576 γυναῖκας
1540 4477 1679 4548 καί
1738 4469 1920 4560 τούς
1974 4467 2263 4572 ἄνδρας
2312 4478 2549 4573 χωρίς
2609 4478 3086 4565 καθίζεσθαι
3138 4480 3225 4551 ἐν
3276 4487 3439 4562 ταῖς

680 4603 969 4698 ἑορταῖς
1007 4604 1145 4673 καὶ
1181 4595 1315 4686 τάς
1356 4602 1653 4697 ἑταίρας
1678 4603 1918 4698 χωρὶς
1955 4598 2113 4674 τῶν
2148 4603 2588 4698 ἐλευθέρων.

1879 4725 2167 4819 (Schol.
2203 4728 2280 4803 in
2318 4724 2693 4827 Aristoph.
2735 4725 3016 4804 Eccles.
3056 4726 3223 4821 22.)

1969 4888 2144 4965 427.

894 5031 1241 5109 Mulieres
1281 5043 1355 5108 et
1390 5032 1525 5108 viri
1562 5032 1964 5133 separatim
2003 5030 2312 5109 sedeant
2346 5034 2422 5108 in
2456 5032 2662 5110 festis
2683 5041 2758 5109 et
2777 5035 3196 5112 meretrices
3232 5059 3432 5114 seor-

681 5183 846 5236 sum
880 5183 927 5234 a
960 5156 1231 5234 liberis.
