3725 5850
1377 451 1480 508 nn
1513 451 1983 510 Anunwssmo.
2898 433 3053 516 297

513 740 816 824 Τούτου
855 745 966 848 μὴ
1024 749 1644 856 καταγινώσκειν
1697 751 1957 850 φόνον
1994 813 2015 847 ,
2100 747 2182 844 ὃς
2238 749 2340 835 όῖν
2391 761 2514 835 ἐπὶ
2573 754 2897 859 δάμαρτι
2956 759 3055 858 τῇ

301 869 576 947 ἑαυτοῦ
604 870 903 972 μοιχόν
937 873 1206 976 λαβών
1239 875 1531 972 ταύτην
1564 875 1709 971 τήν
1745 885 2115 980 τιμωρίαν
2152 878 2558 975 ποιήσηται.

1248 1007 1557 1108 (Lysias
1594 1007 1688 1085 de
1727 1006 1955 1086 caede
1991 1008 2521 1090 Erasthotenis.
2562 1005 2630 1112 ξ.
2672 1011 2839 1105 30.)

1569 1166 1800 1248 1170.

503 1289 642 1366 Ille
715 1316 810 1368 ne
881 1293 1418 1372 condemnetur
1487 1293 1785 1390 caedis,
1853 1294 1979 1397 qui
2035 1296 2421 1374 moechum
2478 1297 3049 1402 deprehendens

302 1441 526 1520 prope
561 1441 774 1496 suam
809 1418 1048 1520 ipsius
1084 1445 1394 1499 uxorem
1413 1475 1432 1511 ‚
1488 1419 1902 1500 istiusmodi
1938 1447 2258 1525 poenam
2293 1426 2657 1502 sumserit.

1555 1581 1782 1662 1171.

491 1696 860 1780 Ἐπειδὰν
897 1700 977 1780 δὲ
1014 1707 1144 1802 ἕλῃ
1179 1698 1322 1781 τόν
1348 1699 1648 1804 μοιχόν
1669 1759 1690 1794 ,
1739 1699 1852 1803 μὴ
1908 1707 2174 1796 ἐξέστω
2214 1701 2325 1806 τῷ
2364 1702 2614 1784 ἑλόντι
2653 1717 3051 1786 συνοικεῖν

301 1821 379 1920 τῇ
429 1838 794 1930 γυναικὶ·
861 1825 1005 1906 ἐὰν
1061 1827 1140 1905 δὲ
1214 1828 1590 1927 συνοικῇ,
1650 1821 1927 1929 ἄτιμος
2000 1831 2206 1908 ἔστω.
2300 1829 2521 1924 Μηδὲ
2580 1832 2672 1931 τῇ
2730 1839 3048 1939 γυναικὶ
3170 1882 3177 1892 -

300 1956 550 2042 ἐξέστω
607 1959 918 2032 εἰσιέναι
975 1959 1082 2044 εἰς
1133 1952 1229 2030 τὰ
1288 1952 1452 2056 ἱεροὶ
1508 1954 1603 2031 τοὶ
1667 1955 2080 2058 δημοτελῇ,
2138 1947 2341 2056 ἐφ’ᾗ
2392 1953 2497 2034 (ἲν
2522 1957 2806 2058 μοιχός
2843 1952 3048 2060 ἆλῷ·

299 2075 422 2153 ἐὰν
461 2075 534 2154 δ’
571 2085 814 2178 εἰσίῃ,
873 2087 1218 2174 νηποινεὶ
1274 2085 1627 2179 πασχέτω
1682 2077 1732 2158 ὅ
1786 2111 1858 2158 τι
1914 2077 2015 2159 ἂν
2070 2087 2371 2182 πάσχῃ,
2426 2081 2625 2178 πλὴν
2667 2083 3040 2176 θανάτου.

1665 2211 2095 2305 (Demosth.
2131 2213 2209 2290 in
2247 2211 2517 2292 Neaer.
2558 2212 2829 2308 1347.)

1562 2375 1600 2451 1
1617 2375 1792 2452 171.

499 2498 821 2593 Quando
877 2508 1130 2576 autem
1185 2499 1578 2578 moechum
1633 2497 2241 2602 deprehenderit,
2297 2526 2523 2602 porro
2558 2501 2636 2577 in
2673 2501 3045 2578 matrimo-

299 2607 432 2698 ιιὶο
449 2622 726 2704 habere
763 2625 1151 2702 mulierem
1189 2649 1358 2702 eam
1393 2651 1489 2702 ne
1543 2625 1785 2702 liceat.
1860 2623 2101 2718 Quam
2140 2625 2201 2700 ei
2252 2627 2674 2722 retinuerit,
2731 2627 3044 2726 ignomi-

300 2750 538 2827 niosus
574 2761 756 2828 esto.
831 2751 1091 2853 Neque
1150 2750 1440 2827 mulieri
1494 2749 1716 2829 liceat
1767 2748 2063 2850 ingredi
2097 2749 2191 2827 ad
2228 2776 2441 2828 sacra
2477 2751 2821 2852 publica,
2879 2775 3047 2828 cum

301 2900 722 2978 quacunque
761 2875 984 2956 fuerit
1029 2875 1386 2955 moechus
1433 2875 1968 2980 deprehensus.
2042 2873 2177 2952 Sin
2212 2875 2551 2978 ingressa
2586 2876 2853 2972 fuerit,
2907 2875 3042 2953 im-

299 3026 485 3101 pune
519 3004 848 3103 patiatur
882 3000 1241 3104 quidquid
1278 3002 1560 3107 patitur
1581 3061 1601 3099 ‚
1657 3010 1951 3105 praeter
1985 3010 2319 3079 mortem.

1556 3166 1595 3243 1
1611 3164 1787 3245 172.

505 3287 666 3384 Τήν
701 3299 1087 3394 γυναῖκα,
1147 3296 1270 3388 ἐφ’
1324 3278 1376 3389 ᾗ
1430 3284 1533 3367 ἂν
1588 3282 1762 3390 ἆλῷ
1805 3284 2137 3390 μοιχός,
2185 3284 2295 3390 μὴ
2333 3293 2799 3389 κοσμεῖσθαι
2849 3286 3038 3389 μηδὲ

301 3418 398 3502 εἰς
432 3411 520 3489 τοὶ
561 3412 930 3517 δημοτελῆ
967 3412 1130 3516 ἱεροὶ
1169 3420 1480 3494 εἰσιέναι
1502 3474 1524 3509 ,
1581 3418 1714 3494 ἵνα
1743 3412 1855 3517 μὴ
1895 3412 2033 3504 τιὶς
2091 3410 2668 3516 ἀναμαρτήτους
2703 3412 2859 3491 τῶν
2895 3444 3041 3519 γυ-

301 3539 580 3617 ναικῶν
637 3535 1216 3647 ἄναμιγνυμένη
1273 3540 1690 3642 διαφθείρῃ
1711 3564 1729 3583 ·
1783 3536 1925 3619 ἐὰν
1978 3539 2049 3617 δ’
2086 3545 2283 3639 εἰσίῃ
2336 3535 2384 3633 ἢ
2417 3537 2795 3640 κοσμῆται
2819 3595 2843 3631 ,
2897 3538 3041 3618 τόν

301 3663 708 3762 ἐντυχόντα
743 3666 1365 3773 καταρρηγνύναι
1401 3663 1498 3743 τοὶ
1535 3666 1798 3769 ἱμάτια
1848 3672 1990 3743 καὶ
2025 3662 2168 3745 τόν
2201 3664 2504 3767 κόσμον
2539 3663 3039 3767 ἀφαιρεῖσθαι

301 3795 429 3865 καὶ
463 3788 774 3869 τύπτειν
795 3850 818 3885 ,
876 3790 1332 3899 εἰργόμενον
1371 3791 1734 3873 θανάτου
1767 3798 1907 3870 καὶ
1944 3790 2091 3870 τοῦ
2128 3787 2529 3893 ἀνάπηρον
2564 3788 2892 3886 ποιῆσαι.

780 3922 983 4018 (Lex
1019 3920 1317 4001 Solonis
1355 3922 1556 4025 apud
1595 3920 1947 4001 Aeschin.
1988 3948 2053 3999 c.
2091 3919 2459 4000 Timarch.
2496 3915 2565 4023 ξ.
2609 3921 2825 4015 183.)

1469 4128 1474 4133 -
1551 4084 1705 4161 117
1709 4084 1782 4161 2.

491 4208 800 4308 Mulier,
838 4208 1038 4314 apud
1076 4234 1296 4313 quam
1332 4208 1628 4287 adulter
1665 4209 1893 4287 fuerit
1928 4208 2473 4311 deprehensuS‚
2529 4232 2625 4284 ne
2662 4220 2878 4285 ornet
2912 4236 3031 4307 se,

299 4356 428 4407 nec
456 4336 530 4411 in
567 4338 750 4415 fana
783 4336 1090 4439 publica
1121 4334 1586 4433 ingrediatur
1606 4392 1625 4431 ,
1683 4360 1780 4410 ne
1834 4360 1971 4410 suo
2024 4334 2449 4410 interventu
2501 4334 2833 4433 integras
2881 4360 3034 4410 ma-

297 4470 530 4539 tronus
565 4471 1032 4565 corrumpat:
1085 4460 1350 4565 quodsi
1387 4461 1778 4540 intraverit
1812 4472 1942 4539 aut
1977 4486 2141 4539 sese
2180 4459 2591 4555 ornaverit,
2648 4460 2887 4560 quivis
2925 4460 3032 4538 di-

296 4584 552 4665 laceret
583 4587 746 4689 ejus
783 4590 1232 4667 vestimenta
1267 4598 1344 4665 et
1379 4598 1725 4665 ornatum
1765 4586 2106 4689 diripiat,
2162 4596 2240 4665 et
2274 4613 2439 4666 eam
2477 4584 2861 4685 verberet,
2898 4586 3032 4667 sed

299 4734 442 4787 non
473 4712 762 4793 occidat
795 4740 1038 4816 neque
1076 4714 1388 4793 mutilet.
1537 4823 1578 4901 ¹
1594 4822 1745 4899 1⁷3

501 4950 922 5052 Θυγατέρας
957 4950 1240 5049 πωλεῖν
1274 4950 1412 5023 καὶ
1452 4939 1790 5041 ἀδελφάς
1811 5001 1832 5035 ,
1894 4938 1998 5021 ἂν
2052 4938 2255 5043 λάβῃ
2305 4972 2416 5031 τις
2454 4946 2846 5043 παρθένον
2880 4936 3026 5023 ἀν-

299 5064 410 5165 δρὶ
462 5079 1118 5178 συγγεγενημένην.

967 5182 1168 5276 (Lex
1207 5181 1499 5259 Solonis
1538 5182 1740 5294 apud
1779 5180 2152 5258 Plutarch.
2190 5181 2269 5256 in
2309 5178 2605 5257 Solone.
2646 5178 2812 5270 23.)
