3725 5850
683 427 840 505 Μ
1639 443 2261 500 οοΜΜειιτΑιιιυε
2298 441 2407 496 An
2448 439 2607 496 uss.

682 653 853 722 rent
905 667 1257 745 operam,
1315 668 1361 719 a
1413 667 1490 717 re
1528 638 1879 720 familiari
1916 636 2288 728 destituti,
2345 647 2494 712 tam
2555 637 2758 714 bono
2814 646 3069 712 tamen
3126 640 3455 738 corporis

679 769 940 846 habitu
996 768 1304 844 essent?
1355 766 1648 861 Quibus
1695 764 1801 842 illi
1859 761 2447 863 responderunt,
2508 785 2551 836 e
2607 761 3085 864 pistrinorum
3140 763 3461 840 dominis

678 893 1005 996 aliquem
1026 949 1045 988 ,
1103 917 1326 992 quem
1363 889 1891 979 nominabant,
1929 895 2410 964 arcesserent.
2486 885 2636 979 Qui
2673 897 3073 988 postquam
3110 889 3321 963 venit
3350 898 3457 962 te-

677 1029 1060 1118 statusque
1099 1027 1213 1094 est
1233 1075 1251 1112 ,
1308 1017 1570 1117 quavis
1605 1027 1826 1091 nocte
1863 1013 2035 1088 illos
2072 1012 2151 1086 in
2188 1011 2455 1089 molam
2514 1011 2964 1089 descendere
3006 1013 3457 1111 molet-eque,

679 1154 758 1220 et
809 1143 994 1220 duas
1045 1142 1440 1219 drachmas
1477 1153 1873 1240 utrumque
1911 1136 2333 1214 mercedem
2392 1136 2773 1240 accipere3
2838 1137 3083 1213 mirati
3132 1135 3457 1237 Areopa-

677 1270 882 1370 gitae
905 1323 924 1360 ,
983 1266 1322 1346 ducentis
1357 1266 1732 1344 drachmis
1771 1291 1901 1342 eos
1940 1264 2334 1344 donarunt.

891 1410 1420 1488 Demosthenis
1457 1421 1702 1486 aetate
1741 1407 2073 1507 viguisse
2114 1405 2357 1490 adhuc
2395 1404 2593 1482 hanc
2628 1406 2915 1504 legem,
2960 1415 3169 1504 patet
3204 1429 3299 1480 ex
3335 1405 3459 1480 hu·

666 1537 796 1638 jus
834 1534 1146 1612 oratoris
1183 1533 1434 1609 verbis
1473 1537 1777 1625 (contra
1817 1529 2267 1606 Eubulidem
2300 1557 2375 1630 p.
2418 1528 2707 1620 1308):
2750 1527 2909 1600 ἔστι
2948 1530 3110 1624 περὶ
3149 1525 3281 1616 τῆς
3316 1521 3458 1623 ἆρ-

677 1659 850 1760 γίας
891 1652 1152 1754 νόμος.

892 1799 1300 1878 Corinthiis
1339 1826 1518 1876 vero
1553 1799 1908 1876 usitatum
1950 1799 2088 1874 hoc
2127 1806 2325 1889 erat,
2386 1795 2445 1869 si
2502 1821 2725 1896 quem
2771 1798 3123 1897 opsonari
3162 1819 3461 1898 semper

680 1924 1073 2030 splendide
1113 1925 1492 2018 viderent,
1558 1924 1984 2027 explorare,
2045 1943 2195 2023 quo
2242 1922 2453 1999 vivat
2490 1932 2566 1997 et
2604 1921 2782 2022 quid
2818 1933 3036 2020 agat3
3092 1933 3169 1998 et
3204 1923 3267 1996 si
3306 1947 3463 1997 rem

677 2051 948 2144 habet,
1007 2051 1216 2128 cuius
1273 2051 1552 2128 reditus
1608 2061 1880 2153 aequat
1936 2057 2313 2150 sumptus,
2374 2047 2843 2148 permittere,
2902 2057 2986 2122 ut
3020 2047 3085 2122 is
3123 2047 3459 2122 svaviter

677 2177 968 2256 fruatur
1003 2176 1200 2273 vita;
1255 2175 1369 2254 sin
1426 2187 1675 2254 autem
1733 2203 1963 2278 supra
2017 2201 2177 2252 rem
2232 2174 2649 2276 impensam
2704 2173 2920 2266 facit,
2979 2171 3419 2250 interdicere
3442 2231 3459 2266 ,

679 2326 773 2380 ne
811 2301 919 2378 sic
955 2311 1260 2404 pergat,
1317 2310 1394 2376 et
1448 2325 1600 2378 non
1663 2301 2136 2378 obedientem
2192 2298 2554 2399 puniunt3
2612 2296 2933 2398 denique
2993 2297 3054 2373 si
3112 2296 3327 2373 nulla
3384 2325 3461 2373 re

680 2448 1120 2527 quacunque
1137 2426 1534 2522 magnifice
1559 2425 1767 2520 vivit,
1817 2425 2147 2502 carnifici
2184 2422 2491 2498 tradunt
2527 2447 2715 2498 eum.
2758 2421 3017 2524 Neque
3060 2421 3263 2497 enim
3308 2423 3461 2498 fieri

680 2559 967 2651 potest,
1005 2561 1088 2627 ut
1121 2549 1186 2625 is
1223 2551 1384 2624 sine
1418 2550 1782 2626 maleficio
1819 2551 2073 2649 aliquo
2112 2548 2315 2623 vivat
2338 2573 2369 2656 ;⁸
2413 2545 2543 2624 sed
2580 2547 2999 2623 necessario
3036 2559 3169 2623 aut
3208 2559 3455 2624 vestes

679 2674 983 2778 surripit
1015 2681 1247 2749 noctu
1265 2731 1284 2770 ,
1323 2687 1454 2752 aut
1489 2675 1814 2776 parietes
1851 2673 2179 2774 perfodit
2198 2731 2215 2766 ,
2276 2682 2409 2748 aut
2442 2670 2519 2746 id
2558 2673 2997 2748 facientium
3035 2673 3285 2750 socius
3322 2683 3454 2764 est,

675 2809 808 2877 aut
844 2799 1434 2900 sycophantatur
1469 2801 1546 2876 in
1586 2799 1772 2896 fore,
1813 2812 1943 2878 aut
1963 2799 2338 2876 mendatia
2375 2808 2789 2878 attestatur.
2832 2796 3058 2893 (Ath
3082 2823 3121 2873 e
3145 2823 3268 2874 na
3291 2823 3455 2874 eus

677 2921 812 3020 VI,
853 2924 1074 3017 227.)

892 3050 1119 3153 Apud
1155 3050 1800 3129 Lacedaemonios
1837 3054 1962 3130 lex
1990 3053 2349 3153 jubebat,
2390 3063 2471 3128 ut
2507 3076 2726 3127 nemo
2766 3051 3010 3127 minus
3048 3050 3291 3127 virilis
3328 3077 3457 3151 ap·

679 3186 980 3277 pareret
1032 3175 1286 3253 colore
1341 3187 1469 3252 aut
1525 3174 1859 3279 corporis
1917 3176 2187 3253 molem
2233 3176 2547 3253 haberet
2581 3203 2811 3277 supra
2848 3200 3070 3276 quam
3108 3174 3458 3251 exercitia

678 3301 942 3377 ferant.
1018 3300 1216 3376 Nam
1260 3298 1402 3377 hoc
1449 3299 1850 3398 segnitiam·
1903 3300 2325 3393 declarare,
2381 3298 2561 3375 illud
2601 3327 2756 3376 non
2796 3299 3175 3377 declarare
3216 3300 3451 3377 virum

677 3425 1094 3502 videbatur.
1171 3424 1656 3527 Adscriptum
1714 3450 1898 3501 vero
1954 3436 2115 3501 erat
2168 3426 2357 3525 legi,
2418 3437 2501 3501 ut
2554 3426 2773 3501 etiam
2828 3424 3121 3502 decimo
3162 3451 3451 3527 quoque

679 3550 802 3627 die
839 3548 1111 3651 ephebi
1149 3550 1453 3626 omnino
1489 3550 1817 3653 Ephoris
1856 3576 2017 3626 sese
2058 3550 2355 3652 publice
2396 3548 2835 3627 exhiberent
2872 3550 3131 3628 nudos.
3152 3550 3452 3645 ‚Quodsi

681 3680 933 3751 essent
983 3675 1179 3750 bene
1236 3684 1628 3775 compacto
1687 3698 2002 3777 corpore
2060 3687 2135 3751 et
2188 3674 2473 3752 robusti
2524 3684 2598 3750 et
2652 3675 2863 3774 quasi
2924 3674 3199 3776 sculpti
3236 3686 3453 3775 atque

679 3798 955 3875 tornati
992 3822 1130 3900 per
1167 3796 1552 3891 exercitia,
1589 3794 2131 3875 laudabantur:
2190 3800 2305 3873 sin
2343 3794 2644 3899 aliquod
2682 3798 2773 3875 iis
2810 3800 3231 3875 membrum
3264 3812 3455 3877 esset

679 3922 1074 4001 flaccidum
1110 3934 1238 4000 aut
1273 3922 1568 4001 mollius
1589 3982 1608 4017 ,
1653 3924 2197 4001 intumescente
2252 3920 2795 4023 aliquantulum
2832 3934 2906 4001 et
2942 3938 3451 4003 succrescente

680 4070 816 4149 per
868 4046 1214 4124 inertiam
1266 4046 1766 4150 pinguedine,
1842 4050 2437 4128 verberabantur
2490 4063 2567 4127 et
2619 4050 3140 4151 puniebantur.
3230 4050 3359 4144 (A
3381 4076 3449 4127 e-

683 4172 912 4249 lian.
971 4171 1185 4251 Var.
1249 4175 1596 4251 histor.
1653 4176 1860 4267 XIV,
1915 4176 2029 4271 7.)

897 4294 1186 4376 Aeneas
1246 4297 1588 4375 Gazaeus
1643 4298 1722 4374 in
1783 4297 2166 4378 Gallandii
2226 4300 2695 4379 Bibliotheca
2752 4313 3083 4377 veterum
3140 4314 3450 4403 patrum.

683 4418 897 4497 Tum.
936 4420 1029 4499 X.
1068 4446 1241 4523 pag.
1285 4424 1480 4499 644:
1522 4414 1567 4498 ὅ
1609 4422 1770 4496 τῶν
1803 4422 2457 4521 Λακεδαιμονίων
2494 4428 2919 4521 νομοθέτης
2956 4419 3047 4500 εὖ
3086 4422 3449 4524 ἐβουλεύ-

687 4566 875 4619 σατο
897 4596 920 4633 ,
979 4538 1162 4620 οὐδὲ
1199 4556 1362 4633 ταῖς
1401 4553 1763 4649 γυναιξὶν
1799 4544 2069 4652 ἀργεῖν
2108 4549 2529 4652 συγχωρῶν
2552 4606 2569 4637 ,
2631 4545 3091 4647 ἀμφοτέρων
3124 4547 3275 4653 γὰρ
3314 4543 3447 4627 ὅν-

683 4696 840 4745 των
891 4674 1542 4773 ἐρρωμενεστέρων
1565 4728 1585 4761 ,
1653 4676 2248 4773 ἐρρωμενέστερα
2303 4671 2399 4748 τὰ
2452 4670 2870 4773 τικτόμενα
2926 4681 3141 4770 φιλεῖ
3191 4680 3447 4780 γίγνει-

687 4798 896 4871 σθαι.
956 4797 1760 4890 (Lacedaemoniorum
1796 4798 2176 4901 legislator
2213 4803 2493 4877 bonum
2532 4803 2732 4903 cepit
2768 4803 3203 4899 consilium,
3260 4804 3445 4905 quod

684 4946 827 4999 nec
862 4922 1298 5001 mulieribus
1353 4925 1484 4999 otii
1531 4922 1776 4999 locum
1831 4926 2251 5025 reliquerit3
2306 4928 2367 5000 si
2426 4927 2623 5001 enim
2672 4937 2987 5027 uterque
3022 4952 3301 5029 parens
3336 4955 3440 5005 ro·

685 5046 866 5127 bore
899 5048 1136 5144 valet,
1193 5049 1420 5125 etiam
1456 5050 1911 5128 robustiores
1950 5052 2201 5152 proles
2238 5050 2487 5129 solent
2518 5053 2795 5151 gigni.)
