3725 5850
599 444 755 524 276
1693 472 1816 523 ms
1853 462 2276 518 rnamenta.

1871 658 2098 735 1094.

816 809 959 904 Qui
997 818 1373 885 monetam
1411 803 1944 885 adulteraverit
1962 862 1981 898 ,
2039 803 2304 907 eapitis
2343 801 2754 881 damnetur.

1884 964 2112 1041 1095.

809 1108 1004 1187 Ἐὰν
1042 1107 1124 1185 δέ
1158 1139 1269 1196 τις
1308 1098 1714 1199 ἁλίσκηται
1784 1102 2259 1209 κακουργῶν
2312 1106 2435 1181 ἐπὶ
2471 1101 2565 1180 τὰ
2595 1109 2836 1203 μέτρα
2875 1104 3014 1179 καὶ
3052 1100 3145 1179 τὰ
3189 1130 3378 1179 στα-

606 1234 773 1337 θμὰ
810 1233 905 1313 τα
944 1237 1266 1334 κείμενα
1308 1236 1395 1310 ἕν
1432 1262 1509 1308 τε
1547 1230 1637 1329 τῇ
1675 1227 1964 1305 Σκιάδι
2004 1235 2140 1304 καί
2181 1235 2267 1307 ἐν
2293 1224 2684 1306 Ἐλευσῖνι
2721 1233 2862 1304 καὶ
2899 1235 2988 1305 ἐν
3027 1234 3380 1327 Πειραιεῖ

602 1369 737 1439 καί
776 1370 863 1439 ἑν
898 1358 1322 1461 ἀκροπόλει
1348 1417 1367 1450 ,
1424 1354 1563 1435 ἐάν
1614 1388 1695 1432 τε
1750 1349 2022 1456 ἅρχων
2055 1353 2196 1432 ἐάν
2231 1386 2310 1432 τε
2349 1351 2646 1447 ἰδιώτης
2681 1351 2820 1432 ἐάν
2853 1384 2934 1431 τε
2971 1350 3374 1453 δημόσιος,

603 1494 881 1587 ἔνοχος
919 1490 1105 1563 ἴστω
1142 1486 1251 1587 τῷ
1291 1483 1509 1585 νόμῳ
1546 1484 1655 1584 τῷ
1692 1490 2025 1583 κειμένῳ
2065 1487 2230 1581 περὶ
2249 1482 2378 1574 τῆς
2397 1482 2556 1561 τῶν
2573 1478 3045 1585 κακούργων
3067 1482 3334 1579 ζημίας
3357 1507 3372 1523 ·

602 1617 1111 1714 ἐπιμελείσθω
1168 1608 1247 1688 δὲ
1302 1616 1441 1686 καὶ
1497 1602 1538 1702 ἦ
1600 1605 1845 1705 βουλὴ
1909 1605 1950 1699 ἡ
2010 1615 2090 1699 ἐξ
2136 1604 2451 1705 Ἀρείου
2508 1606 2806 1713 πάγου,
2865 1602 3184 1685 καὶτὸν
3219 1634 3376 1680 xa·-

604 1734 1103 1845 κουργοῦντά
1158 1768 1230 1813 τι
1288 1740 1454 1835 περί
1493 1734 1738 1812 ταῦτα
1775 1739 2160 1830 κολαζέτω
2199 1730 2402 1813 κατὰ
2443 1729 2625 1825 τούς
2664 1738 2786 1809 ε’πί
2822 1730 2982 1809 τῶν
3015 1728 3378 1833 κακούρ-

604 1894 767 1971 γων
801 1871 1205 1964 κειμένους
1244 1860 1553 1962 νόμους.

816 1992 1263 2091 (Boekh.:
1320 2018 1527 2097 corp.
1583 1989 1917 2094 inscript.
1975 2014 2086 2089 gr.
2137 1992 2296 2067 Nro
2339 1988 2514 2067 123.
2589 1988 2687 2065 Et
2723 1988 3044 2066 Staatah.
3085 1986 3156 2065 d.

2123 2114 2392 2194 Athen.
2429 2114 2649 2193 Tom.
2688 2115 2786 2193 II.
2825 2142 2896 2219 p.
2937 2114 3159 2209 368.)

1887 2260 2112 2335 1095.

819 2404 897 2482 Si
938 2405 1101 2505 quis
1158 2402 1671 2505 deprehensus
1729 2404 1958 2480 suerit
2009 2403 2427 2480 adulterare
2479 2430 2868 2482 mensuras
2906 2418 2980 2483 et
3017 2408 3374 2508 pondera,

608 2558 797 2633 quae
836 2533 913 2607 in
952 2530 1195 2624 tholo,
1256 2529 1645 2624 Eleusine,
1703 2530 1780 2605 in
1821 2530 2086 2606 Piraeo
2127 2530 2314 2605 etin
2373 2556 2544 2605 aree
2603 2530 3155 2623 custodiuntur,
3211 2533 3370 2609 sive

606 2658 923 2749 archon,
982 2655 1140 2731 sive
1180 2654 1518 2756 privatus
1556 2656 1713 2731 sive
1753 2656 2136 2757 publicuS,
2197 2655 2566 2733 obnoxius
2605 2668 2764 2733 esto
2802 2657 2996 2757 legi,
3055 2684 3246 2759 quae
3284 2658 3376 2735 de

606 2810 857 2889 poena
893 2781 1402 2857 maleficorum
1437 2778 1589 2857 lata
1626 2791 1758 2857 est.
1824 2780 2102 2857 Curam
2139 2792 2386 2857 autem
2422 2782 2664 2879 gerito
2702 2794 3004 2860 senatus
3041 2784 3371 2885 Areopa·

604 2908 915 3009 gitieuS,
980 2918 1055 2984 et
1109 2932 1236 2984 eos
1294 2907 1419 3009 qui
1475 2905 1663 2985 haee
1721 2905 2344 3001 adulteraverint,
2400 2908 2666 3013 punito
2726 2908 3135 2990 seeundum
3172 2910 3377 3012 leges

611 3034 970 3112 adversus
1008 3033 1387 3109 maleficos
1425 3033 1637 3110 lat-as.

1888 3141 2114 3218 1096.

810 3279 988 3358 Ἐπί
1047 3281 1159 3384 τῷ
1213 3279 1436 3358 δυοῖν
1490 3285 1904 3358 πινακίοιν
1955 3277 2101 3358 τὸν
2155 3288 2288 3358 ἕνα
2351 3283 2880 3383 κληροῦσθαι,
2945 3283 3286 3374 θάνατος
3337 3279 3374 3379 ἢ

612 3412 859 3508 ζημία.
894 3483 899 3488 ,
1852 3412 2282 3505 (Demosth.
2326 3413 2495 3491 adv·
2543 3415 2800 3492 Boeot.
2845 3415 2904 3506 I,
2943 3415 3164 3508 998.)

1879 3574 2104 3650 1096.

824 3715 904 3793 Si
942 3742 1133 3792 unus
1170 3715 1459 3792 duabus
1496 3715 1797 3794 sortitus
1834 3718 2062 3795 fuerit
2097 3719 2434 3814 tabellis,
2491 3729 2731 3796 morte
2769 3720 3141 3824 puniatur.

1880 3881 2105 3958 1097.

826 4022 926 4092 Εἰ
968 4022 1116 4118 μὲν
1171 4012 1469 4110 τάληθῆ
1518 4018 1882 4118 μηνύσειέ
1941 4052 2096 4114 τις,
2175 4020 2375 4100 εἶναι
2432 4019 2572 4114 τὴν
2629 4021 2940 4116 ἄδειαν,
3020 4028 3095 4099 εἰ
3147 4022 3225 4101 δὲ
3285 4021 3374 4102 τὰ

617 4140 903 4242 ψευδῆ,
962 4139 1358 4220 τεθνάναι.
2073 4149 2482 4246 (Andocid.
2524 4152 2614 4229 de
2655 4153 2954 4254 Myster.
2996 4153 3164 4248 20.)

1894 4310 2118 4388 1097.

830 4448 908 4524 Si
946 4474 1127 4526 vera
1161 4451 1327 4549 quis
1372 4451 1851 4546 indicaverit,
1911 4465 2078 4534 rata
2109 4455 2254 4558 ipsi
2295 4469 2453 4533 esto
2491 4459 2934 4562 impunitae,
2993 4462 3108 4539 sin
3145 4464 3372 4560 falsa,

616 4585 856 4652 morte
894 4575 1288 4676 plectatur.

1891 4687 2121 4766 1098.

832 4819 1054 4898 1ιάτά
1095 4823 1251 4907 τῶν
1287 4830 1810 4924 συκοφαντῶν
1863 4829 2166 4935 γραφάς
2215 4835 2364 4930 μὲν
2399 4831 2596 4910 εἶναι
2639 4829 2822 4933 πρὸς
2859 4831 3044 4926 τούς
3085 4844 3372 4937 θεσμο-

624 4955 891 5039 θέτας,
948 4955 1423 5056 εἰσαγγελίας
1480 4954 1549 5028 δ’
1587 4960 1693 5042 εἰς
1746 4954 1888 5048 τὴν
1939 4953 2262 5057 βουλήν,
2323 4957 2707 5059 προβολὰς
2747 4961 2814 5036 δ’
2854 4969 2941 5038 ἑν
2976 4961 3083 5062 τῷ
3123 4961 3367 5062 δήμῳ·

620 5078 693 5151 οὶ
731 5072 879 5179 γὰρ
917 5075 1159 5174 ταύτῃ
1198 5075 1289 5174 τῇ
1345 5084 1572 5176 τέχνῃ
1617 5080 2008 5183 χρώμενοι
2065 5077 2360 5174 ἁπάσας
2415 5077 2983 5186 ὑπερβάλλουσι
3045 5083 3178 5176 τὰς
3231 5119 3370 5166 πο·-

622 5204 899 5300 νηρίας-
1885 5213 2232 5309 (Isocrat.
2275 5215 2367 5292 de
2405 5227 2792 5315 permutat.
2834 5211 2901 5318 ξ.
2941 5215 3162 5310 314.)
