3725 5850
670 433 833 512 308
1764 455 1889 506 ms
1923 452 2345 508 PUBmctm.

1940 645 2168 726 1204.

888 794 1324 872 Sententiae
1381 803 1632 870 autem
1687 792 2011 892 scriptae
2068 793 2254 868 fiant
2313 793 2458 870 duo
2516 792 3013 895 exemplaria,
3083 791 3449 890 deturque

675 919 979 1000 cuilibet
1013 918 1336 1022 partium
1375 916 1827 1017 litigantium
1863 943 2115 993 unum.

1957 1076 2186 1153 1205.

880 1216 1061 1295 Ἐπὶ
1119 1217 1262 1297 τὸν
1311 1219 1536 1308 δίκας
1592 1215 1909 1294 διδόντα
1968 1214 2061 1292 οὐ
2123 1215 2494 1318 πρότερον
2552 1215 2887 1318 νόμιμον
2944 1211 3043 1305 ὦς
3099 1224 3213 1294 ἐπ’
3275 1213 3457 1290 ἀδι-

681 1347 983 1424 κοῦντα
1022 1351 1239 1492 ι’ίναι.
1963 1456 2167 1530 1205
2473 1345 2930 1448 (Thucydid.
2972 1349 3030 1443 Ι,
3071 1348 3236 1440 85.)

897 1583 1026 1681 Εἰ,
1085 1585 1209 1685 qui
1264 1608 1344 1660 se
1387 1582 1669 1684 judicio
1727 1583 1988 1677 offert,
2050 1581 2333 1658 bellum
2389 1592 2471 1657 ut
2526 1581 2873 1683 injuriam
2911 1579 3210 1659 facienti
3249 1579 3465 1682 prius

685 1709 962 1788 inferre
1001 1737 1157 1787 non
1198 1710 1392 1787 licet.

1966 1815 2193 1892 1206.

897 1958 1126 2036 Σῦλα
1180 1961 1477 2035 πλοίων
1532 1959 1921 2056 πολεμίων
1993 1953 2236 2047 εἶναι,
2313 1961 2452 2031 καὶ
2510 1960 2867 2060 γίνεσθαι
2924 1952 3020 2032 τοὶ
3079 1952 3471 2053 τιμήματα

690 2083 848 2164 τῶν
883 2085 1201 2164 κλοπῶν
1239 2079 1585 2183 δημόσια.

1149 2209 1570 2314 (Anonymi
1607 2236 1892 2310 argum.
1932 2210 2004 2286 in
2046 2210 2431 2288 Demosth.
2473 2237 2533 2288 c.
2573 2211 2976 2288 Timocrat.
3019 2211 3236 2302 695.)

1964 2370 2191 2447 1206.

903 2499 1250 2577 Hostium
1288 2524 1523 2576 naves
1553 2498 1877 2599 praedae
1898 2497 2048 2574 sint
2069 2508 2144 2572 et
2162 2498 2483 2599 pretium
2505 2510 2886 2601 raptorum
2912 2497 3293 2599 publicum
3313 2498 3475 2573 fiat.

1976 2657 2205 2733 1207.

909 2803 1003 2876 Οἱ
1041 2797 1562 2900 περιπεσόντες
1601 2794 2045 2901 ἀνθρώποις
2082 2795 2440 2898 ἐμπόροις
2480 2795 3001 2899 ἀφαιροῦνται
3061 2792 3327 2872 αὐτῶν
3380 2791 3481 2869 τοὶ

681 2922 1080 3027 χρήματα·
1146 2920 1309 3003 κᾶν
1366 2929 1442 3002 οὶ
1499 2929 1817 3027 ἐζιιποροι
1882 2924 2241 3015 ἐλθόντες
2297 2921 2440 3001 τὸν
2490 2924 2736 3025 δῆμον
2788 2924 3223 3013 ἱκετεύωσι,
3286 2913 3331 2998 ὅ
3398 2919 3481 2995 δὲ

696 3050 928 3151 δῆμος
964 3050 1129 3157 γνῷ
1168 3057 1488 3151 πολέμια
1509 3050 1708 3128 εἶναι
1736 3048 1827 3126 τά
1839 3049 2230 3149 χρήματα,
2262 3048 2371 3150 μὴ
2397 3048 2889 3142 ἀποδοθῆναι
2910 3060 3067 3138 τοῖς
3088 3046 3480 3149 ἐμπόροις.

1241 3179 1583 3274 (Libanii
1623 3206 1909 3279 argum.
1947 3180 2025 3255 in
2061 3179 2446 3257 Demosth.
2488 3206 2549 3256 c.
2590 3179 2991 3258 Timocrat.
3032 3179 3253 3271 694.)

1865 3313 1876 3322 ’
1970 3340 2200 3415 1207.

911 3468 1058 3563 Qui
1096 3466 1525 3565 navigando
1561 3464 1639 3542 in
1677 3464 2017 3542 homines
2054 3474 2508 3542 mercatores
2546 3466 2905 3563 incidunt,
2946 3465 3353 3567 pecuniam
3392 3464 3491 3538 iis

699 3603 1015 3700 possunt
1049 3594 1377 3695 eripere3
1434 3601 1508 3668 et
1545 3592 1607 3667 si
1645 3603 2095 3669 mercatores
2150 3592 2225 3667 in
2284 3592 2550 3667 urbem
2605 3592 2920 3692 profecti
2976 3591 3255 3694 populo
3296 3616 3488 3690 sup-

701 3718 1187 3824 plicaverint,
1261 3717 1589 3820 populus
1647 3725 1899 3792 autem
1952 3716 2405 3811 decreverit,
2469 3742 2633 3792 eam
2684 3718 3079 3818 pecuniam
3134 3714 3495 3791 hostilem

704 3870 909 3944 esse3
961 3871 1118 3921 non
1153 3842 1474 3947 amplius
1510 3850 1808 3944 oportet
1845 3840 2059 3918 reddi
2096 3840 2654 3919 mercatoribus.

1989 4002 2217 4080 1208.

908 4140 1105 4221 Ἐάν
1140 4176 1249 4233 τις
1284 4148 1521 4247 βιαίῳ
1574 4142 1895 4244 θανάτῳ
1936 4140 2349 4242 ἀποθάνῃ,
2406 4138 2597 4242 ὑπὲρ
2635 4142 2920 4221 τούτου
2968 4156 3126 4232 τοῖς
3187 4142 3499 4242 προσή-

711 4297 990 4347 κουσιν
1027 4268 1225 4347 εἶναι
1261 4268 1396 4359 τὰς
1435 4269 1963 4372 ἀνδροληψίας
1986 4329 2005 4361 ,
2064 4278 2195 4360 ἕως
2233 4266 2337 4347 ἂν
2376 4266 2424 4361 ἢ
2463 4267 2689 4359 δίκας
2726 4270 2869 4346 τοῦ
2921 4268 3177 4365 φόνου
3232 4262 3501 4345 ὑπόσ-

699 4424 993 4495 χωσιν,
1051 4391 1100 4488 ἢ
1134 4393 1316 4485 τούς
1353 4394 1963 4485 ἀποκτείνοντας
2000 4394 2319 4473 ἐκδῶσι·
2377 4394 2520 4487 τὴν
2578 4394 2654 4474 δὲ
2707 4393 3249 4497 ἀνδροληψίαν
3286 4394 3503 4471 εἶναι

703 4528 928 4625 μέχρι
966 4521 1242 4623 τριῶν,
1300 4526 1533 4599 πλέον
1572 4520 1648 4597 δὲ
1681 4520 1812 4620 μή.
2086 4527 2507 4619 (Demosth.
2548 4552 2609 4603 0.
2652 4522 2997 4605 Aristocr.
3048 4525 3268 4618 648.)

2001 4689 2225 4763 1208.

931 4832 1011 4911 Si
1047 4835 1212 4935 quis
1251 4830 1577 4909 violenta
1613 4842 1850 4908 morte
1892 4832 2367 4929 occubuerit;
2424 4834 2505 4909 in
2552 4834 2713 4933 ejus
2750 4831 3113 4909 ultionem
3146 4833 3511 4931 cognatis

717 4986 1038 5061 corpora
1070 4960 1465 5061 pignerare
1503 4958 1748 5052 liceat,
1789 4955 2025 5033 donec
2062 4970 2192 5034 aut
2226 4959 2477 5035 caedis
2503 4960 2631 5059 jus
2669 4958 3155 5059 praebuerint
3190 4967 3318 5033 aut
3358 4958 3507 5034 ho-

718 5084 1028 5161 micidas
1067 5083 1526 5160 tradiderint.
1567 5084 1968 5184 Capiendis
2006 5096 2261 5161 autem
2296 5110 2694 5186 corporum
2732 5084 3177 5185 pignoribus
3212 5084 3311 5161 ad
3350 5097 3511 5163 ter—

718 5213 906 5296 tium
941 5234 1171 5321 usque
1209 5209 1564 5322 progredi
1585 5266 1604 5305 ,
1653 5210 1848 5291 ultra
1878 5211 2119 5299 nefas.
