3725 5850
639 421 795 518 344
1719 453 1842 513 ms
1880 457 2318 514 vaA'ruM.

636 665 1036 759 propterea
1089 678 1242 730 non
1298 653 1394 729 sit
1444 651 1682 730 libera
1737 676 1879 728 nec
1936 651 2097 727 sine
2141 651 2425 755 judicio
2483 656 2667 732 haec
2744 679 3029 756 poena,
3110 653 3243 732 sed
3309 653 3403 732 ad

634 781 966 858 tribunal
1002 789 1362 856 vocentur
1399 798 1615 880 pater
1655 788 1728 854 et
1767 777 2003 870 filius,
2064 788 2141 852 et
2176 779 2686 856 aestimatores
2744 780 3217 876 consideant,
3275 806 3399 857 ne-

635 934 780 1009 que
819 906 915 984 ad
949 906 1176 999 iram,
1217 928 1462 1004 neque
1504 902 1598 978 ad
1638 901 2089 978 calumniam
2126 901 2302 1000 quid
2330 903 2621 1002 justum
2656 905 2752 980 sit
2790 905 3298 982 examinaturi.

830 1204 1090 1301 ’Ἀπαξ
1129 1205 1198 1282 δ’
1239 1209 1472 1299 ἔξεστι
1512 1201 1602 1281 τὸ
1642 1199 2203 1302 ἀποκηρύττειν
2227 1229 2241 1244 ·
2298 1200 2386 1280 τὸ
2428 1202 2497 1278 δ’
2537 1199 2939 1290 ἄπαυστον
2992 1207 3227 1284 τοῦτο
3268 1212 3401 1284 καὶ

636 1331 898 1410 ἀΐδιον
969 1341 1106 1410 καὶ
1183 1330 1381 1408 πολύ
1460 1337 1597 1406 καί
1675 1329 1984 1429 ῥᾴδιον,
2035 1335 2309 1428 μεῖζον
2387 1325 2524 1423 ἢδη
2599 1333 2724 1425 τῆς
2781 1333 3146 1436 πατρικῆς
3200 1339 3405 1410 ἐστιν

636 1461 1004 1554 ἐξουσίας.
1924 1567 2121 1643 ¹33⁰
2250 1459 2597 1552 (Lucian.
2638 1461 2980 1541 Abdicat.
3025 1463 3189 1556 10.)

713 1761 726 1774 ·
848 1714 1091 1792 Semel
1150 1725 1439 1792 tantum
1497 1713 1716 1788 liceat
1772 1711 2165 1788 abdicare:
2224 1713 2409 1789 illud
2466 1727 2711 1791 autem
2748 1715 3259 1792 indesinenter
3294 1714 3403 1792 fa-

633 1865 796 1916 cere
859 1854 933 1917 et
989 1852 1357 1944 perpetuo
1416 1848 1490 1915 et
1547 1865 1772 1938 saepe
1829 1849 1903 1912 et
1959 1849 2276 1934 temere,
2332 1839 2571 1941 majus
2618 1841 2779 1943 jam
2835 1853 2948 1916 est
2988 1839 3231 1942 patria
3270 1866 3403 1941 po-

632 1975 922 2044 testate.

1915 2072 1951 2145 1
1964 2067 2139 2148 331.

845 2215 953 2289 Εἴ
981 2244 1089 2301 τις
1130 2215 1555 2311 θεραπείαν
1595 2205 1643 2302 ἢ
1679 2216 2112 2310 ἐπιμέλειαν
2171 2213 2353 2288 υἱοῦ
2411 2213 2800 2314 παρῆκεν,
2858 2215 2933 2289 εἰ
2984 2208 3407 2302 ἀπόκοιτος

634 2345 974 2444 ἐγένετο,
1043 2343 1118 2413 εἰ
1172 2336 1450 2423 πότους
1531 2333 1906 2435 ἀκαίρους
1968 2331 2013 2430 ἢ
2069 2335 2376 2437 κώμους
2432 2345 2910 2443 ἐγκαλεῖται,
2992 2341 3065 2415 εἰ
3115 2333 3407 2425 ἄσωτός

636 2471 884 2553 ἐστιν,
961 2469 1035 2538 εἰ
1086 2457 1639 2562 πορνοβοσκὸν
1709 2457 2071 2560 ὕβρισεν·
2147 2469 2266 2538 ἐπὶ
2324 2461 2626 2550 τούτοις
2675 2463 3007 2562 μάλιστα
3064 2457 3107 2538 ὃ
3170 2463 3409 2565 νόμος

635 2586 1203 2689 ἀποκηρύττειν
1252 2592 1573 2684 ἐφίησιν.
1903 2697 2098 2775 133¹
2254 2590 2604 2684 (Lucian.
2643 2591 2980 2670 Abdicat.
3022 2595 3189 2688 21.)

845 2845 926 2924 Si
964 2844 1126 2947 quis
1165 2843 1447 2947 cultum
1484 2841 1606 2917 vel
1644 2865 1898 2917 curam
1938 2841 2071 2919 filii
2108 2843 2723 2944 praetermiserit,
2761 2844 2824 2921 si
2863 2844 3404 2941 abnoctaverit,

629 2972 693 3050 si
729 2972 1368 3074 compotationum
1424 2968 2119 3069 intempestivarum
2179 2973 2298 3046 vel
2356 2973 3051 3048 commessationum
3106 2998 3405 3047 accuse-

629 3112 787 3193 tur,
843 3100 906 3173 si
942 3096 1310 3173 luxuriam
1372 3106 1586 3195 agat,
1646 3095 1708 3169 si
1765 3093 2114 3173 lenonem
2170 3098 2621 3197 pulsaverit3
2656 3108 2988 3199 'propter
3025 3098 3209 3174 haec
3246 3122 3405 3172 ma-

631 3224 828 3299 xime
863 3222 1212 3299 abdicare
1254 3221 1375 3297 lex
1414 3222 1798 3323 permittit.

1912 3326 2191 3425 1332.'

833 3478 936 3560 ‘0
973 3480 1514 3585 ἇποκήρυκτος
1544 3484 1653 3585 μή
1688 3490 2066 3585 μετεχέτω
2104 3485 2262 3562 τῶν
2299 3484 2690 3589 πατρῴων.

1891 3616 2385 3715 (Hermogen.
2428 3616 2611 3693 Stat.
2652 3642 2811 3719 cap.
2859 3616 2977 3693 10.
3016 3615 3182 3709 36.)

1910 3777 2137 3855 1332.

847 3915 1250 3998 Abdicatus
1289 3944 1382 3995 ne
1422 3919 1518 3997 sit
1554 3922 1933 4023 particeps
1973 3921 2346 3999 bonorum
2382 3933 2887 4024 paternorum.

1902 4086 2127 4162 1333.

859 4220 1060 4311 Τοῦς
1099 4220 1692 4327 ἀποκηρύκτους
1720 4223 1830 4326 μὴ
1874 4224 2419 4328 στρατεύεσθαι
2459 4230 2798 4328 πολέμου
2827 4224 3407 4325 κατειληφότος.

1029 4350 1361 4456 (Syrian.
1405 4365 1480 4431 et
1517 4354 1811 4458 Sopatr.
1853 4354 2081 4431 schol.
2123 4355 2202 4432 in
2242 4356 2691 4457 Hermogen.
2732 4356 2916 4434 Stat.
2958 4358 3179 4450 270.)

1907 4516 2125 4593 1333.

851 4637 1187 4719 Abdicati
1223 4664 1319 4717 ne
1357 4639 1678 4717 militent
1714 4654 2152 4743 erumpente
2191 4644 2414 4721 bello.

1912 4806 2135 4883 1334.

851 4936 1070 5031 Μήτε
1111 4945 1532 5046 θυγατέρας
1579 4949 1902 5034 πωλεῖν,
1951 4945 2126 5045 μήτ’
2185 4942 2563 5041 ἀδελφὰς,
2622 4941 2821 5037 πλὴν
2872 4938 2975 5024 ὖῖν
3022 4943 3131 5047 μὴ
3192 4944 3400 5052 λάβῃ

638 5072 1026 5171 παρθένον
1063 5062 1288 5167 ἀνδρὶ
1330 5076 1997 5175 συγγεγενημένην.
3140 5184 3149 5197 .

1706 5200 2117 5292 (Plutarch.
2160 5200 2409 5279 Solon.
2452 5203 2573 5280 23.
2615 5202 2775 5281 Lex
2812 5202 3177 5294 Solonis.)
