3725 5850
983 481 1599 534 COMMENTAmus
1637 480 1746 530 An
1786 479 1913 533 275.
1952 480 2079 533 2⁷7.
2121 477 2247 534 2⁷9.
2288 479 2411 534 281.
2894 458 3051 534 459

294 680 584 756 tributis
621 677 1010 755 collectam
1047 675 1490 768 servabant,
1552 697 1742 774 quae
1801 673 1979 752 clim
2018 697 2061 750 a
2100 673 2411 752 Graecis
2448 673 2618 750 Deli
2656 673 2733 750 in
2770 671 3055 750 aerario

284 805 799 906 reponebatur.

502 929 692 1008 Vide
731 929 954 1005 etiam
992 928 1273 1004 Lexica
1309 925 1768 1026 Segueriana
1803 951 1978 1027 pag.
2005 927 2180 1022 188,
2223 927 2422 1023 2483
2460 937 2535 1002 et
2570 922 3054 1028 Hesychium.

497 1054 681 1133 Post
715 1051 1144 1131 anarchiam
1179 1051 1480 1130 fuerunt
1515 1050 1794 1128 aboliti.
1838 1043 1846 1048 ’

1458 1261 1609 1345 Ad
1651 1263 1883 1350 2⁷5.

498 1433 932 1512 Institutum
967 1431 1110 1509 hoc
1145 1428 1507 1508 abolitum
1544 1440 1657 1509 est
1690 1434 1886 1508 inter
1906 1431 2328 1536 Olympiad.
2373 1431 2549 1528 110,
2576 1433 2624 1508 2
2664 1441 2738 1511 et
2780 1430 2954 1526 112,
2984 1431 3051 1504 5.

1463 1641 1616 1724 Ad
1656 1644 1887 1726 2⁷⁷.

501 1811 994 1914 Harpocratio
1043 1811 1120 1888 in
1158 1811 1579 1912 Λογισταὶ.·
1638 1810 2074 1886 Διεὶλεκται
2126 1813 2294 1908 περὶ
2350 1805 2647 1886 τούτων
2692 1803 3053 1909 Ἀριστο-

289 1939 490 2026 τέλης
528 1941 616 2012 ἐν
654 1933 744 2032 τῇ
792 1929 1248 2024 Ἀθηναίων
1283 1935 1630 2034 πολιτείᾳ
1653 1989 1674 2023 ,
1735 1934 1939 2009 ἔνθα
1999 1930 2397 2010 δείκνυται
2454 1929 2569 2010 ὅτι
2610 1933 3055 2036 διαφέρουσι

289 2059 443 2138 τῶν
478 2055 870 2138 εὐθυνῶν.

498 2188 851 2289 Logistae
906 2186 1134 2285 igitur
1191 2213 1344 2262 non
1403 2196 1574 2262 sunt
1627 2185 2135 2265 confundendi
2175 2215 2347 2266 cum
2384 2190 2752 2290 euthynis.
2827 2186 3053 2293 Apud

287 2316 588 2416 logistas
624 2315 722 2390 ab
761 2311 1104 2390 omnibus
1143 2312 1702 2412 magistratibus
1761 2315 2089 2391 rationes
2143 2312 2649 2393 reddebantur
2703 2326 3053 2418 acceptae

291 2452 358 2518 et
393 2466 768 2545 expensae
807 2440 1212 2542 pecuniae3
1270 2438 1578 2542 euthyni
1635 2451 1883 2518 autem
1920 2442 2009 2524 .in
2047 2441 2370 2544 reliquas
2407 2441 2735 2518 muneris
2772 2439 3053 2543 publici

289 2579 540 2670 partes
576 2567 1138 2668 inquisiverunt.

502 2710 616 2791 Cf.
656 2721 909 2788 tamen
947 2708 1450 2786 Boeckhium:
1510 2707 1795 2787 Oecon.
1835 2709 2038 2812 publ.
2080 2709 2167 2786 Τ.
2209 2712 2265 2790 Ι.
2307 2737 2377 2812 p.
2416 2711 2569 2786 265
2610 2735 2815 2814 seqq.

1458 2920 1611 3004 Ad
1652 2924 1883 3006 2⁷0.

499 3093 695 3168 Hinc
751 3118 906 3167 non
961 3091 1291 3192 sequitur
1346 3087 1617 3165 falsum
1656 3114 1857 3187 esse,
1927 3091 2123 3191 apud
2158 3090 2467 3191 legistas
2504 3090 2804 3167 nonnisi
2842 3116 3049 3167 acce-

290 3230 456 3321 ptae
497 3228 571 3294 et
609 3242 980 3318 expensae
1017 3240 1058 3291 e
1097 3216 1396 3317 publico
1445 3215 1804 3316 pecuniae
1848 3217 2171 3292 rationes
2210 3215 2535 3295 redditas
2574 3216 2841 3313 fuisse3
2877 3242 3054 3292 nam

292 3355 361 3420 et
395 3343 536 3419 hoc
571 3342 876 3443 probari
935 3339 1256 3416 debebat
1307 3366 1557 3416 coram
1611 3339 1942 3439 logistis,
2004 3341 2200 3441 quod
2256 3342 2731 3441 magistratus
2788 3340 3053 3443 aliquis

292 3494 426 3545 nec
474 3465 876 3567 sumpserit
928 3489 1068 3539 nec
1124 3464 1606 3566 insumpserit
1663 3466 2065 3565 quicquam
2103 3493 2143 3541 e
2182 3467 2508 3567 publico.
2584 3468 2825 3565 Igitur
2860 3467 3049 3569 logi-

292 3602 563 3670 starum
610 3614 876 3669 munus
916 3614 1211 3690 semper
1259 3590 1454 3666 circa
1491 3587 1567 3664 id
1607 3590 2086 3686 versabatur,
2146 3617 2326 3667 num
2382 3590 2645 3693 aliquis
2684 3590 3054 3694 acceperit

294 3720 678 3820 pecuniam
715 3742 756 3791 e
795 3713 1133 3818 publice,
1192 3726 1268 3791 et
1304 3716 1365 3791 si
1406 3715 1548 3807 sic,
1609 3742 1791 3792 num
1825 3714 2031 3793 illam
2066 3727 2265 3793 recte
2306 3718 2741 3818 expenderit
2763 3720 2799 3794 ?

499 3842 616 3921 Cf.
652 3840 900 3919 Photii
938 3840 1250 3917 lexicon.
1290 3870 1365 3944 p.
1406 3840 1583 3936 672,
1626 3840 1728 3915 20
1785 3852 1860 3918 et
1909 3840 2233 3946 Etymol.
2273 3842 2524 3941 Magn.
2591 3872 2665 3947 p.
2707 3843 2883 3939 569,
2928 3843 3050 3919 31.

1456 4051 1612 4134 Ad
1671 4054 1881 4136 281.

498 4218 745 4297 Schol.
783 4218 861 4294 in
901 4215 1382 4321 Aristophan.
1424 4217 1654 4319 Vesp.
1697 4217 1844 4292 691
1878 4246 1895 4294 :
1956 4213 2411 4315 Κληρωτούς
2463 4224 2825 4321 γενέσθαι
2865 4217 3052 4297 δέκα

290 4340 770 4448 συνηγόρους.
827 4342 1086 4439 (Sorte
1124 4345 1299 4421 lecti
1337 4356 1554 4421 sunto
1593 4342 1853 4422 decem
1889 4346 2305 4448 synegori.)

493 4486 742 4566 Photii
803 4488 983 4565 Lex.
1043 4488 1259 4564 Rhet.
1315 4515 1387 4590 p.
1430 4488 1604 4585 672,
1647 4490 1792 4566 20:
1850 4492 2007 4562 Καὶ
2066 4480 2289 4563 ἄλλοι
2348 4484 2533 4564 δέκα
2592 4486 3049 4593 συνήγοροι,

288 4614 556 4699 οἵτινες
613 4615 1273 4711 συνανακρίνουσι
1327 4608 1650 4701 τούτοις.
1750 4616 1892 4710 (Et
1948 4616 2071 4693 alii
2128 4617 2384 4694 decem
2439 4620 2789 4718 synegori
2832 4677 2849 4713 ‚
2926 4621 3051 4720 qui

289 4768 451 4818 cum
488 4741 604 4816 his
645 4762 790 4816 una
815 4740 1222 4842 judicant.)
1263 4740 1405 4819 Vel
1431 4742 1654 4843 juxta
1691 4744 2198 4847 conjecturam
2234 4742 2533 4819 Meieri:
2572 4745 2710 4815 καὶ
2749 4739 3051 4828 τούτοις

286 4867 611 4964 (scilicet
642 4865 974 4967 logistis)
1025 4860 1425 4963 ἐβοήθουν
1481 4856 1705 4940 ἄλλοι
1763 4896 1840 4941 τε
1887 4870 2025 4940 καὶ
2065 4861 2155 4953 δή
2197 4870 2335 4938 καὶ
2375 4868 2449 4941 οἱ
2488 4862 2676 4941 δέκα
2714 4863 3047 4970 συνήγο-

287 5020 440 5087 ροι,
501 4990 777 5075 οἵτινες
833 4994 1489 5091 συνανακρίνουσι
1544 4988 1850 5078 τούτοις
1908 4987 2091 5077 τούς
2145 4983 2665 5079 ὑπευθύνους.
2747 4994 2883 5088 (Et
2931 4994 3045 5071 his

290 5116 835 5196 auxiliabantur
871 5115 1138 5221 aliique
1177 5146 1264 5197 ac
1299 5122 1497 5199 inter
1534 5133 1817 5199 ceteros
1855 5122 2114 5199 decem
2152 5124 2527 5225 synegori,
2569 5123 2691 5223 qui
2729 5148 2893 5199 cum
2932 5123 3045 5203 his

290 5266 432 5320 una
455 5232 793 5347 judicant
829 5248 1064 5339 reos.)
