3725 5850
1170 490 1649 543 PRAzsmwu·
1678 488 2178 539 suoxcronmu.
2871 458 3022 531 155

276 679 367 757 οὗ
408 689 581 783 περὶ
616 680 909 759 τούτων
936 685 1239 781 μόνον,
1301 676 1499 755 ἀλλὰ
1556 680 1693 757 καὶ
1750 662 2024 755 ὁπόσοι
2081 669 2186 753 ἂν
2233 672 2340 769 μή
2403 675 2740 774 παρῶσιν
2795 682 2880 753 ἐν
2933 672 3024 771 τῇ

278 808 465 907 πεζῇ
510 809 827 909 στρατιᾷ.
1650 805 1958 912 (Lysias
1993 830 2056 883 ο.
2093 800 2456 884 Alcibiadi.
2495 806 2560 882 Ι.
2591 800 2660 905 ᾗ.
2703 806 2818 897 5.)

1562 975 1739 1050 628.

499 1084 570 1160 Si
608 1086 771 1184 quis
806 1084 1143 1161 ordinem
1199 1085 1607 1162 deseruerit
1656 1080 2134 1159 retrocedens
2173 1089 2478 1180 propter
2515 1076 3025 1167 timiditatem,

278 1211 546 1285 ceteris
600 1210 1147 1311 pugnantibus,
1206 1210 1299 1285 de
1352 1235 1445 1283 eo
1498 1208 1809 1305 strategi
1862 1215 2364 1303 cognoscant3
2417 1214 2494 1279 et
2555 1228 2708 1281 non
2763 1200 2855 1275 de
2913 1200 3028 1275 his

282 1332 547 1429 solum,
580 1334 709 1414 sed
738 1333 833 1411 de
855 1334 1197 1411 omnibus
1232 1335 1673 1435 quicumque
1709 1332 1904 1409 inter
1937 1330 2228 1435 pedites
2265 1355 2418 1407 non
2457 1325 3028 1431 comparuerint.

1567 1494 1745 1570 629.

488 1613 903 1720 Ἀργύριον
948 1612 1057 1714 μὴ
1116 1622 1393 1707 ἐξεῖναι
1450 1613 1825 1693 ἐκδοῦναι
1871 1611 2328 1705 Ἀθηναίων
2385 1620 2523 1691 καὶ
2577 1614 2736 1691 τῶν
2764 1616 3032 1712 μετοί-

285 1773 457 1819 κων
487 1742 639 1818 τῶν
680 1739 1069 1837 Ἀθήνῃσι
1118 1739 1703 1838 μετοικούντων
1746 1738 2066 1841 μηδενὶ,
2115 1738 2302 1837 μηδὲ
2361 1728 2475 1820 οἷν
2513 1730 2730 1815 οὗτοι
2771 1737 3034 1837 κύριοί

284 1873 479 1944 εἰσιν
494 1927 515 1959 ,
571 1872 673 1955 εἰς
712 1866 921 1943 ναῦν
956 1860 1111 1956 ἥτις
1148 1861 1252 1941 ὖῖν
1276 1864 1387 1963 μή
1420 1871 1659 1963 μέλλῃ
1708 1856 1924 1956 ἄξειν
1977 1876 2196 1940 σῖτον
2241 1862 2652 1957 Ἀθήναζε.
2719 1861 2916 1942 Ἐὰν
2954 1862 3037 1939 δέ

286 2024 397 2079 τις
434 1991 626 2092 ἐκδῷ
684 1988 887 2089 παρὰ
943 1988 1204 2082 ταῦτ’,
1261 1989 1456 2066 εἶναι
1510 1986 1655 2083 τήν
1709 1994 1954 2086 φάσιν
2009 1995 2144 2065 καὶ
2201 1986 2348 2081 τὴν
2383 1978 2853 2094 ἀπογραφὴν
2889 1988 3031 2064 τοῦ

288 2114 651 2221 ἀργυρίου
688 2114 873 2216 πρὸς
911 2114 1095 2205 τούς
1150 2114 1632 2216 ἐπιμελητὰς,
1693 2114 1915 2193 καθά
1978 2116 2106 2208 τῆς
2163 2114 2346 2204 νεώς
2401 2122 2538 2191 καὶ
2593 2115 2735 2192 τοῦ
2795 2120 3035 2194 σίτου.

1624 2246 2045 2340 (Demosth.
2084 2246 2250 2323 adv·
2291 2245 2562 2324 Lacrit.
2605 2244 2823 2337 941.)

1568 2410 1613 2481 6
1674 2410 1743 2484 9.

496 2514 913 2613 Argentum
964 2541 1057 2590 ne
1116 2518 1334 2592 liceat
1388 2409 1725 2591 mutulizm
1773 2516 1952 2591 dare
1992 2515 2122 2591 ulli
2161 2514 2727 2594 Atheniensium
2765 2525 2893 2591 aut
2927 2515 3036 2589 in-

296 2646 725 2744 quilinorum
766 2642 1081 2720 Athenis
1141 2643 1573 2744 degentium
1626 2654 1753 2719 aut
1806 2645 1938 2719 ulli
1997 2670 2248 2719 eorum
2305 2669 2612 2743 quorum
2647 2640 2722 2714 hi
2765 2638 3040 2713 domini

298 2780 497 2864 sunt,
552 2772 629 2843 in
667 2797 979 2877 navem,
1044 2795 1234 2868 quae
1274 2768 1605 2844 Athenas
1655 2779 1964 2843 vectura
2018 2793 2168 2842 non
2223 2768 2318 2843 sit
2365 2767 2828 2842 frumentum.
2906 2764 3040 2839 Sin

298 2896 450 2994 quis
482 2907 818 2971 mutuum
856 2894 1141 2970 dederit
1178 2905 1440 2971 contra
1474 2893 1696 2989 haec,
1739 2904 1898 2970 esto
1939 2893 2396 2968 denuntiatio
2438 2900 2512 2966 et
2553 2890 3040 2991 praescriptio

300 3023 565 3122 argenti
604 3021 803 3122 apud
844 3031 1260 3113 curatores,
1319 3019 1942 3120 quemadmodum
1983 3031 2056 3095 et
2093 3019 2306 3095 navis
2346 3028 2420 3092 et
2456 3016 2827 3092 frumenti.

501 3290 591 3362 Oi
633 3291 977 3393 λογισταί
1015 3284 1152 3374 τὰς
1192 3284 1539 3375 εὐθύνας
1578 3279 1876 3372 ἁπάσας
1913 3283 2316 3390 εἰςάγουσι.

1538 3398 1893 3491 (Bekker
1925 3397 2210 3473 Anecd.
2249 3423 2358 3496 gr.
2402 3399 2456 3474 Ι.
2499 3421 2570 3498 p.
2613 3395 2834 3486 210.)

1576 3557 1750 3633 630.

500 3667 848 3766 Logistae
889 3691 1147 3742 omncs
1183 3665 1729 3742 reddendarum
1766 3667 2136 3743 rationum
2175 3668 2504 3742 actiones
2542 3665 3043 3742 introducunt.

502 3933 595 4008 Οἱ
633 3938 1069 4035 ἐπιγραφεῖς
1106 3930 1199 4006 τὰ
1254 3929 1715 4030 ὀφειλόμενα
1764 3941 1888 4028 ἐφ’
1947 3930 2180 4022 ἑκάςθ
2239 3930 2490 4032 ἑκάςῳ
2546 3927 3046 4034 ἑπιγράφεσι,

300 4062 422 4131 καὶ
474 4053 601 4146 ‘stig
656 4053 762 4130 ἐκ
832 4061 1319 4158 εἰσφέροντας
1393 4055 1785 4162 εἰσάγθσιν
1846 4062 1954 4143 εἰς
2010 4055 2098 4131 τὸ
2157 4055 2603 4154 δικαςήριον
2637 4084 2650 4100 ·
2729 4050 3049 4157 ἐπιγρά-

302 4211 468 4276 (pecu
508 4182 585 4260 δὲ
623 4188 762 4258 καὶ
801 4180 889 4256 τοὶ
930 4181 1309 4284 τιμήματα
1349 4182 1653 4275 ἑκάςοις
1690 4181 1894 4258 κατὰ
1933 4179 2074 4274 τὴν
2111 4179 2365 4273 ἀξίαν.

1578 4419 1721 4493 631
2011 4312 2323 4404 (Pollux
2361 4312 2572 4406 VIII,
2618 4311 2841 4406 103.)
2909 4372 2914 4383 .

500 4525 789 4604 Notat-ii
848 4526 1309 4624 singulorum
1368 4539 1634 4602 not-ant
1689 4525 1946 4604 debita
2003 4538 2078 4601 et
2134 4550 2287 4604 non
2338 4527 2716 4604 solventes
2755 4528 2830 4602 in
2857 4527 3055 4628 judi-

300 4653 478 4728 cium
532 4662 825 4728 vocant.
920 4651 1251 4751 Singulis
1310 4651 1603 4753 quo'que
1660 4654 2014 4742 mulctae,
2073 4664 2293 4752 prout
2346 4653 2654 4752 dignum
2717 4665 2866 4748 est,
2925 4653 3066 4728 adss'

298 4779 645 4855 scribunt.

500 4991 595 5066 Οἱ
634 4986 1081 5078 ἀποστολεῖς
1120 4995 1258 5064 καὶ
1296 4992 1370 5064 οἱ
1409 4988 1567 5065 τῶν
1625 4995 1964 5089 νεωρίων
2019 4995 2449 5089 ἐπιμεληταὶ
2491 4989 2880 5093 εἰσάγουσι
2919 4987 3056 5076 τοὶς

302 5113 773 5205 διαδικασίας
810 5119 916 5204 εἰς
954 5113 1043 5190 τὸ
1085 5114 1582 5217 δικαστήριον
1628 5113 1765 5202 τοὶς
1802 5121 1967 5214 περὶ
2003 5117 2164 5192 τῶν
2199 5116 2518 5191 σκευῶν.

1672 5227 2096 5324 (Demosth.
2136 5228 2213 5303 in
2253 5229 2524 5326 Everg.
2571 5225 2842 5322 1147.)
