3725 5850
599 388 758 464 424
1348 407 1966 462 coMMsNTAnws
2006 407 2113 462 An
2150 406 2240 460 46.
2280 405 2371 462 49.
2412 407 2502 462 50.
2542 407 2632 460 55.

815 603 1346 703 Phigalenses,
1420 628 1644 702 quum
1705 599 2057 678 heroibus
2114 627 2333 679 sacra
2390 603 2767 680 faciebant
2788 655 2807 694 ‚
2884 599 3381 704 epulabantur

603 756 859 808 omnes
902 756 1072 810 cum
1111 729 1366 807 servis.
1427 726 2044 824 (Athenaeus
2100 727 2233 825 IV,
2280 729 2496 824 148.)

1809 938 1962 1023 Ad
2013 940 2182 1023 40.

813 1105 1082 1186 Pollux
1120 1108 1290 1204 VH,
1336 1108 1476 1186 13:
1534 1106 1755 1203 Quod
1794 1133 1996 1184 nunc
2034 1107 2330 1185 dicunt:
2388 1133 2647 1186 servos
2702 1107 3210 1185 venditionem
3249 1131 3379 1210 pe-

599 1245 756 1316 tere
796 1229 1116 1330 (πρᾶσιν
1152 1235 1462 1329 αἰτεῖν),
1515 1233 1596 1312 in
1631 1231 2157 1337 Aristophanis
2190 1234 2421 1313 Horis
2454 1234 2799 1312 invenire
2834 1233 3049 1312 licet:

813 1359 998 1438 Mihi
1034 1360 1402 1464 optimum
1435 1361 1732 1443 videtur
1767 1361 1846 1437 in
1886 1358 2163 1438 Thesei
2198 1361 2561 1461 templum
2597 1359 3011 1459 confugere
3032 1417 3051 1456 ,

813 1487 1107 1587 Ibique,
1145 1513 1384 1590 usque
1420 1486 1600 1563 dum
1636 1486 2148 1564 venditionem
2184 1486 2605 1564 invenimus
2642 1511 2969 1567 manere.

816 1613 1210 1691 Lucian.
1248 1614 1674 1691 Deorum
1709 1612 2141 1713 Dialogi.
2182 1613 2308 1690 24.
2366 1613 2779 1691 Mercurius
2815 1614 2899 1689 2:
2938 1614 3119 1691 Jam
3157 1611 3386 1716 plane

603 1742 988 1817 confectus
1043 1739 1374 1816 animum
1432 1739 1841 1842 despondi:
1898 1750 2124 1842 atque
2184 1739 2407 1836 ade0,
2468 1740 2532 1818 si
2585 1739 2766 1816 mihi
2806 1741 3123 1818 facultas
3160 1739 3383 1832 foret,

600 1864 1062 1966 perlibenter
1098 1863 1437 1966 equidem
1477 1862 2013 1966 postulaverim
2049 1865 2313 1960 vendi,
2380 1892 2427 1941 u
2450 1876 2480 1940 t
2535 1867 2629 1941 in
2685 1877 2717 1942 t
2737 1890 2777 1940 e
2798 1891 2835 1942 r
2856 1866 2934 1940 ri
2956 1894 2991 1943 s
3048 1891 3083 1941 s
3105 1893 3148 1941 o
3171 1865 3196 1939 l
3216 1887 3256 1940 e
3278 1890 3329 1938 n
3351 1873 3387 1938 t

604 1993 767 2093 qui
826 1991 1175 2068 malam
1231 1991 1828 2071 servitutem
1884 1992 2364 2068 serviunt.

815 2117 1101 2216 Legem
1157 2116 1353 2194 hanc
1410 2117 1714 2194 retinuit
1773 2129 1848 2194 et
1892 2119 2018 2220 jus
2076 2142 2800 2218 graeco-romanum.
2883 2115 2973 2192 V.
3030 2113 3283 2192 Zach
3305 2141 3384 2190 a·

601 2243 810 2321 riae
866 2267 913 2318 a
966 2243 1213 2342 Ling
1237 2241 1469 2319 enth
1492 2244 1623 2319 al:
1683 2244 1911 2320 Liber
1960 2244 2328 2345 juridicus
2387 2242 2906 2344 alphabeticus
2962 2243 3121 2318 sive
3160 2268 3385 2344 syno-

602 2369 756 2472 psis
794 2367 1040 2444 minor
1075 2368 1418 2471 (Lipsiae
1460 2368 1730 2461 1856.)
1785 2399 1860 2470 p.
1902 2369 2005 2444 68
2054 2365 2123 2470 ξ.
2164 2369 2287 2446 31.
2344 2359 2650 2457 ’Ἔξεστι
2688 2375 2847 2452 τοῖς
2886 2361 3193 2450 δούλοις
3228 2366 3387 2464 βα·-

603 2495 1052 2591 ρυνομένοις
1109 2487 1441 2592 ἀμέτρως
1496 2483 1654 2567 ὑπὸ
1707 2490 1867 2568 τῶν
1916 2489 2311 2568 δεσποτῶν
2350 2495 2843 2592 προστρέχειν
2876 2501 3039 2578 ταῖς
3074 2493 3389 2590 βασιλι-

603 2627 780 2704 καῖς
801 2613 1124 2709 στήλαις,
1157 2621 1296 2692 καὶ
1319 2624 1570 2710 ζητεῖν
1607 2621 2025 2694 πωλεῖσθαι
2067 2615 2251 2716 πρὸς
2290 2611 2573 2706 ἄλλους
2612 2615 2814 2718 παρὰ
2834 2613 3393 2694 τῶντοιούτων

605 2740 1015 2822 δεσποτῶν.
1071 2745 1378 2839 (Liceat
1414 2747 1651 2823 servis
1674 2804 1692 2841 ‚
1750 2773 1941 2847 quos
1977 2747 2137 2823 heri
2177 2747 2373 2824 ultra
2407 2748 2714 2825 modum
2752 2755 3145 2851 premunt,
3204 2773 3385 2822 con-

603 2873 868 2971 fugere
907 2869 1002 2947 ad
1041 2873 1286 2974 regias
1323 2872 1706 2951 columnas
1764 2884 1839 2949 et
1896 2883 2152 2975 petere
2211 2883 2293 2951 ut
2344 2873 2441 2953 ab
2498 2874 2925 2976 hujusmodi
2980 2870 3180 2950 heris
3220 2871 3390 2951 aliis

603 2998 1100 3093 vendantur.)

1820 3100 1978 3185 Ad
2028 3102 2194 3185 40.

819 3266 1070 3344 Schol.
1127 3270 1204 3343 in
1255 3266 1723 3370 Aristophan.
1764 3268 2157 3368 Lysistrat.
2206 3268 2397 3342 184:
2462 3266 2553 3341 Οἱ
2613 3262 2970 3364 δημόσιοι
3022 3256 3389 3365 ὑπηρέται

605 3387 763 3467 ἀπὸ
801 3390 930 3482 τῆς
971 3384 1296 3488 ἀρχαίας
1323 3389 1664 3490 χρήσεως
1701 3388 2033 3465 Σκύθαι
2092 3396 2231 3465 καὶ
2288 3390 2598 3481 τοξόται
2652 3390 3110 3472 καλοῦνται.
3188 3394 3381 3488 (Pu-

607 3520 784 3597 blici
821 3520 1017 3597 servi
1057 3520 1151 3595 ab
1191 3519 1494 3619 antiquo
1531 3546 1670 3595 usu
1708 3517 2033 3622 Scythae
2074 3529 2148 3594 et
2185 3518 2549 3617 sagittarii
2589 3523 3015 3614 vocantur.)

1812 3728 1966 3812 Ad
2020 3730 2183 3812 50.

824 3897 1094 3975 Suidas
1133 3924 1187 3974 s.
1227 3926 1298 3974 v.
1339 3894 1690 3986 τοξόταις
1747 3897 2030 3999 publici
2076 3899 2435 3991 ministri,
2492 3899 2838 3975 custodes
2874 3900 3121 3993 urbis,
3182 3897 3391 3973 mille

607 4048 958 4119 numero,
999 4026 1126 4124 qui
1166 4024 1343 4099 olim
1380 4026 1456 4098 in
1493 4021 2003 4100 tabernaculis
2040 4022 2117 4097 in
2159 4024 2406 4099 medio
2442 4024 2608 4101 foro
2646 4026 2860 4101 factis
2899 4024 3391 4119 habitabant3

609 4161 876 4252 postca
927 4175 1108 4226 vero
1165 4151 1244 4223 in
1283 4146 1766 4250 Areopagum
1817 4148 2294 4224 transierunt.
2372 4150 2467 4225 Hi
2527 4158 2773 4225 autem
2811 4150 3275 4226 vocabantur
3312 4160 3397 4223 et

611 4275 940 4378 Scythae
980 4268 1073 4351 'et
1127 4274 1502 4377 Speusinii
1525 4332 1544 4369 ,
1623 4297 1668 4349 a
1727 4273 2096 4374 Speusino
2155 4275 2483 4374 quodam
2539 4278 2849 4375 antiquo
2906 4277 3349 4373 magistratu
3370 4332 3393 4371 ,

613 4401 741 4501 qui
775 4398 1112 4477 ordinem
1149 4400 1446 4476 illorum
1481 4398 1819 4475 instituit.

826 4525 1160 4601 Primum
1231 4525 1532 4603 nonnisi
1607 4527 1921 4601 trecenti
1994 4526 2287 4602 fuerant
2343 4524 2669 4630 Scythae
2740 4529 3142 4625 sagittarii,
3202 4554 3395 4628 quos

613 4650 1186 4729 Atheniensium
1257 4653 1684 4753 respublica
1757 4664 2061 4729 emerat.
2155 4650 2664 4745 (Antoeid.
2720 4654 2831 4730 de
2889 4680 3127 4755 pace
3182 4680 3393 4730 cum

617 4777 962 4865 Laced.
1021 4773 1086 4878 ξ.
1128 4781 1196 4853 5.
1241 4787 1317 4854 et
1372 4775 1826 4856 Aeschin.
1888 4776 1996 4854 de
2051 4778 2301 4853 male
2357 4784 2644 4878 gesta
2695 4778 2998 4878 legat.
3058 4776 3125 4880 ξ.
3170 4780 3392 4873 173.)

1815 4985 1968 5071 Aa
2022 4988 2184 5070 55.

835 5152 1070 5264 Apud
1092 5154 1723 5237 Lacedaemonios
1758 5180 2151 5237 censuram
2186 5181 2469 5236 morum
2510 5157 2839 5236 habebat
2872 5169 3175 5239 senatus
3212 5162 3395 5263 (ys-
