3725 5850
1019 430 1638 489 commnu‘rAmus
1681 430 1782 483 An
1825 428 1983 486 fles.
2028 426 2185 487 κω.
2228 426 2385 485 11⁷0.
2928 404 3083 482 5¹75

1469 618 1622 703 Ad
1665 620 1931 703 1108.

525 788 1023 867 Demosth.
1083 814 1144 864 c.
1203 786 1614 862 Midiam.
1675 784 2173 861 528——529·
2244 785 2455 879 Quae
2513 786 2674 885 quis
2730 787 2803 861 vi
2861 786 3078 879 facit,

305 940 741 992 communes
797 942 958 993 esse
1016 912 1319 1015 injurias
1375 910 1598 987 etiam
1654 910 1780 1003 iis,
1839 909 1935 986 ad
1994 936 2181 1011 quos
2236 908 2415 987 illud
2475 912 2853 1033 negotium
2893 912 3076 987 nihil

303 1038 686 1134 attineret,
742 1038 1121 1138 legislator
1158 1034 1466 1113 censuit.
1541 1032 1801 1111 Robur
1840 1036 2039 1111 enim
2075 1036 2409 1137 corporis
2448 1060 2605 1111 esse
2646 1061 3075 1138 paucorum,

301 1160 512 1263 leges
548 1164 1107 1257 universorum,
1148 1174 1224 1239 et
1258 1188 1466 1255 eum,
1509 1160 1629 1237 cui
1668 1160 1831 1261 quis
1872 1188 2005 1261 per
2041 1160 2378 1237 fraudem
2418 1162 2907 1263 perevaserit,
2946 1186 3081 1238 sua

299 1286 572 1387 ipsius,
633 1316 805 1365 eum
861 1315 1079 1381 vero,
1137 1286 1253 1363 cui
1309 1288 1425 1361 vis
1478 1284 1678 1361 facta
1733 1286 1868 1377 sit,
1927 1285 2228 1386 publica
2265 1312 2407 1385 ope
2445 1284 2806 1387 indigere.
2880 1286 3076 1380 Qua-

301 1422 612 1512 propter
647 1414 870 1491 etiam
907 1412 1140 1514 ipsius
1163 1410 1649 1487 contumeliae
1688 1410 2203 1486 accusationes
2241 1410 2582 1512 publicas
2622 1406 2920 1487 cuilibet
2956 1410 3075 1486 de-

299 1534 447 1627 dit,
507 1547 580 1613 et
631 1538 1221 1615 aestimationem
1270 1561 1535 1613 causae
1574 1546 1806 1612 totam
1842 1533 2217 1638 publicam
2256 1535 2467 1626 fecit3
2522 1532 2718 1635 quod
2758 1534 3073 1637 putabat

301 1660 399 1735 ab
438 1686 565 1755 e0,
627 1662 752 1761 qui
792 1662 1318 1739 contumeliose
1359 1672 1652 1760 ageret,
1711 1686 1867 1735 non
1906 1686 2071 1736 eum
2111 1670 2397 1736 tantum
2423 1718 2441 1752 ,
2480 1660 2598 1736 cui
2638 1659 2839 1737 facta
2878 1668 3072 1737 esset

298 1782 606 1884 injuria,
665 1784 794 1863 sed
845 1786 1066 1863 etiam
1126 1784 1666 1886 rempublicam
1713 1782 1944 1876 laedi,
2003 1793 2076 1859 et
2110 1784 2389 1861 violato
2427 1780 3072 1860 animadversione

297 1910 689 2006 satisfieri,
729 1934 882 1987 non
919 1922 1167 1986 autem
1207 1908 1468 1985 decere
1511 1907 1903 2011 pecuniam
1941 1934 2076 2007 pro
2116 1906 2388 1985 talibus
2426 1907 2521 1986 ad
2560 1919 2796 1985 semet
2830 1910 3070 2009 ipsum

299 2032 704 2112 vindicare.
2151 2120 2161 2130 ,

515 2176 759 2254 Schol.
813 2178 893 2255 in
946 2176 1326 2255 Demosth.
1385 2176 1562 2253 Mid.
1621 2178 1801 2269 528,
1842 2176 1985 2251 26:
2050 2174 2146 2247 Εἰ
2186 2177 2336 2271 μὲν
2390 2168 2626 2263 αὐτὸς
2683 2168 2727 2252 ὃ
2794 2172 3123 2259 παθῶν,

297 2298 741 2405 ἕκατηγὸρει
780 2300 909 2389 τῆς
946 2292 1271 2400 ὕβρεως,
1331 2294 1565 2387 αὐτὸς
1603 2295 1990 2396 ἐλάμβανε
2027 2303 2165 2371 καὶ
2202 2293 2291 2372 τὸ
2332 2302 2617 2397 τίμημα
2654 2298 2744 2375 τὸ
2785 2308 2879 2378 ἐκ
2915 2298 3072 2377 τῶν

300 2422 601 2523 νόμων·
658 2428 734 2499 εἰ
767 2422 842 2499 δὲ
883 2430 1128 2523 ἕτερος
1172 2418 1266 2515 ἢν
1305 2415 1347 2499 ὅ
1390 2420 1912 2527 κατηγορήσας
1936 2479 1955 2511 ,
2016 2420 2387 2519 δημόσιον
2422 2426 2773 2527 ἐγίγνετο
2811 2422 2901 2501 τὸ
2940 2424 3071 2516 τῆς

173 2586 184 2599 ·
298 2548 745 2641 καταδίκης.
806 2552 924 2648 (Si
962 2554 1124 2655 ipse
1163 2553 1290 2655 qui
1329 2552 1670 2653 injuriam
1710 2540 1989 2656 passus
2014 2560 2159 2645 est,
2201 2554 2605 2647 accusavit,
2646 2552 2807 2656 ipse
2849 2555 3071 2631 etiam

297 2678 586 2780 accepit
657 2678 1007 2754 mulctam
1081 2679 1246 2777 lege
1323 2678 1907 2779 praescriptam3
1983 2675 2041 2750 si
2102 2685 2352 2753 autem
2409 2677 2596 2754 alter
2656 2680 3069 2771 accusavit,

295 2804 575 2883 mulcta
608 2804 894 2881 aerario
934 2804 1220 2893 cessit.)

1463 2918 1615 3004 Aet
1651 2920 1918 3004 1100.

509 3093 936 3170 Secundum
991 3091 1440 3169 Pausaniam
1493 3089 1669 3186 (IX,
1711 3091 1836 3180 36,
1874 3089 1963 3180 8)
2022 3089 2307 3192 primus
2362 3091 2691 3168 omnium
2748 3091 3068 3192 Hyettus

295 3219 385 3294 de
425 3217 787 3294 adulterio
824 3243 1149 3319 poenam
1187 3216 1486 3309 sumsit3
1542 3225 1762 3316 atque
1803 3213 2029 3290 multo
2069 3228 2235 3313 post
2272 3214 2556 3311 Draco,
2597 3242 2827 3316 quum
2862 3215 3067 3316 leges

295 3341 611 3420 Athenis
667 3344 742 3417 in
801 3343 1242 3442 magistratu
1299 3340 1566 3432 ferret,
1644 3338 1734 3416 de
1794 3338 2177 3416 adulteriis
2234 3339 2463 3416 libere
2520 3367 2801 3444 poenas
2878 3343 3067 3415 sumi

293 3497 518 3570 posse
573 3467 1097 3570 promulgavit.

1448 3585 1601 3670 Ad
1648 3588 1915 3670 1170.

511 3753 776 3832 Suidas
829 3783 886 3830 s.
927 3781 996 3830 v.
1041 3742 1472 3846 ‘Paqoavlgs
1529 3752 1654 3828 Sic
1709 3753 1786 3826 in
1841 3751 2201 3827 adulterio
2256 3753 2763 3854 deprehensos
2800 3753 3057 3854 punie-

293 3882 514 3955 bant:
573 3880 951 3982 raphanos
989 3881 1065 3954 in
1105 3878 1402 3980 podices
1441 3877 1947 3954 adulterorum
1985 3879 2524 3968 immittebant,
2580 3879 2813 3976 iisque
2854 3877 3059 3978 depi-

291 4008 462 4082 latis
500 4004 780 4081 calidos
817 4005 1104 4080 cineres
1141 4005 1700 4104 inspergebant.

509 4147 774 4223 Suidas
815 4147 890 4220 in
939 4137 1050 4218 ’.Ω
1106 4139 1648 4218 Λακιάδαι.
1699 4139 1876 4216 Ἐπὶ
1914 4142 2069 4218 τῶν
2098 4143 2409 4239 μοιχῶν
2447 4148 2737 4246 λέγεται
2763 4165 2777 4185 ·
2818 4141 3055 4237 δῆμος

294 4268 442 4374 γὰρ
497 4270 626 4359 ’τῆς
673 4265 1038 4360 Ἀττικῆς
1113 4272 1184 4342 οἱ
1244 4266 1632 4342 Λακιάδαι
1661 4323 1680 4354 ,
1753 4274 1838 4341 ἐν
1914 4257 1977 4366 ᾧ
2053 4267 2463 4364 ῥαφανίδες
2540 4273 2859 4356 πολλαὶ,
2938 4265 3059 4353 αἷς

292 4395 636 4491 ἐχρῶντο
695 4389 896 4470 xmo?
958 4393 1114 4468 τῶν
1172 4397 1626 4487 ληφθέντων
1671 4391 1983 4489 μοιχῶν
2039 4395 2588 4492 ἐνυβρίζοντες.
2669 4397 2797 4489 (In
2852 4423 3056 4472 moe-

292 4523 470 4598 chos
510 4522 799 4596 dicitur.
877 4521 1066 4596 Nam
1103 4520 1468 4598 Laciadas
1527 4545 1767 4621 pagus
1825 4533 1938 4594 est
1994 4520 2322 4614 Atticae,
2380 4522 2457 4595 in
2498 4547 2646 4620 quo
2687 4521 2897 4596 multi
2936 4547 3052 4596 ra·

185 4740 192 4748 ι
291 4647 522 4748 phani
561 4647 1101 4736 nascebantur,
1157 4645 1426 4742 quibus
1485 4645 1989 4720 adulterorum
2044 4645 2669 4745 deprehensorum
2726 4647 2805 4719 in
2838 4647 3051 4742 igno·

289 4774 591 4848 miniam
629 4771 1086 4861 utebantur.)

504 4897 616 4974 Cf.
657 4895 902 4971 Schol.
939 4897 1020 4969 in
1057 4894 1529 4996 Aristophan.
1571 4895 1848 4971 Nubes,
1882 4897 2122 4990 1083,
2163 4910 2235 4972 et
2272 4898 2575 4972 Plutum
2616 4897 2788 4972 168.
2848 4896 3053 4999 Aph-

289 5024 522 5098 thonii
600 5037 1250 5124 progymnasmata
1311 5045 1469 5120 cap.
1535 5021 1654 5094 14.
1745 5021 2117 5121 Doxopat.
2194 5023 2444 5100 homil.
2518 5027 2591 5098 in
2672 5023 3051 5127 Aphthon.

293 5175 453 5264 cap.
497 5149 618 5242 14,
665 5145 838 5220 558.
2976 5183 2983 5190 .
