3725 5850
646 422 801 513 322
1164 500 1171 509 .
1745 452 1869 502 ms
1903 450 2324 507 Punmcvu.

850 764 1283 869 Ὂμνύουσι
1326 765 1403 845 δὲ
1442 770 1581 844 καὶ
1619 759 1789 840 ὅσοι
1826 758 2014 851 τούς
2073 762 2348 853 παῖδας
2385 760 2432 857 ἢ
2466 766 2622 843 τῶν
2679 769 2942 843 ἵππων
2995 767 3154 844 τῶν
3209 764 3442 872 ἀγω-

647 900 1069 993 νιζομένων
1106 891 1285 980 τούς
1334 888 1628 979 πώλους
1680 893 2134 989 κρίνουσιν,
2189 897 2309 968 ἐπὶ
2368 891 2653 995 δικαίῳ
2708 899 2850 971 καὶ
2911 886 3100 971 ἄνευ
3158 890 3443 993 δώρων

647 1026 1037 1100 ποιεῖσθαι
1070 1022 1375 1119 κρίσιν,
1429 1022 1568 1095 καὶ
1604 1012 1697 1092 τὰ
1736 1022 1808 1104 ἐς
1844 1012 1984 1091 τόν
2021 1013 2636 1117 δοκιμαζόμενόν
2673 1048 2752 1095 τε
2799 1022 2942 1095 καὶ
2987 1015 3096 1117 μὴ
3155 1015 3433 1115 φυλά-

646 1157 811 1247 ξειν
844 1150 983 1227 καὶ
1019 1144 1263 1224 ταῦτα
1299 1151 1385 1221 ἐν
1422 1140 1843 1243 ἀπορρήτῳ.
1920 1254 2130 1329 1264
2337 1146 2690 1239 (Pausan.
2735 1146 2828 1242 V,
2875 1148 3002 1242 24,
3043 1148 3207 1240 10.)

858 1382 913 1457 J
916 1392 1137 1458 urant
1190 1389 1581 1487 praeterea
1634 1380 1761 1481 qui
1814 1380 1937 1457 vel
1997 1380 2090 1457 de
2144 1379 2322 1456 viris
2376 1380 2497 1457 vel
2548 1381 2640 1458 de
2679 1382 2910 1484 pullis
2947 1406 3314 1482 equorum
3352 1382 3438 1456 in

647 1516 1025 1585 certamen
1062 1506 1593 1613 prodeuntium
1626 1505 2187 1606 pronunciaturi
2225 1516 2398 1581 sunt
2418 1563 2436 1600 ,
2485 1506 2952 1607 judicaturos
2977 1507 3181 1606 juste
3205 1566 3223 1603 ,
3281 1531 3437 1582 nee

646 1631 745 1707 ob
784 1656 939 1711 rem
965 1629 1453 1733 judicandam
1486 1631 1884 1733 pecuniam
1917 1656 1997 1707 se
2035 1630 2262 1709 ullam
2313 1642 2704 1735 capturos:
2769 1657 2919 1732 qua
2955 1656 3132 1709 vero
3172 1658 3252 1709 re
3293 1632 3432 1706 ad-

646 1755 847 1837 ducti
882 1756 1219 1865 quemvis
1256 1768 1389 1837 aut
1420 1756 1813 1859 probarint
1850 1767 1981 1836 aut
2015 1736 2548 1859 i'mprobarint,
2606 1783 2686 1835 se
2749 1781 2901 1833 non
2941 1782 3100 1833 esse
3139 1757 3219 1833 in
3255 1756 3428 1833 vul-

646 1906 791 1980 gus
826 1884 1265 1989 prolaturos.

1927 1988 1963 2061 1
1977 1988 2024 2062 2
2033 1988 2077 2061 6
2086 1993 2153 2066 5.

860 2110 1297 2211 Χρημάτων
1330 2109 1990 2204 καταδικάζεσθαι
2043 2116 2167 2186 ἐπὶ
2222 2111 2351 2202 τῆς
2398 2107 2878 2209 Ὀλυμπικῆς
2936 2110 3225 2209 βουλῆς
3261 2110 3428 2188 τῶν

636 2227 1241 2317 Ἑλλανοδικῶν.
1927 2350 2132 2423 1265
2399 2242 2761 2334 (Pausan.
2801 2240 2934 2335 VI,
2975 2240 3050 2334 3,
3091 2241 3204 2333 7.)

868 2474 1393 2553 Hellanodioae
1448 2476 1651 2576 apud
1707 2485 2044 2551 senatum
2102 2474 2574 2577 Olympicum
2643 2484 2994 2577 acceptae
3053 2474 3422 2574 pecuniae

650 2610 1108 2683 aeousantor.

1920 2709 1955 2781 1
1969 2710 2011 2781 2
2021 2710 2144 2785 66.

865 2830 972 2905 Εἴ
1017 2860 1127 2917 τις
1171 2826 1517 2929 χρήμασι
1573 2827 2012 2930 διαφθείρει
2065 2828 2246 2917 τούς
2302 2828 2676 2916 ἐλθόντας
2732 2828 2890 2905 τῶν
2945 2828 3262 2905 πυκτῶν
3325 2836 3420 2938 ’ἐν

652 2952 1337 3055 τοῖς’ολυμπιόις,
1383 2954 1723 3056 χρήμασι
1762 2954 2203 3055 ζημιούσθω
2243 2948 2398 3035 ὑπὸ
2427 2952 2807 3046 'Hileiam
2863 2963 3006 3031 καὶ
3064 2959 3138 3030 οἱ
3195 2953 3417 3048 δεξά-

642 3107 871 3184 μενοι
912 3079 1135 3182 δῶρα.
1929 3194 2132 3270 1266
2389 3086 2748 3178 (Pausan.
2791 3085 2883 3181 V,
2925 3086 3050 3180 21,
3092 3086 3206 3180 3.)

866 3317 945 3394 Si
1001 3320 1165 3419 quis
1218 3321 1541 3420 pecunia
1595 3320 2006 3419 corruperit
2059 3319 2458 3420 quemdam
2511 3318 2849 3418 pugilum
2899 3318 2995 3396 ad
3035 3330 3408 3396 certamen
3473 3343 3478 3350 ·

654 3445 1125 3546 Olympicum
1162 3447 1660 3541 venientium,
1720 3445 2038 3544 pecunia
2091 3447 2490 3522 mulctator
2545 3444 2641 3520 ab
2683 3443 2924 3540 Eleis,
2981 3444 3173 3521 siout
3209 3456 3281 3520 et
3314 3446 3403 3540 ii,

654 3571 779 3676 qui
816 3569 1015 3647 dona
1048 3572 1491 3671 acceperint.

1923 3677 2146 3753 1267.

848 3793 1124 3876 ’Ἑστιν
1160 3801 1635 3902 ἑστιατόριον
1672 3797 2052 3890 Ἠλείοις,
2109 3796 2294 3887 τούς
2333 3798 2408 3874 δὲ
2447 3795 2541 3874 τά
2591 3794 2984 3898 Ὀλύμπια
3041 3799 3408 3888 νικῶντας

658 3923 1005 4002 ἑστιῶσιν
1042 3933 1128 4003 ἐν
1163 3924 1415 4026 τούτῳ
1452 3929 1565 4027 τῷ
1600 3923 1990 4028 οἰκήματι.
2335 3929 2695 4021 (Pausan-
2734 3927 2826 4023 V,
2871 3928 2994 4025 15,
3040 3929 3204 4022 12.)

1936 4093 2160 4168 1267.

870 4218 1007 4294 Est
1062 4219 1265 4296 Eleis
1320 4220 1840 4316 coenaculum,
1919 4220 1996 4294 in
2055 4243 2198 4318 quo
2267 4219 2572 4320 epulum
2627 4215 3029 4318 praebetur
3085 4218 3174 4294 iis
3196 4276 3214 4313 ,
3291 4217 3404 4317 qui

658 4341 1009 4445 Olympia
1045 4345 1401 4421 vicerunt.

1920 4453 2146 4528 1268.

872 4571 1095 4650 Κατὰ
1140 4579 1491 4650 Τυπαὶου
1527 4575 1671 4651 τοῦ
1712 4568 1942 4680 ὅρους
1979 4575 2111 4666 τας
2148 4588 2524 4680 γυναῖκας
2556 4571 2892 4666 Ἠλείοις
2927 4585 3138 4657 ἐστὶν
3173 4576 3402 4655 ῶθεῖν

662 4699 936 4806 νόμος,
996 4695 1093 4794 ἢν
1128 4701 1602 4800 φωραθῶσιν
1656 4709 1729 4792 ἐς
1784 4701 1927 4778 τὸν
1963 4699 2228 4808 ἀγῶνα
2283 4701 2658 4779 ἐλθοῦσαι
2711 4701 2856 4782 τὸν
2899 4700 3395 4804 Ὀλυμπικὸν.

2441 4831 2801 4924 (Pausan.
2842 4833 2936 4930 V,
2977 4834 3050 4930 6,
3091 4835 3204 4927 7.)

1933 4939 2159 5015 1268.

873 5071 989 5146 De
1026 5067 1337 5169 Typaeo
1394 5093 1577 5143 saxo
1634 5066 1952 5142 feminas
2006 5065 2326 5165 dejicere
2365 5065 2718 5142 Eleorum
2753 5066 2876 5144 lex
2899 5067 3166 5167 jubet,
3224 5091 3394 5168 quae

661 5195 757 5276 ad
796 5193 1230 5304 Olympieos
1267 5192 1479 5276 ludos
1514 5203 1947 5304 penetrasse
1991 5189 2499 5296 deprehensae
2537 5191 2836 5272 fuerint.
