3725 5850
688 427 847 509 870
1772 451 1896 505 ms
1939 448 2064 503 Pur
2078 450 2372 506 VATUM.

684 648 789 721 tui
829 628 1167 744 ingredi]
1228 644 1555 744 itemque
1596 645 1804 743 sequi
1843 643 2202 733 cadaver,
2252 671 2478 743 quum
2515 645 2594 720 in
2632 656 3116 721 monumenta
3153 640 3444 739 ducitur,

680 773 896 847 annis
960 772 1355 869 sexaginta
1408 770 1715 859 minori,
1772 768 1860 843 iis
1920 769 2290 866 acceptia,
2371 796 2560 867 quae
2621 770 2817 845 intra
2874 771 3214 845 sobrinae
3267 783 3446 845 sunt.

680 898 941 997 Neque
998 899 1074 973 in
1134 897 1437 971 domum
1495 895 1762 971 mortui
1820 892 2324 992 ingrediatur,
2385 908 2780 995 postquam
2818 897 3098 971 elatum
3137 896 3442 971 cadaver

680 1012 941 1112 fuerit,
1001 1022 1268 1097 mulier
1304 1020 1489 1111 ulla,
1546 1020 1633 1093 iis
1674 1019 2048 1119 excepti8‚
2112 1044 2299 1117 quae
2339 1020 2536 1095 intra
2572 1022 2912 1097 sobrinae
2952 1032 3148 1095 sunt.

906 1318 1237 1397 Θάπτιεν
1294 1327 1399 1409 εἰς
1454 1318 1546 1395 τοὶ
1609 1318 1924 1419 πατρῷα
1954 1319 2360 1419 μνήματα,
2423 1312 2730 1418 ὅσοιπέρ
2788 1325 2932 1396 εἰσι
2983 1320 3126 1397 τοῦ
3169 1329 3440 1427 γένους.

2009 1450 2438 1542 (Demosth.
2480 1476 2542 1527 c.
2585 1450 2928 1526 Eubulid.
2978 1452 3244 1544 1307.)

1954 1612 2184 1688 1438.

898 1738 1373 1840 Sepeliantur
1428 1738 1505 1812 in
1562 1739 1809 1840 patria
1865 1750 2394 1832 monumenta,
2471 1749 2836 1839 quotquot
2893 1750 3069 1815 sunt
3128 1738 3444 1839 ejusdem

680 1866 1001 1961 generis,

1957 1971 2182 2047 1439.

900 2096 991 2169 Οἱ
1034 2099 1651 2191 κεραυνωθέντες
1690 2089 1783 2167 οὐ
1816 2098 2366 2190 μετατίθενται
2395 2152 2414 2183 ,
2475 2090 2640 2168 ἀλλ’
2701 2090 2902 2169 ὅπου
2959 2090 3063 2171 (ἲν
3117 2090 3270 2171 ὑπὸ
3305 2095 3438 2171 τοῦ

682 2216 917 2320 πυρὸς
954 2218 1615 2313 καταληφθῶσιν,
1678 2217 2032 2293 ἐνταῦθα
2079 2217 2531 2295 θάπτονται.

2023 2338 2510 2441 (Artemidor.
2551 2346 2947 2425 Oniroorit.
2991 2351 3086 2443 ΙΙ,
3129 2352 3241 2442 9.)

1967 2511 2195 2586 1439.

894 2633 1407 2733 Fulgure·icti
1466 2661 1617 2709 non
1674 2634 2270 2730 transferuntur,
2331 2635 2461 2710 sed
2519 2631 2647 2710 ubi
2706 2636 3012 2711 fulmine
3074 2637 3202 2711 icti
3240 2647 3432 2728 sunt,

678 2764 783 2840 ibi
820 2764 1302 2862 sepeliuntur.

1911 2916 1922 2928 -
1966 2868 2194 2944 1440.

900 2988 1076 3068 Οὐκ
1134 2992 1422 3082 ἔξεστιν
1479 2988 1785 3087 ἀμυχὰς
1843 2989 2208 3080 κόπτειν,
2267 2995 2408 3065 καὶ
2466 2988 2553 3066 τὸ
2619 2997 2934 3088 θρηνεῖν
2991 2997 3434 3090 πεποιημένα

678 3123 818 3192 καὶ
875 3114 963 3192 τὸ
1032 3115 1369 3192 κωκύειν
1425 3109 1667 3192 ἄλλον
1723 3124 1809 3190 ἐν
1865 3127 2144 3211 ταφαῖς
2203 3122 2508 3214 ἑτέρων·
2571 3113 2752 3194 οὐδὲ
2800 3119 3008 3212 βοῦν
3045 3122 3431 3222 ἐναγίζειν,

680 3240 861 3320 οὐδὲ
903 3249 1344 3318 συντιθέναι
1393 3249 1625 3319 πλέον
1666 3245 1996 3339 ἱματίων
2033 3243 2288 3340 τριῶν,
2332 3239 2502 3317 οὐδ’
2541 3249 2656 3317 ἐπ’
2697 3240 3058 3340 ἀλλότρια
3089 3243 3434 3343 μνήματα

677 3369 1030 3470 βαδίζειν
1057 3375 1299 3466 χωρίς
1340 3368 1781 3467 ἐκκομιδῆς.

970 3509 975 3517 ·
1738 3479 2156 3571 (Plutarch.
2197 3478 2448 3556 Solon.
2491 3481 2612 3554 21.
2670 3479 2832 3558 Lex
2871 3480 3238 3574 Solonis.)

1965 3641 2190 3716 1440.

892 3764 1063 3843 Non
1102 3767 1276 3844 licet
1314 3793 1582 3868 eorpus
1622 3769 1906 3845 laniare
1938 3825 1954 3860 ,
2015 3768 2772 3868 lamentationemque
2813 3767 3245 3845 meditatam
3281 3768 3434 3843 ede·

678 3922 799 3988 re,
858 3894 1255 3994 alienoque
1314 3895 1390 3968 in
1450 3895 1707 3969 funere
1770 3893 1982 3968 alteri
2043 3891 2362 3992 ejulare,
2420 3893 2602 3968 item
2673 3895 2952 3968 bovem
3021 3895 3434 3984 immolare,

678 4021 1037 4119 pluraque
1078 4020 1315 4094 tribus
1352 4019 1803 4093 vestimenta
1842 4041 2010 4092 cum
2054 4031 2346 4092 mortuo
2393 4030 2636 4093 terrae
2677 4019 3043 4113 condere3
3099 4043 3315 4118 porro
3351 4016 3432 4090 ad

678 4145 989 4220 aliorum
1028 4143 1368 4244 sepulcra
1408 4144 1557 4237 ire,
1616 4142 1756 4217 nisi
1796 4169 1969 4218 cum
2008 4143 2232 4217 funus
2271 4143 2580 4218 ducitur.

1961 4305 2188 4382 1441.

892 4427 1213 4519 Μηδένα
1260 4428 1693 4504 θάπτεσθαι
1736 4425 2019 4524 τειχῶν
2055 4423 2292 4515 ἐντός.

1961 4648 2158 4722 1441
2375 4538 2790 4632 (Plutarch.
2835 4539 3236 4633 Atat-53.)

893 4771 1007 4851 Ne
1048 4776 1211 4875 quis
1251 4773 1449 4850 intra
1485 4801 1735 4850 muros
1779 4775 2069 4867 (urbis)
2111 4775 2532 4873 sepeliatur.

1959 4935 2184 5010 1442.

904 5056 1077 5132 Τῶν
1116 5060 1406 5157 γονέων
1444 5055 2053 5148 τελευτησάντων
2089 5052 2272 5142 τούς
2309 5059 2990 5154 τάφουςκοσμεῐν.

1838 5187 2324 5286 (Xenophon.
2366 5187 2771 5263 Memorab.
2811 5187 2908 5278 ΙΙ,
2951 5187 3024 5280 2,
3070 5186 3231 5276 13.)
