<?xml version="1.0" encoding="UTF-8"?>
<!DOCTYPE html PUBLIC "-//W3C//DTD XHTML 1.0 Transitional//EN"
    "http://www.w3.org/TR/xhtml1/DTD/xhtml1-transitional.dtd">
<html xmlns="http://www.w3.org/1999/xhtml" xml:lang="en" lang="en">
 <head>
  <title>
</title>
<meta http-equiv="Content-Type" content="text/html;charset=utf-8" />
  <meta name='ocr-system' content='tesseract 3.04.00' />
  <meta name='ocr-capabilities' content='ocr_page ocr_carea ocr_par ocr_line ocrx_word'/>
</head>
<body>
  <div class='ocr_page' id='page_1' title='image "./synaggtnattiknn01tlgoog_0171.png"; bbox 0 0 3725 5850; ppageno 0'>
   <div class='ocr_carea' id='block_1_1' title="bbox 1009 471 3059 549">
    <p class='ocr_par' dir='ltr' id='par_1_1' title="bbox 1009 471 3059 549">
     <span class='ocr_line' id='line_1_1' title="bbox 1009 471 3059 549; baseline 0 -1"><span class='ocrx_word' id='word_1_1' title='bbox 1009 495 1310 549; x_wconf 68' lang='lat' dir='ltr'><strong>sumen</strong></span> <span class='ocrx_word' id='word_1_2' title='bbox 1355 489 1782 546; x_wconf 70' lang='lat' dir='ltr'><strong>cAnsAnmu</strong></span> <span class='ocrx_word' id='word_1_3' title='bbox 1817 491 2333 547; x_wconf 70' lang='lat' dir='ltr'><strong>cAPITAmtm.</strong></span> <span class='ocrx_word' id='word_1_4' title='bbox 2908 471 3059 548; x_wconf 77' lang='lat'><strong>145</strong></span> 
     </span>
    </p>
   </div>
   <div class='ocr_carea' id='block_1_2' title="bbox 1578 683 1754 760">
    <p class='ocr_par' dir='ltr' id='par_1_2' title="bbox 1578 683 1754 760">
     <span class='ocr_line' id='line_1_2' title="bbox 1578 683 1754 760; baseline 0.006 -1"><span class='ocrx_word' id='word_1_5' title='bbox 1578 683 1754 760; x_wconf 82' lang='grc'><strong>590.</strong></span> 
     </span>
    </p>
   </div>
   <div class='ocr_carea' id='block_1_3' title="bbox 293 825 3071 1311">
    <p class='ocr_par' dir='ltr' id='par_1_3' title="bbox 293 825 3071 1311">
     <span class='ocr_line' id='line_1_3' title="bbox 493 825 3071 934; baseline -0.001 -24"><span class='ocrx_word' id='word_1_6' title='bbox 493 831 806 912; x_wconf 82' lang='lat' dir='ltr'><strong>Praeter</strong></span> <span class='ocrx_word' id='word_1_7' title='bbox 833 829 1019 911; x_wconf 84' lang='lat' dir='ltr'><strong>haec</strong></span> <span class='ocrx_word' id='word_1_8' title='bbox 1056 841 1407 934; x_wconf 86' lang='lat' dir='ltr'><strong>quartum</strong></span> <span class='ocrx_word' id='word_1_9' title='bbox 1445 825 1686 924; x_wconf 86' lang='lat' dir='ltr'><strong>aliud,</strong></span> <span class='ocrx_word' id='word_1_10' title='bbox 1750 827 1845 904; x_wconf 91' lang='lat' dir='ltr'><strong>ad</strong></span> <span class='ocrx_word' id='word_1_11' title='bbox 1884 828 2367 932; x_wconf 81' lang='lat' dir='ltr'><strong>Prytaneum.</strong></span> <span class='ocrx_word' id='word_1_12' title='bbox 2444 831 2534 910; x_wconf 88' lang='lat' dir='ltr'><strong>Id</strong></span> <span class='ocrx_word' id='word_1_13' title='bbox 2572 857 2751 910; x_wconf 84' lang='lat' dir='ltr'><strong>vero</strong></span> <span class='ocrx_word' id='word_1_14' title='bbox 2792 841 2942 930; x_wconf 90' lang='lat' dir='ltr'><strong>est,</strong></span> <span class='ocrx_word' id='word_1_15' title='bbox 2995 833 3071 908; x_wconf 82' lang='lat' dir='ltr'><strong>si·</strong></span> 
     </span>
     <span class='ocr_line' id='line_1_4' title="bbox 295 954 3053 1064; baseline -0.001 -26"><span class='ocrx_word' id='word_1_16' title='bbox 295 960 470 1064; x_wconf 85' lang='lat' dir='ltr'><strong>lapis</strong></span> <span class='ocrx_word' id='word_1_17' title='bbox 511 970 640 1036; x_wconf 89' lang='lat' dir='ltr'><strong>aut</strong></span> <span class='ocrx_word' id='word_1_18' title='bbox 675 958 968 1060; x_wconf 88' lang='lat' dir='ltr'><strong>lignum</strong></span> <span class='ocrx_word' id='word_1_19' title='bbox 1023 969 1154 1034; x_wconf 88' lang='lat' dir='ltr'><strong>aut</strong></span> <span class='ocrx_word' id='word_1_20' title='bbox 1207 956 1486 1033; x_wconf 86' lang='lat' dir='ltr'><strong>ferrum</strong></span> <span class='ocrx_word' id='word_1_21' title='bbox 1543 965 1670 1030; x_wconf 88' lang='lat' dir='ltr'><strong>aut</strong></span> <span class='ocrx_word' id='word_1_22' title='bbox 1717 954 1867 1032; x_wconf 86' lang='lat' dir='ltr'><strong>tale</strong></span> <span class='ocrx_word' id='word_1_23' title='bbox 1905 957 2293 1060; x_wconf 83' lang='lat' dir='ltr'><strong>quippiam</strong></span> <span class='ocrx_word' id='word_1_24' title='bbox 2328 958 2711 1061; x_wconf 86' lang='lat' dir='ltr'><strong>delapsum</strong></span> <span class='ocrx_word' id='word_1_25' title='bbox 2751 982 3053 1060; x_wconf 82' lang='lat' dir='ltr'><strong>percus-</strong></span> 
     </span>
     <span class='ocr_line' id='line_1_5' title="bbox 293 1081 3057 1188; baseline -0.001 -26"><span class='ocrx_word' id='word_1_26' title='bbox 293 1085 498 1182; x_wconf 78' lang='lat' dir='ltr'><strong>serit,</strong></span> <span class='ocrx_word' id='word_1_27' title='bbox 539 1097 762 1188; x_wconf 90' lang='lat' dir='ltr'><strong>atque</strong></span> <span class='ocrx_word' id='word_1_28' title='bbox 799 1081 1060 1184; x_wconf 88' lang='lat' dir='ltr'><strong>aliquis</strong></span> <span class='ocrx_word' id='word_1_29' title='bbox 1097 1085 1438 1183; x_wconf 75' lang='lat' dir='ltr'><strong>ignoret,</strong></span> <span class='ocrx_word' id='word_1_30' title='bbox 1477 1109 1524 1159; x_wconf 89' lang='lat' dir='ltr'><strong>a</strong></span> <span class='ocrx_word' id='word_1_31' title='bbox 1558 1107 1705 1183; x_wconf 90' lang='lat' dir='ltr'><strong>quo</strong></span> <span class='ocrx_word' id='word_1_32' title='bbox 1743 1107 1834 1158; x_wconf 91' lang='lat' dir='ltr'><strong>ea</strong></span> <span class='ocrx_word' id='word_1_33' title='bbox 1872 1108 1991 1159; x_wconf 88' lang='lat' dir='ltr'><strong>res</strong></span> <span class='ocrx_word' id='word_1_34' title='bbox 2030 1083 2371 1185; x_wconf 84' lang='lat' dir='ltr'><strong>conjecta</strong></span> <span class='ocrx_word' id='word_1_35' title='bbox 2406 1084 2539 1180; x_wconf 86' lang='lat' dir='ltr'><strong>sit,</strong></span> <span class='ocrx_word' id='word_1_36' title='bbox 2591 1083 2834 1188; x_wconf 81' lang='lat' dir='ltr'><strong>ipsam</strong></span> <span class='ocrx_word' id='word_1_37' title='bbox 2873 1108 3057 1160; x_wconf 87' lang='lat' dir='ltr'><strong>vero</strong></span> 
     </span>
     <span class='ocr_line' id='line_1_6' title="bbox 294 1205 3045 1311; baseline -0 -24"><span class='ocrx_word' id='word_1_38' title='bbox 294 1213 476 1289; x_wconf 89' lang='lat' dir='ltr'><strong>norit</strong></span> <span class='ocrx_word' id='word_1_39' title='bbox 511 1222 590 1288; x_wconf 90' lang='lat' dir='ltr'><strong>et</strong></span> <span class='ocrx_word' id='word_1_40' title='bbox 625 1209 900 1288; x_wconf 85' lang='lat' dir='ltr'><strong>habeat</strong></span> <span class='ocrx_word' id='word_1_41' title='bbox 934 1235 1082 1309; x_wconf 90' lang='lat' dir='ltr'><strong>qua</strong></span> <span class='ocrx_word' id='word_1_42' title='bbox 1116 1207 1384 1286; x_wconf 85' lang='lat' dir='ltr'><strong>caedes</strong></span> <span class='ocrx_word' id='word_1_43' title='bbox 1421 1207 1621 1284; x_wconf 81' lang='lat' dir='ltr'><strong>faeta</strong></span> <span class='ocrx_word' id='word_1_44' title='bbox 1658 1218 1810 1301; x_wconf 89' lang='lat' dir='ltr'><strong>est,</strong></span> <span class='ocrx_word' id='word_1_45' title='bbox 1868 1205 1983 1284; x_wconf 91' lang='lat' dir='ltr'><strong>his</strong></span> <span class='ocrx_word' id='word_1_46' title='bbox 2043 1208 2267 1286; x_wconf 84' lang='lat' dir='ltr'><strong>rebus</strong></span> <span class='ocrx_word' id='word_1_47' title='bbox 2321 1209 2401 1284; x_wconf 88' lang='lat' dir='ltr'><strong>in</strong></span> <span class='ocrx_word' id='word_1_48' title='bbox 2454 1207 2600 1285; x_wconf 83' lang='lat' dir='ltr'><strong>hoe</strong></span> <span class='ocrx_word' id='word_1_49' title='bbox 2654 1210 2820 1285; x_wconf 83' lang='lat' dir='ltr'><strong>loeo</strong></span> <span class='ocrx_word' id='word_1_50' title='bbox 2848 1207 3045 1311; x_wconf 89' lang='lat' dir='ltr'><strong>judi-</strong></span> 
     </span>
    </p>
   </div>
   <div class='ocr_carea' id='block_1_4' title="bbox 295 1337 1748 1518">
    <p class='ocr_par' dir='ltr' id='par_1_4' title="bbox 295 1337 1748 1518">
     <span class='ocr_line' id='line_1_7' title="bbox 295 1337 753 1414; baseline -0.002 -1"><span class='ocrx_word' id='word_1_51' title='bbox 295 1337 478 1414; x_wconf 83' lang='lat' dir='ltr'><strong>cium</strong></span> <span class='ocrx_word' id='word_1_52' title='bbox 514 1337 753 1413; x_wconf 85' lang='lat' dir='ltr'><strong>datur.</strong></span> 
     </span>
     <span class='ocr_line' id='line_1_8' title="bbox 1571 1440 1748 1518; baseline 0.006 -1"><span class='ocrx_word' id='word_1_53' title='bbox 1571 1440 1748 1518; x_wconf 88' lang='grc'><strong>591.</strong></span> 
     </span>
    </p>
   </div>
   <div class='ocr_carea' id='block_1_5' title="bbox 295 1575 3058 1810">
    <p class='ocr_par' dir='ltr' id='par_1_5' title="bbox 295 1575 3058 1810">
     <span class='ocr_line' id='line_1_9' title="bbox 495 1575 3058 1686; baseline 0 -28"><span class='ocrx_word' id='word_1_54' title='bbox 495 1576 1031 1686; x_wconf 81' lang='grc' dir='ltr'><em>Προεστῆκασι</em></span> <span class='ocrx_word' id='word_1_55' title='bbox 1070 1577 1148 1658; x_wconf 85' lang='grc' dir='ltr'><strong>δὲ</strong></span> <span class='ocrx_word' id='word_1_56' title='bbox 1185 1578 1469 1658; x_wconf 83' lang='grc' dir='ltr'><em>τούτου</em></span> <span class='ocrx_word' id='word_1_57' title='bbox 1507 1579 1658 1656; x_wconf 73' lang='grc' dir='ltr'><em>τοῦ</em></span> <span class='ocrx_word' id='word_1_58' title='bbox 1710 1578 2213 1681; x_wconf 77' lang='grc' dir='ltr'><strong><em>δικαστηρίου</em></strong></span> <span class='ocrx_word' id='word_1_59' title='bbox 2268 1585 2813 1680; x_wconf 78' lang='grc' dir='ltr'><em>φυλοβασιλεῖς</em></span> <span class='ocrx_word' id='word_1_60' title='bbox 2839 1637 2859 1672; x_wconf 92' lang='grc'><em>,</em></span> <span class='ocrx_word' id='word_1_61' title='bbox 2919 1575 3058 1671; x_wconf 71' lang='grc' dir='ltr'><em>οὓς</em></span> 
     </span>
     <span class='ocr_line' id='line_1_10' title="bbox 295 1697 2838 1810; baseline 0.001 -24"><span class='ocrx_word' id='word_1_62' title='bbox 295 1709 400 1788; x_wconf 81' lang='grc' dir='ltr'><em>δεῖ</em></span> <span class='ocrx_word' id='word_1_63' title='bbox 426 1708 518 1787; x_wconf 84' lang='grc' dir='ltr'><em>τὸ</em></span> <span class='ocrx_word' id='word_1_64' title='bbox 560 1713 895 1810; x_wconf 67' lang='grc' dir='ltr'><em>ἔμπεσον</em></span> <span class='ocrx_word' id='word_1_65' title='bbox 933 1701 1260 1810; x_wconf 72' lang='grc' dir='ltr'><em>ἔψυχον</em></span> <span class='ocrx_word' id='word_1_66' title='bbox 1293 1697 1761 1806; x_wconf 77' lang='grc' dir='ltr'><em>ὖπερορίσαι.</em></span> <span class='ocrx_word' id='word_1_67' title='bbox 2016 1709 2329 1802; x_wconf 84' lang='lat' dir='ltr'><strong>(Pollux</strong></span> <span class='ocrx_word' id='word_1_68' title='bbox 2368 1709 2576 1808; x_wconf 86' lang='lat' dir='ltr'>VIII,</span> <span class='ocrx_word' id='word_1_69' title='bbox 2620 1711 2838 1804; x_wconf 82' lang='lat'>120.)</span> 
     </span>
    </p>
   </div>
   <div class='ocr_carea' id='block_1_6' title="bbox 1575 1870 1752 1948">
    <p class='ocr_par' dir='ltr' id='par_1_6' title="bbox 1575 1870 1752 1948">
     <span class='ocr_line' id='line_1_11' title="bbox 1575 1870 1752 1948; baseline 0.011 -2"><span class='ocrx_word' id='word_1_70' title='bbox 1575 1870 1752 1948; x_wconf 83' lang='lat'><strong>591.</strong></span> 
     </span>
    </p>
   </div>
   <div class='ocr_carea' id='block_1_7' title="bbox 291 2009 3057 2246">
    <p class='ocr_par' dir='ltr' id='par_1_7' title="bbox 291 2009 3057 2246">
     <span class='ocr_line' id='line_1_12' title="bbox 489 2009 3057 2119; baseline 0 -25"><span class='ocrx_word' id='word_1_71' title='bbox 489 2019 863 2096; x_wconf 87' lang='lat' dir='ltr'><strong>Praesunt</strong></span> <span class='ocrx_word' id='word_1_72' title='bbox 898 2025 1147 2092; x_wconf 89' lang='lat' dir='ltr'><strong>autem</strong></span> <span class='ocrx_word' id='word_1_73' title='bbox 1201 2012 1372 2092; x_wconf 84' lang='lat' dir='ltr'><strong>huic</strong></span> <span class='ocrx_word' id='word_1_74' title='bbox 1420 2010 1702 2115; x_wconf 85' lang='lat' dir='ltr'><strong>judicio</strong></span> <span class='ocrx_word' id='word_1_75' title='bbox 1740 2009 2111 2090; x_wconf 83' lang='lat' dir='ltr'><strong>Tribuum</strong></span> <span class='ocrx_word' id='word_1_76' title='bbox 2166 2011 2453 2114; x_wconf 83' lang='lat' dir='ltr'><strong>Reges,</strong></span> <span class='ocrx_word' id='word_1_77' title='bbox 2515 2041 2703 2116; x_wconf 90' lang='lat' dir='ltr'><strong>quos</strong></span> <span class='ocrx_word' id='word_1_78' title='bbox 2759 2027 3057 2119; x_wconf 81' lang='lat' dir='ltr'><strong>oportet</strong></span> 
     </span>
     <span class='ocr_line' id='line_1_13' title="bbox 291 2140 2096 2246; baseline -0.002 -26"><span class='ocrx_word' id='word_1_79' title='bbox 291 2142 664 2246; x_wconf 78' lang='lat' dir='ltr'><strong>delapsam</strong></span> <span class='ocrx_word' id='word_1_80' title='bbox 696 2143 1100 2220; x_wconf 89' lang='lat' dir='ltr'><strong>inanimam</strong></span> <span class='ocrx_word' id='word_1_81' title='bbox 1135 2167 1294 2220; x_wconf 89' lang='lat' dir='ltr'><strong>rem</strong></span> <span class='ocrx_word' id='word_1_82' title='bbox 1329 2151 1541 2218; x_wconf 86' lang='lat' dir='ltr'><strong>extra</strong></span> <span class='ocrx_word' id='word_1_83' title='bbox 1579 2141 1768 2216; x_wconf 88' lang='lat' dir='ltr'><strong>fines</strong></span> <span class='ocrx_word' id='word_1_84' title='bbox 1807 2140 2096 2241; x_wconf 79' lang='lat' dir='ltr'><strong>ejicere.</strong></span> 
     </span>
    </p>
   </div>
   <div class='ocr_carea' id='block_1_8' title="bbox 285 2322 3101 3575">
    <p class='ocr_par' dir='ltr' id='par_1_8' title="bbox 285 2322 3101 3575">
     <span class='ocr_line' id='line_1_14' title="bbox 1575 2322 1754 2398; baseline 0.006 -1"><span class='ocrx_word' id='word_1_85' title='bbox 1575 2322 1754 2398; x_wconf 81' lang='lat'><strong>592.</strong></span> 
     </span>
     <span class='ocr_line' id='line_1_15' title="bbox 491 2458 3101 2563; baseline -0 -25"><span class='ocrx_word' id='word_1_86' title='bbox 491 2467 872 2563; x_wconf 85' lang='grc' dir='ltr'><em>Πέμπτον</em></span> <span class='ocrx_word' id='word_1_87' title='bbox 910 2459 1404 2562; x_wconf 80' lang='grc' dir='ltr'><em>δικαστήριον</em></span> <span class='ocrx_word' id='word_1_88' title='bbox 1466 2458 1556 2537; x_wconf 86' lang='grc' dir='ltr'><em>τό</em></span> <span class='ocrx_word' id='word_1_89' title='bbox 1617 2469 1703 2537; x_wconf 73' lang='grc' dir='ltr'><strong>ἐν</strong></span> <span class='ocrx_word' id='word_1_90' title='bbox 1765 2463 2143 2560; x_wconf 76' lang='grc' dir='ltr'><strong><em>Φρεαττοῖ</em></strong></span> <span class='ocrx_word' id='word_1_91' title='bbox 2165 2488 2180 2504; x_wconf 94' lang='grc'><em>·</em></span> <span class='ocrx_word' id='word_1_92' title='bbox 2240 2459 2594 2538; x_wconf 75' lang='grc' dir='ltr'><em>ἐνταῦθα</em></span> <span class='ocrx_word' id='word_1_93' title='bbox 2656 2458 2772 2538; x_wconf 79' lang='grc' dir='ltr'><em>δεῖ</em></span> <span class='ocrx_word' id='word_1_94' title='bbox 2825 2458 3051 2552; x_wconf 83' lang='grc' dir='ltr'><em>δίκας</em></span> <span class='ocrx_word' id='word_1_95' title='bbox 3090 2459 3101 2472; x_wconf 76' lang='grc'><em>“</em></span> 
     </span>
     <span class='ocr_line' id='line_1_16' title="bbox 285 2579 3057 2691; baseline 0 -27"><span class='ocrx_word' id='word_1_96' title='bbox 285 2579 592 2683; x_wconf 73' lang='grc' dir='ltr'><em>ὑπέχειν</em></span> <span class='ocrx_word' id='word_1_97' title='bbox 611 2645 634 2678; x_wconf 90' lang='grc'><em>,</em></span> <span class='ocrx_word' id='word_1_98' title='bbox 698 2584 838 2664; x_wconf 74' lang='grc' dir='ltr'><strong>ἐάν</strong></span> <span class='ocrx_word' id='word_1_99' title='bbox 873 2617 983 2674; x_wconf 89' lang='grc' dir='ltr'><strong>τις</strong></span> <span class='ocrx_word' id='word_1_100' title='bbox 1021 2594 1135 2663; x_wconf 73' lang='grc' dir='ltr'><strong>ἐπ’</strong></span> <span class='ocrx_word' id='word_1_101' title='bbox 1177 2583 1532 2686; x_wconf 76' lang='grc' dir='ltr'><em>ἀκουσίῳ</em></span> <span class='ocrx_word' id='word_1_102' title='bbox 1571 2582 1799 2685; x_wconf 83' lang='grc' dir='ltr'><em>φόνῳ</em></span> <span class='ocrx_word' id='word_1_103' title='bbox 1839 2581 2277 2691; x_wconf 76' lang='grc' dir='ltr'><em>πεφευγώς,</em></span> <span class='ocrx_word' id='word_1_104' title='bbox 2308 2583 2534 2685; x_wconf 80' lang='grc' dir='ltr'><em>μήπω</em></span> <span class='ocrx_word' id='word_1_105' title='bbox 2568 2586 2728 2663; x_wconf 74' lang='grc' dir='ltr'><em>τῶν</em></span> <span class='ocrx_word' id='word_1_106' title='bbox 2762 2590 3057 2690; x_wconf 71' lang='grc' dir='ltr'><em>ἐκβαλ-</em></span> 
     </span>
     <span class='ocr_line' id='line_1_17' title="bbox 287 2697 3056 2811; baseline 0.001 -23"><span class='ocrx_word' id='word_1_107' title='bbox 287 2697 576 2790; x_wconf 69' lang='grc' dir='ltr'><em>λόντὼν</em></span> <span class='ocrx_word' id='word_1_108' title='bbox 631 2707 880 2790; x_wconf 80' lang='grc' dir='ltr'><em>αὐτόν</em></span> <span class='ocrx_word' id='word_1_109' title='bbox 931 2707 1410 2810; x_wconf 77' lang='grc' dir='ltr'><em>ᾐδεσμένων,</em></span> <span class='ocrx_word' id='word_1_110' title='bbox 1490 2714 1756 2786; x_wconf 78' lang='grc' dir='ltr'><em>αἰτίαν</em></span> <span class='ocrx_word' id='word_1_111' title='bbox 1817 2712 1957 2807; x_wconf 73' lang='grc' dir='ltr'><strong>ἔχῃ</strong></span> <span class='ocrx_word' id='word_1_112' title='bbox 2016 2713 2272 2811; x_wconf 77' lang='grc' dir='ltr'><em>ἑτέρου</em></span> <span class='ocrx_word' id='word_1_113' title='bbox 2328 2709 2589 2807; x_wconf 86' lang='grc' dir='ltr'><em>φόνου</em></span> <span class='ocrx_word' id='word_1_114' title='bbox 2646 2717 3056 2791; x_wconf 78' lang='grc' dir='ltr'><em>ἑκουσίου·</em></span> 
     </span>
     <span class='ocr_line' id='line_1_18' title="bbox 287 2831 3058 2941; baseline 0.001 -27"><span class='ocrx_word' id='word_1_115' title='bbox 287 2846 414 2915; x_wconf 87' lang='grc' dir='ltr'><strong>καὶ</strong></span> <span class='ocrx_word' id='word_1_116' title='bbox 467 2835 652 2929; x_wconf 77' lang='grc' dir='ltr'><em>τούς</em></span> <span class='ocrx_word' id='word_1_117' title='bbox 707 2835 1169 2927; x_wconf 77' lang='grc' dir='ltr'><em>δικάσοντας</em></span> <span class='ocrx_word' id='word_1_118' title='bbox 1226 2835 1572 2929; x_wconf 81' lang='grc' dir='ltr'><em>ἀπιέναι,</em></span> <span class='ocrx_word' id='word_1_119' title='bbox 1634 2833 1726 2912; x_wconf 83' lang='grc' dir='ltr'><strong>οἶ</strong></span> <span class='ocrx_word' id='word_1_120' title='bbox 1767 2839 2229 2937; x_wconf 76' lang='grc' dir='ltr'><em>προσελθεῖν</em></span> <span class='ocrx_word' id='word_1_121' title='bbox 2268 2831 2524 2914; x_wconf 79' lang='grc' dir='ltr'><em>οἷόντε</em></span> <span class='ocrx_word' id='word_1_122' title='bbox 2560 2842 2888 2941; x_wconf 73' lang='grc' dir='ltr'><em>ἐκείνῳ,</em></span> <span class='ocrx_word' id='word_1_123' title='bbox 2949 2843 3058 2929; x_wconf 78' lang='grc' dir='ltr'><strong>εἰς</strong></span> 
     </span>
     <span class='ocr_line' id='line_1_19' title="bbox 287 2958 3058 3067; baseline 0.001 -27"><span class='ocrx_word' id='word_1_124' title='bbox 287 2966 516 3043; x_wconf 84' lang='grc' dir='ltr'><em>τόπον</em></span> <span class='ocrx_word' id='word_1_125' title='bbox 571 2962 747 3042; x_wconf 67' lang='lat' dir='ltr'><strong>mai</strong></span> <span class='ocrx_word' id='word_1_126' title='bbox 811 2972 897 3041; x_wconf 75' lang='grc' dir='ltr'><strong>ἐν</strong></span> <span class='ocrx_word' id='word_1_127' title='bbox 959 2968 1330 3065; x_wconf 79' lang='grc' dir='ltr'><em>Φρεαττοὶ</em></span> <span class='ocrx_word' id='word_1_128' title='bbox 1387 2959 1932 3063; x_wconf 83' lang='grc' dir='ltr'><em>καλούμενον,</em></span> <span class='ocrx_word' id='word_1_129' title='bbox 1990 2968 2113 3040; x_wconf 77' lang='grc' dir='ltr'><strong>ἐπὶ</strong></span> <span class='ocrx_word' id='word_1_130' title='bbox 2176 2959 2521 3061; x_wconf 82' lang='grc' dir='ltr'><em>θαλάττῃ</em></span> <span class='ocrx_word' id='word_1_131' title='bbox 2548 2988 2563 3006; x_wconf 91' lang='grc'><em>·</em></span> <span class='ocrx_word' id='word_1_132' title='bbox 2618 2962 2771 3041; x_wconf 76' lang='grc' dir='ltr'><em>εἶθ’</em></span> <span class='ocrx_word' id='word_1_133' title='bbox 2812 2958 2855 3044; x_wconf 82' lang='grc' dir='ltr'><em>ὃ</em></span> <span class='ocrx_word' id='word_1_134' title='bbox 2905 2969 3058 3067; x_wconf 78' lang='grc' dir='ltr'><strong>μὲν</strong></span> 
     </span>
     <span class='ocr_line' id='line_1_20' title="bbox 285 3080 3056 3194; baseline 0.001 -28"><span class='ocrx_word' id='word_1_135' title='bbox 285 3098 363 3166; x_wconf 74' lang='grc' dir='ltr'><strong>ἐν</strong></span> <span class='ocrx_word' id='word_1_136' title='bbox 397 3094 648 3192; x_wconf 80' lang='grc' dir='ltr'><em>πλοίῳ</em></span> <span class='ocrx_word' id='word_1_137' title='bbox 687 3088 1201 3187; x_wconf 84' lang='grc' dir='ltr'><em>προςπλεύσας</em></span> <span class='ocrx_word' id='word_1_138' title='bbox 1237 3094 1473 3194; x_wconf 79' lang='grc' dir='ltr'><em>λέγει,</em></span> <span class='ocrx_word' id='word_1_139' title='bbox 1512 3087 1644 3179; x_wconf 80' lang='grc' dir='ltr'><strong>τῆς</strong></span> <span class='ocrx_word' id='word_1_140' title='bbox 1680 3088 1818 3193; x_wconf 77' lang='grc' dir='ltr'><em>γῆς</em></span> <span class='ocrx_word' id='word_1_141' title='bbox 1855 3084 2013 3183; x_wconf 77' lang='grc' dir='ltr'><strong>οὐχ</strong></span> <span class='ocrx_word' id='word_1_142' title='bbox 2052 3080 2529 3189; x_wconf 71' lang='grc' dir='ltr'><em>ἁπτόμενος,</em></span> <span class='ocrx_word' id='word_1_143' title='bbox 2579 3092 2653 3166; x_wconf 78' lang='grc' dir='ltr'><strong>οἱ</strong></span> <span class='ocrx_word' id='word_1_144' title='bbox 2694 3087 2764 3167; x_wconf 91' lang='grc' dir='ltr'><strong>δ’</strong></span> <span class='ocrx_word' id='word_1_145' title='bbox 2806 3090 3056 3194; x_wconf 84' lang='grc' dir='ltr'><em>ἀκρο-</em></span> 
     </span>
     <span class='ocr_line' id='line_1_21' title="bbox 287 3209 3051 3323; baseline 0 -29"><span class='ocrx_word' id='word_1_146' title='bbox 287 3220 510 3295; x_wconf 83' lang='grc' dir='ltr'><em>ὧνται</em></span> <span class='ocrx_word' id='word_1_147' title='bbox 549 3224 691 3295; x_wconf 86' lang='grc' dir='ltr'><strong>καὶ</strong></span> <span class='ocrx_word' id='word_1_148' title='bbox 732 3217 1191 3312; x_wconf 82' lang='grc' dir='ltr'><em>δικάζουσιν</em></span> <span class='ocrx_word' id='word_1_149' title='bbox 1227 3225 1314 3295; x_wconf 71' lang='grc' dir='ltr'><strong>ἐν</strong></span> <span class='ocrx_word' id='word_1_150' title='bbox 1348 3217 1438 3315; x_wconf 80' lang='grc' dir='ltr'><em>τῇ</em></span> <span class='ocrx_word' id='word_1_151' title='bbox 1477 3217 1578 3323; x_wconf 79' lang='grc' dir='ltr'><strong>γῇ</strong></span> <span class='ocrx_word' id='word_1_152' title='bbox 1599 3242 1616 3260; x_wconf 86' lang='grc'><em>·</em></span> <span class='ocrx_word' id='word_1_153' title='bbox 1667 3212 1830 3292; x_wconf 70' lang='grc' dir='ltr'><strong>κᾶν</strong></span> <span class='ocrx_word' id='word_1_154' title='bbox 1859 3219 2011 3315; x_wconf 76' lang='grc' dir='ltr'><strong>μὲν</strong></span> <span class='ocrx_word' id='word_1_155' title='bbox 2047 3209 2238 3317; x_wconf 73' lang='grc' dir='ltr'><strong>ἀλῷ,</strong></span> <span class='ocrx_word' id='word_1_156' title='bbox 2278 3216 2421 3311; x_wconf 78' lang='grc' dir='ltr'><em>τὴν</em></span> <span class='ocrx_word' id='word_1_157' title='bbox 2456 3225 2577 3295; x_wconf 78' lang='grc' dir='ltr'><strong>ἐπὶ</strong></span> <span class='ocrx_word' id='word_1_158' title='bbox 2614 3230 2777 3307; x_wconf 89' lang='grc' dir='ltr'><em>τοῖς</em></span> <span class='ocrx_word' id='word_1_159' title='bbox 2816 3224 3051 3295; x_wconf 78' lang='grc' dir='ltr'><em>ἑκου-</em></span> 
     </span>
     <span class='ocr_line' id='line_1_22' title="bbox 289 3339 3058 3448; baseline 0.001 -29"><span class='ocrx_word' id='word_1_160' title='bbox 289 3351 466 3434; x_wconf 84' lang='grc' dir='ltr'><em>σίοις</em></span> <span class='ocrx_word' id='word_1_161' title='bbox 503 3343 782 3441; x_wconf 84' lang='grc' dir='ltr'><em>φόνοις</em></span> <span class='ocrx_word' id='word_1_162' title='bbox 822 3342 1053 3437; x_wconf 88' lang='grc' dir='ltr'><em>δίκην</em></span> <span class='ocrx_word' id='word_1_163' title='bbox 1093 3342 1452 3433; x_wconf 85' lang='grc' dir='ltr'><em>δίδωσιν,</em></span> <span class='ocrx_word' id='word_1_164' title='bbox 1511 3341 1653 3419; x_wconf 76' lang='grc' dir='ltr'><strong>ἐὰν</strong></span> <span class='ocrx_word' id='word_1_165' title='bbox 1691 3340 1767 3417; x_wconf 80' lang='grc' dir='ltr'><strong>δὲ</strong></span> <span class='ocrx_word' id='word_1_166' title='bbox 1811 3339 2182 3448; x_wconf 79' lang='grc' dir='ltr'><em>ἀποφύγῃ</em></span> <span class='ocrx_word' id='word_1_167' title='bbox 2206 3401 2226 3433; x_wconf 95' lang='grc'><em>,</em></span> <span class='ocrx_word' id='word_1_168' title='bbox 2286 3341 2561 3436; x_wconf 82' lang='grc' dir='ltr'><em>ταύτης</em></span> <span class='ocrx_word' id='word_1_169' title='bbox 2599 3349 2749 3444; x_wconf 78' lang='grc' dir='ltr'><strong>μὲν</strong></span> <span class='ocrx_word' id='word_1_170' title='bbox 2787 3341 3058 3447; x_wconf 68' lang='grc' dir='ltr'><em>ἀθῷος</em></span> 
     </span>
     <span class='ocr_line' id='line_1_23' title="bbox 289 3464 2555 3575; baseline 0.001 -28"><span class='ocrx_word' id='word_1_171' title='bbox 289 3471 586 3569; x_wconf 81' lang='grc' dir='ltr'><em>ἀφίεται</em></span> <span class='ocrx_word' id='word_1_172' title='bbox 610 3533 631 3565; x_wconf 94' lang='grc'><em>,</em></span> <span class='ocrx_word' id='word_1_173' title='bbox 691 3470 838 3565; x_wconf 71' lang='grc' dir='ltr'><em>τήν</em></span> <span class='ocrx_word' id='word_1_174' title='bbox 874 3470 944 3547; x_wconf 91' lang='grc' dir='ltr'><strong>δ’</strong></span> <span class='ocrx_word' id='word_1_175' title='bbox 977 3479 1098 3549; x_wconf 80' lang='grc' dir='ltr'><strong>ἐπὶ</strong></span> <span class='ocrx_word' id='word_1_176' title='bbox 1136 3473 1250 3572; x_wconf 74' lang='grc' dir='ltr'><em>τῷ</em></span> <span class='ocrx_word' id='word_1_177' title='bbox 1288 3470 1662 3572; x_wconf 89' lang='grc' dir='ltr'><em>πρότερον</em></span> <span class='ocrx_word' id='word_1_178' title='bbox 1699 3469 1925 3570; x_wconf 86' lang='grc' dir='ltr'><em>φόνῳ</em></span> <span class='ocrx_word' id='word_1_179' title='bbox 1965 3468 2229 3575; x_wconf 73' lang='grc' dir='ltr'><em>φυγὴν</em></span> <span class='ocrx_word' id='word_1_180' title='bbox 2263 3464 2555 3570; x_wconf 73' lang='grc' dir='ltr'><em>ὑπέχει.</em></span> 
     </span>
    </p>
   </div>
   <div class='ocr_carea' id='block_1_9' title="bbox 1384 3598 2842 3695">
    <p class='ocr_par' dir='ltr' id='par_1_9' title="bbox 1384 3598 2842 3695">
     <span class='ocr_line' id='line_1_24' title="bbox 1384 3598 2842 3695; baseline -0.001 -17"><span class='ocrx_word' id='word_1_181' title='bbox 1384 3599 1810 3695; x_wconf 88' lang='lat' dir='ltr'><strong>(Demosth.</strong></span> <span class='ocrx_word' id='word_1_182' title='bbox 1851 3626 1913 3676; x_wconf 86' lang='lat' dir='ltr'><strong>o.</strong></span> <span class='ocrx_word' id='word_1_183' title='bbox 1956 3598 2309 3678; x_wconf 85' lang='lat' dir='ltr'><strong>Aristoor.</strong></span> <span class='ocrx_word' id='word_1_184' title='bbox 2351 3602 2842 3695; x_wconf 80' lang='lat'><strong>645—646.)</strong></span> 
     </span>
    </p>
   </div>
   <div class='ocr_carea' id='block_1_10' title="bbox 1575 3764 1750 3839">
    <p class='ocr_par' dir='ltr' id='par_1_10' title="bbox 1575 3764 1750 3839">
     <span class='ocr_line' id='line_1_25' title="bbox 1575 3764 1750 3839; baseline 0.011 -2"><span class='ocrx_word' id='word_1_185' title='bbox 1575 3764 1750 3839; x_wconf 83' lang='lat'><strong>592.</strong></span> 
     </span>
    </p>
   </div>
   <div class='ocr_carea' id='block_1_11' title="bbox 285 3904 3110 4887">
    <p class='ocr_par' dir='ltr' id='par_1_11' title="bbox 285 3904 3110 4887">
     <span class='ocr_line' id='line_1_26' title="bbox 489 3904 3047 4009; baseline -0 -25"><span class='ocrx_word' id='word_1_186' title='bbox 489 3904 857 4002; x_wconf 82' lang='lat' dir='ltr'><strong>Quintum</strong></span> <span class='ocrx_word' id='word_1_187' title='bbox 881 3904 1247 4009; x_wconf 85' lang='lat' dir='ltr'><strong>judicium</strong></span> <span class='ocrx_word' id='word_1_188' title='bbox 1285 3914 1399 3982; x_wconf 86' lang='lat' dir='ltr'><strong>est</strong></span> <span class='ocrx_word' id='word_1_189' title='bbox 1436 3904 1965 4000; x_wconf 87' lang='lat' dir='ltr'><strong>Phreatteum‚</strong></span> <span class='ocrx_word' id='word_1_190' title='bbox 2028 3905 2107 3981; x_wconf 89' lang='lat' dir='ltr'><strong>in</strong></span> <span class='ocrx_word' id='word_1_191' title='bbox 2146 3930 2295 4007; x_wconf 87' lang='lat' dir='ltr'><strong>quo</strong></span> <span class='ocrx_word' id='word_1_192' title='bbox 2333 3932 2558 3984; x_wconf 84' lang='lat' dir='ltr'><strong>causa</strong></span> <span class='ocrx_word' id='word_1_193' title='bbox 2594 3904 2742 3985; x_wconf 79' lang='lat' dir='ltr'><strong>dici</strong></span> <span class='ocrx_word' id='word_1_194' title='bbox 2780 3904 3047 4003; x_wconf 87' lang='lat' dir='ltr'><strong>debet,</strong></span> 
     </span>
     <span class='ocr_line' id='line_1_27' title="bbox 289 4029 3051 4133; baseline 0 -25"><span class='ocrx_word' id='word_1_195' title='bbox 289 4034 342 4108; x_wconf 87' lang='lat' dir='ltr'><strong>si</strong></span> <span class='ocrx_word' id='word_1_196' title='bbox 375 4033 539 4133; x_wconf 89' lang='lat' dir='ltr'><strong>quis</strong></span> <span class='ocrx_word' id='word_1_197' title='bbox 578 4034 678 4109; x_wconf 95' lang='lat' dir='ltr'><strong>ob</strong></span> <span class='ocrx_word' id='word_1_198' title='bbox 717 4030 1026 4111; x_wconf 83' lang='lat' dir='ltr'><strong>eaedem</strong></span> <span class='ocrx_word' id='word_1_199' title='bbox 1064 4031 1450 4107; x_wconf 84' lang='lat' dir='ltr'><strong>fortuitam</strong></span> <span class='ocrx_word' id='word_1_200' title='bbox 1484 4030 1565 4106; x_wconf 88' lang='lat' dir='ltr'><strong>in</strong></span> <span class='ocrx_word' id='word_1_201' title='bbox 1603 4029 1907 4106; x_wconf 80' lang='lat' dir='ltr'><strong>exilium</strong></span> <span class='ocrx_word' id='word_1_202' title='bbox 1945 4030 2375 4132; x_wconf 84' lang='lat' dir='ltr'><strong>profectus,</strong></span> <span class='ocrx_word' id='word_1_203' title='bbox 2435 4033 2767 4109; x_wconf 88' lang='lat' dir='ltr'><strong>nondum</strong></span> <span class='ocrx_word' id='word_1_204' title='bbox 2804 4032 3051 4110; x_wconf 82' lang='lat' dir='ltr'><strong>conci-</strong></span> 
     </span>
     <span class='ocr_line' id='line_1_28' title="bbox 287 4152 3052 4252; baseline 0.001 -19"><span class='ocrx_word' id='word_1_205' title='bbox 287 4158 468 4235; x_wconf 89' lang='lat' dir='ltr'><strong>liatis</strong></span> <span class='ocrx_word' id='word_1_206' title='bbox 503 4158 966 4252; x_wconf 83' lang='lat' dir='ltr'><strong>vindicibus,</strong></span> <span class='ocrx_word' id='word_1_207' title='bbox 1025 4154 1327 4233; x_wconf 87' lang='lat' dir='ltr'><strong>alterius</strong></span> <span class='ocrx_word' id='word_1_208' title='bbox 1384 4152 1634 4232; x_wconf 85' lang='lat' dir='ltr'><strong>caedis</strong></span> <span class='ocrx_word' id='word_1_209' title='bbox 1691 4155 2161 4233; x_wconf 84' lang='lat' dir='ltr'><strong>voluntariae</strong></span> <span class='ocrx_word' id='word_1_210' title='bbox 2212 4169 2603 4234; x_wconf 81' lang='lat' dir='ltr'><strong>accusatus</strong></span> <span class='ocrx_word' id='word_1_211' title='bbox 2642 4154 2757 4235; x_wconf 88' lang='lat' dir='ltr'><strong>sit.</strong></span> <span class='ocrx_word' id='word_1_212' title='bbox 2833 4156 3052 4235; x_wconf 81' lang='lat' dir='ltr'><strong>Judi-</strong></span> 
     </span>
     <span class='ocr_line' id='line_1_29' title="bbox 288 4278 3110 4383; baseline 0.001 -25"><span class='ocrx_word' id='word_1_213' title='bbox 288 4284 508 4359; x_wconf 82' lang='lat' dir='ltr'><strong>caturi</strong></span> <span class='ocrx_word' id='word_1_214' title='bbox 544 4310 726 4361; x_wconf 87' lang='lat' dir='ltr'><strong>vero</strong></span> <span class='ocrx_word' id='word_1_215' title='bbox 765 4283 1066 4377; x_wconf 86' lang='lat' dir='ltr'><strong>abeunt,</strong></span> <span class='ocrx_word' id='word_1_216' title='bbox 1107 4308 1254 4382; x_wconf 90' lang='lat' dir='ltr'><strong>quo</strong></span> <span class='ocrx_word' id='word_1_217' title='bbox 1289 4278 1398 4357; x_wconf 91' lang='lat' dir='ltr'><strong>illi</strong></span> <span class='ocrx_word' id='word_1_218' title='bbox 1435 4280 1789 4357; x_wconf 84' lang='lat' dir='ltr'><strong>accedere</strong></span> <span class='ocrx_word' id='word_1_219' title='bbox 1829 4280 1942 4357; x_wconf 85' lang='lat' dir='ltr'><strong>fas</strong></span> <span class='ocrx_word' id='word_1_220' title='bbox 1983 4292 2116 4378; x_wconf 87' lang='lat' dir='ltr'><strong>est,</strong></span> <span class='ocrx_word' id='word_1_221' title='bbox 2158 4280 2254 4358; x_wconf 89' lang='lat' dir='ltr'><strong>ad</strong></span> <span class='ocrx_word' id='word_1_222' title='bbox 2291 4283 2545 4361; x_wconf 79' lang='lat' dir='ltr'><strong>locum</strong></span> <span class='ocrx_word' id='word_1_223' title='bbox 2579 4284 2706 4383; x_wconf 78' lang='lat' dir='ltr'><strong>qui</strong></span> <span class='ocrx_word' id='word_1_224' title='bbox 2744 4280 3051 4362; x_wconf 85' lang='lat' dir='ltr'><strong>Phreat-</strong></span> <span class='ocrx_word' id='word_1_225' title='bbox 3102 4310 3110 4315; x_wconf 88' lang='lat'><em>·</em></span> 
     </span>
     <span class='ocr_line' id='line_1_30' title="bbox 285 4402 3055 4511; baseline 0.001 -30"><span class='ocrx_word' id='word_1_226' title='bbox 285 4418 390 4482; x_wconf 85' lang='lat' dir='ltr'><strong>tus</strong></span> <span class='ocrx_word' id='word_1_227' title='bbox 443 4402 918 4511; x_wconf 78' lang='lat' dir='ltr'><strong>appellatur,</strong></span> <span class='ocrx_word' id='word_1_228' title='bbox 975 4408 1070 4484; x_wconf 88' lang='lat' dir='ltr'><strong>ad</strong></span> <span class='ocrx_word' id='word_1_229' title='bbox 1124 4430 1352 4484; x_wconf 88' lang='lat' dir='ltr'><strong>mare.</strong></span> <span class='ocrx_word' id='word_1_230' title='bbox 1427 4404 1612 4483; x_wconf 88' lang='lat' dir='ltr'><strong>Post</strong></span> <span class='ocrx_word' id='word_1_231' title='bbox 1663 4404 1790 4483; x_wconf 90' lang='lat' dir='ltr'><strong>ille</strong></span> <span class='ocrx_word' id='word_1_232' title='bbox 1849 4433 2041 4483; x_wconf 83' lang='lat' dir='ltr'><strong>nave</strong></span> <span class='ocrx_word' id='word_1_233' title='bbox 2097 4406 2459 4485; x_wconf 86' lang='lat' dir='ltr'><strong>accedens</strong></span> <span class='ocrx_word' id='word_1_234' title='bbox 2516 4433 2819 4486; x_wconf 85' lang='lat' dir='ltr'><strong>causam</strong></span> <span class='ocrx_word' id='word_1_235' title='bbox 2875 4406 3055 4486; x_wconf 87' lang='lat' dir='ltr'><strong>dicit</strong></span> 
     </span>
     <span class='ocr_line' id='line_1_31' title="bbox 285 4530 3050 4634; baseline 0.002 -28"><span class='ocrx_word' id='word_1_236' title='bbox 285 4542 472 4609; x_wconf 87' lang='lat' dir='ltr'><strong>terra</strong></span> <span class='ocrx_word' id='word_1_237' title='bbox 518 4560 684 4615; x_wconf 79' lang='lat' dir='ltr'><strong>mn</strong></span> <span class='ocrx_word' id='word_1_238' title='bbox 739 4542 1125 4630; x_wconf 75' lang='lat' dir='ltr'><strong>contacta,</strong></span> <span class='ocrx_word' id='word_1_239' title='bbox 1184 4532 1291 4609; x_wconf 91' lang='lat' dir='ltr'><strong>illi</strong></span> <span class='ocrx_word' id='word_1_240' title='bbox 1345 4533 1425 4609; x_wconf 89' lang='lat' dir='ltr'><strong>in</strong></span> <span class='ocrx_word' id='word_1_241' title='bbox 1487 4544 1688 4610; x_wconf 86' lang='lat' dir='ltr'><strong>terra</strong></span> <span class='ocrx_word' id='word_1_242' title='bbox 1743 4532 2166 4610; x_wconf 81' lang='lat' dir='ltr'><strong>auscultant</strong></span> <span class='ocrx_word' id='word_1_243' title='bbox 2214 4546 2288 4609; x_wconf 88' lang='lat' dir='ltr'><strong>et</strong></span> <span class='ocrx_word' id='word_1_244' title='bbox 2312 4531 2679 4634; x_wconf 74' lang='lat' dir='ltr'><strong>Judioant.</strong></span> <span class='ocrx_word' id='word_1_245' title='bbox 2755 4530 2837 4609; x_wconf 89' lang='lat' dir='ltr'><strong>Si</strong></span> <span class='ocrx_word' id='word_1_246' title='bbox 2874 4560 3050 4611; x_wconf 86' lang='lat' dir='ltr'><strong>oon-</strong></span> 
     </span>
     <span class='ocr_line' id='line_1_32' title="bbox 287 4657 3050 4771; baseline 0.001 -38"><span class='ocrx_word' id='word_1_247' title='bbox 287 4657 629 4756; x_wconf 83' lang='lat' dir='ltr'><strong>vincitur,</strong></span> <span class='ocrx_word' id='word_1_248' title='bbox 667 4684 954 4761; x_wconf 82' lang='lat' dir='ltr'><strong>poenas</strong></span> <span class='ocrx_word' id='word_1_249' title='bbox 991 4660 1127 4739; x_wconf 91' lang='lat' dir='ltr'><strong>luit</strong></span> <span class='ocrx_word' id='word_1_250' title='bbox 1164 4657 1376 4736; x_wconf 79' lang='lat' dir='ltr'><strong>caedi</strong></span> <span class='ocrx_word' id='word_1_251' title='bbox 1412 4658 1879 4771; x_wconf 85' lang='lat' dir='ltr'><strong>voluntariae</strong></span> <span class='ocrx_word' id='word_1_252' title='bbox 1920 4657 2402 4757; x_wconf 84' lang='lat' dir='ltr'><strong>constitutas3</strong></span> <span class='ocrx_word' id='word_1_253' title='bbox 2458 4660 2577 4737; x_wconf 88' lang='lat' dir='ltr'><strong>sin</strong></span> <span class='ocrx_word' id='word_1_254' title='bbox 2613 4657 3050 4756; x_wconf 79' lang='lat' dir='ltr'><strong>absolvitur,</strong></span> 
     </span>
     <span class='ocr_line' id='line_1_33' title="bbox 287 4780 3049 4887; baseline 0.001 -30"><span class='ocrx_word' id='word_1_255' title='bbox 287 4780 640 4861; x_wconf 84' lang='lat' dir='ltr'><strong>indemnis</strong></span> <span class='ocrx_word' id='word_1_256' title='bbox 681 4785 842 4887; x_wconf 88' lang='lat' dir='ltr'><strong>ejus</strong></span> <span class='ocrx_word' id='word_1_257' title='bbox 881 4784 1209 4861; x_wconf 84' lang='lat' dir='ltr'><strong>oriminis</strong></span> <span class='ocrx_word' id='word_1_258' title='bbox 1246 4783 1426 4883; x_wconf 88' lang='lat' dir='ltr'><strong>abit,</strong></span> <span class='ocrx_word' id='word_1_259' title='bbox 1450 4797 1524 4862; x_wconf 91' lang='lat' dir='ltr'><strong>et</strong></span> <span class='ocrx_word' id='word_1_260' title='bbox 1544 4784 1846 4861; x_wconf 87' lang='lat' dir='ltr'><strong>exilium</strong></span> <span class='ocrx_word' id='word_1_261' title='bbox 1885 4784 1982 4861; x_wconf 94' lang='lat' dir='ltr'><strong>ob</strong></span> <span class='ocrx_word' id='word_1_262' title='bbox 2001 4784 2333 4887; x_wconf 90' lang='lat' dir='ltr'><strong>priorem</strong></span> <span class='ocrx_word' id='word_1_263' title='bbox 2367 4785 2674 4863; x_wconf 84' lang='lat' dir='ltr'><strong>caedem</strong></span> <span class='ocrx_word' id='word_1_264' title='bbox 2711 4785 3049 4875; x_wconf 82' lang='lat' dir='ltr'><strong>sustinet.</strong></span> 
     </span>
    </p>
   </div>
   <div class='ocr_carea' id='block_1_12' title="bbox 292 4961 3053 5423">
    <p class='ocr_par' dir='ltr' id='par_1_12' title="bbox 292 4961 3053 5423">
     <span class='ocr_line' id='line_1_34' title="bbox 1570 4961 1748 5038; baseline 0.011 -2"><span class='ocrx_word' id='word_1_265' title='bbox 1570 4961 1748 5038; x_wconf 81' lang='lat'><strong>593.</strong></span> 
     </span>
     <span class='ocr_line' id='line_1_35' title="bbox 491 5096 3051 5203; baseline -0 -24"><span class='ocrx_word' id='word_1_266' title='bbox 491 5104 585 5179; x_wconf 70' lang='grc' dir='ltr'><strong>Οἱ</strong></span> <span class='ocrx_word' id='word_1_267' title='bbox 641 5098 1092 5195; x_wconf 83' lang='grc' dir='ltr'><em>δικάζοντες</em></span> <span class='ocrx_word' id='word_1_268' title='bbox 1145 5096 1282 5189; x_wconf 76' lang='grc' dir='ltr'><strong>τὰς</strong></span> <span class='ocrx_word' id='word_1_269' title='bbox 1337 5107 1458 5197; x_wconf 70' lang='grc' dir='ltr'><strong>ἐφ’</strong></span> <span class='ocrx_word' id='word_1_270' title='bbox 1519 5104 1842 5201; x_wconf 81' lang='grc' dir='ltr'><em>αἵματος</em></span> <span class='ocrx_word' id='word_1_271' title='bbox 1894 5104 2189 5203; x_wconf 36' lang='grc' dir='ltr'><em>’κρίσεις</em></span> <span class='ocrx_word' id='word_1_272' title='bbox 2244 5109 2365 5180; x_wconf 73' lang='grc' dir='ltr'><strong>ἐπὶ</strong></span> <span class='ocrx_word' id='word_1_273' title='bbox 2426 5102 2856 5203; x_wconf 83' lang='grc' dir='ltr'><em>Παλλαδίῳ</em></span> <span class='ocrx_word' id='word_1_274' title='bbox 2912 5108 3051 5178; x_wconf 77' lang='grc' dir='ltr'><strong>καὶ</strong></span> 
     </span>
     <span class='ocr_line' id='line_1_36' title="bbox 292 5228 3053 5331; baseline 0.001 -30"><span class='ocrx_word' id='word_1_275' title='bbox 292 5232 396 5303; x_wconf 75' lang='grc' dir='ltr'><strong>ἐπὶ</strong></span> <span class='ocrx_word' id='word_1_276' title='bbox 441 5231 901 5331; x_wconf 80' lang='grc' dir='ltr'><em>Πρυτανείῳ</em></span> <span class='ocrx_word' id='word_1_277' title='bbox 939 5235 1078 5305; x_wconf 76' lang='grc' dir='ltr'><strong>καὶ</strong></span> <span class='ocrx_word' id='word_1_278' title='bbox 1118 5234 1239 5305; x_wconf 72' lang='grc' dir='ltr'><strong>ἐπὶ</strong></span> <span class='ocrx_word' id='word_1_279' title='bbox 1273 5231 1670 5327; x_wconf 79' lang='grc' dir='ltr'><em>Δελφινίῳ</em></span> <span class='ocrx_word' id='word_1_280' title='bbox 1727 5236 1862 5304; x_wconf 83' lang='grc' dir='ltr'><strong>καὶ</strong></span> <span class='ocrx_word' id='word_1_281' title='bbox 1921 5236 2009 5306; x_wconf 75' lang='grc' dir='ltr'><strong>ἐν</strong></span> <span class='ocrx_word' id='word_1_282' title='bbox 2067 5234 2384 5328; x_wconf 77' lang='grc' dir='ltr'><em>Φρέατι,</em></span> <span class='ocrx_word' id='word_1_283' title='bbox 2433 5228 2528 5305; x_wconf 77' lang='lat' dir='ltr'><strong>&#39;E</strong></span> <span class='ocrx_word' id='word_1_284' title='bbox 2546 5234 2666 5327; x_wconf 82' lang='grc' dir='ltr'><strong>φέ</strong></span> <span class='ocrx_word' id='word_1_285' title='bbox 2680 5258 2843 5305; x_wconf 88' lang='grc' dir='ltr'><em>ται</em></span> <span class='ocrx_word' id='word_1_286' title='bbox 2897 5257 3053 5307; x_wconf 77' lang='grc' dir='ltr'><strong>κα-</strong></span> 
     </span>
     <span class='ocr_line' id='line_1_37' title="bbox 2542 5358 2626 5423; baseline 0.024 -2"><span class='ocrx_word' id='word_1_287' title='bbox 2542 5358 2626 5423; x_wconf 80' lang='grc'><strong>10</strong></span> 
     </span>
    </p>
   </div>
  </div>
 </body>
</html>
