3725 5850
657 454 766 537 50
1759 488 1885 541 sus
1920 482 2349 541 rufiacum.

853 671 1434 773 Ἐνεχυριάζειν
1497 671 1630 761 τὰς
1698 669 1968 763 οὐσίας
2034 672 2192 754 τῶν
2245 666 2727 753 ὑπευθύνων
2744 734 2767 767 ,
2842 682 2975 765 ἕως
3030 664 3136 751 ἄν
3188 670 3430 778 λόγον

651 794 994 877 &nowen
1035 800 1132 896 τῇ
1167 798 1400 875 πόλει.
1857 802 2247 899 (Aeschin.
2284 805 2366 885 in
2405 804 2871 909 Ctesiphont.
2910 800 2981 907 ξ.
3020 804 3209 896 21.)

1954 962 2131 1039 187.

867 1086 1350 1189 Magistratus
1387 1086 1804 1165 rationibus
1845 1114 2001 1166 non
2038 1089 2293 1166 relatis
2326 1112 2427 1165 ne
2463 1114 2781 1191 peregre
2816 1088 3327 1192 proficiscitur.

865 1212 1014 1307 Qui
1052 1214 1382 1290 rationes
1419 1211 1680 1310 debet,
1741 1238 1984 1313 neque
2046 1213 2440 1291 facultates
2487 1241 2661 1291 suas
2698 1224 3125 1310 consecret,
3182 1240 3427 1315 neque

650 1339 963 1416 donaria
1017 1338 1318 1441 templis
1379 1337 1828 1441 suspendat,
1906 1364 2151 1440 neque
2213 1339 2651 1442 adoptetur,
2728 1365 2971 1443 neque
3029 1350 3427 1419 testamen-

652 1476 809 1541 tum
847 1464 1091 1541 faeiat.

862 1588 1310 1668 Rationibus
1367 1589 1767 1667 reddendis
1823 1590 2323 1667 obnoxiorum
2379 1592 2582 1667 bona
2626 1593 2705 1667 in
2744 1591 3020 1691 pignus
3059 1589 3419 1693 arripian-

653 1727 812 1807 tur,
852 1714 1090 1792 donec
1129 1715 1416 1790 civitati
1451 1715 1821 1792 rationem
1856 1714 2269 1791 retulerint.

867 2003 1077 2072 Καθ’
1119 1993 1451 2087 ἑκάστην
1489 2001 1956 2094 πρυτανείαν
1992 1997 2377 2097 ἐπερωτᾷν
2398 2053 2419 2085 ,
2478 2000 2552 2101 εἰ
2604 1993 2827 2072 δοκεῖ
2860 1995 3115 2083 καλῶς
3151 1988 3429 2093 ἄρχειν

653 2130 974 2209 ἕκαστος
997 2148 1012 2163 ·
1053 2120 1195 2197 τὸν
1229 2121 1302 2196 δ’
1341 2118 2145 2221 ἀποχειροτονηθέντα
2186 2126 2503 2219 κρίνειν.

1953 2358 2107 2433 188
2424 2250 2732 2344 (Pollux
2768 2249 2979 2340 VIII,
3018 2248 3207 2343 87.)

867 2482 1294 2559 Secundum
1348 2484 1680 2583 singulas
1736 2484 2128 2583 prytanias
2183 2484 2639 2583 inquiratur,
2698 2508 2883 2558 num
2917 2482 3194 2581 singuli
3232 2482 3427 2561 bene

652 2607 1170 2707 magistratum
1205 2632 1469 2703 gerere
1507 2607 1905 2685 videantur
1926 2666 1943 2701 ‚
1984 2619 2059 2683 et
2099 2607 2544 2709 reprobatus
2572 2606 2967 2707 judicetur.

1962 2767 2136 2841 189.

855 2888 1109 2969 ’Όταν
1163 2888 1931 2990 ἀποχειροτονηθῶσί
1984 2920 2183 2978 τινες
2235 2889 2395 2968 τῶν
2448 2899 2534 2968 ἐν
2580 2901 2749 2979 ταῖς
2794 2887 3067 2991 ἀρχαῖς
3088 2945 3109 2981 ,
3174 2916 3427 2988 παρα-

647 3019 908 3116 χρῆμα
951 3025 1372 3092 πέπαυνται
1411 3011 1778 3121 ἄρχοντες
1817 3023 1957 3092 καὶ
1992 3013 2177 3106 τούς
2214 3013 2637 3112 στεφάνους
2674 3013 3171 3116 περιῄρηνται.

1841 3146 2263 3241 (Demosth.
2305 3173 2363 3222 ο.
2406 3145 2789 3246 Aristogit.
2829 3147 2923 3224 ΙΙ.
2964 3145 3208 3237 802.)

1952 3309 2127 3383 189.

873 3434 954 3510 Si
991 3434 1262 3534 quibus
1303 3436 1705 3532 abrogatur
1741 3432 2223 3534 magistratus
2246 3491 2262 3522 ,
2322 3432 2373 3506 ii
2431 3431 2675 3507 statim
2728 3432 3119 3530 deponunt
3154 3455 3427 3506 munus

660 3573 734 3635 et
771 3585 1086 3636 coronas
1129 3559 1494 3635 amittunt.

1956 3667 2130 3740 190.

875 3790 1013 3880 Μὴ
1055 3783 1324 3888 ἄρχειν
1359 3785 1823 3868 ὑπεύθυνον
1862 3781 2055 3865 ὄντα
2096 3795 2341 3888 ἑτέρας
2378 3786 2627 3885 ἀρχῆς.

1958 3917 2382 4012 (Demosth.
2424 3941 2483 3991 e.
2524 3915 2924 3993 Timocrat.
2964 3913 3205 4007 747.)

1948 4081 2121 4154 190.

873 4209 987 4284 Ne
1025 4209 1190 4307 quis
1227 4208 1746 4307 magian-atum
1783 4205 2045 4298 obeat,
2096 4206 2223 4306 qui
2262 4206 2354 4280 de
2396 4205 2541 4282 alio
2580 4217 2797 4304 gesto
2832 4203 3269 4301 magistratu
3296 4230 3425 4290 ‚ra-

657 4335 895 4408 tiones
930 4357 1087 4409 non
1122 4333 1472 4409 retulerit.
1957 4439 2100 4512 191

872 4559 1094 4652 Μηδὲ
1137 4559 1248 4650 δὶς
1284 4556 1424 4652 τὴν
1460 4555 1706 4652 αὐτὴν
1744 4555 1997 4660 ἀρχὴν
2032 4557 2173 4635 τὸν
2226 4555 2472 4636 αὐτὸν
2525 4551 2773 4658 ἄνδρα
2793 4615 2812 4648 ,
2862 4555 3051 4658 μηδὲ
3094 4553 3239 4635 δύο
3278 4553 3421 4657 ἆρ-

646 4682 801 4783 χοὶς
841 4681 1062 4786 ἄρξαι
1101 4684 1239 4762 τὸν
1280 4683 1530 4762 αὐτὸν
1565 4695 1651 4766 ἐν
1691 4685 1803 4785 τῷ
1839 4681 2059 4786 αὐτῷ
2095 4685 2442 4784 ἐνιαυτῷ.

1962 4813 2381 4907 (Demosth.
2424 4841 2477 4888 0.
2519 4811 2921 4890 Timocrat.
2965 4817 3203 4907 747.)

1951 4956 2123 5032 191.

873 5085 1136 5186 Neque
1176 5084 1290 5162 bis
1341 5083 1660 5161 eundem
1710 5082 2230 5180 magistratum
2286 5079 2483 5156 idem
2540 5080 2687 5175 vir,
2748 5107 2987 5181 neque
3040 5081 3223 5158 duos
3262 5107 3418 5158 ma·

657 5211 1010 5306 gistratus
1045 5211 1244 5288 idem
1281 5219 1492 5307 gerat
1527 5209 1784 5288 eodem
1823 5233 2038 5284 anno.
