3725 5850
1089 452 1702 509 confflem-Amos
1743 453 1846 504 Ao
1888 449 1975 504 22.
2016 447 2104 507 23.
2146 449 2231 506 25.
2274 449 2366 504 28.
2672 490 2675 498 2
2959 419 3109 503 421

1541 673 1693 760 Ad
1749 675 1913 759 22.

554 851 762 926 Haec
801 849 1122 926 instituit
1157 839 1783 952 Antipatefanno
1833 846 1989 922 323
2028 871 2096 922 a.
2137 846 2273 923 Oh.

553 975 672 1052 Of.
711 973 1196 1053 Plutarchum
1233 973 1314 1050 in
1351 974 1508 1050 vita
1545 971 1944 1050 Phocionis
1986 972 2345 1067 27—29,
2404 971 2531 1046 ubi
2569 969 2923 1070 legimuS,
2974 995 3115 1070 per

340 1103 580 1200 legem
618 1099 994 1201 Antipatri
1037 1098 1298 1174 12000
1336 1099 1611 1177 civium
1635 1099 1762 1200 jus
1803 1097 2125 1174 civitatis
2178 1095 2608 1198 perdidisse.
2686 1083 2899 1172 Idem
2934 1093 3113 1185 dicit

340 1225 714 1303 Diodorus
753 1223 1077 1319 (XVIII,
1122 1224 1302 1318 18),
1359 1222 1492 1300 sed
1531 1221 1782 1299 addit:
1841 1224 2104 1300 ceteris
2127 1281 2145 1317 ,
2204 1222 2327 1324 qui
2367 1246 2667 1298 censum
2722 1218 3113 1319 definitum

340 1351 755 1446 habebant,
814 1375 1090 1427 novem
1125 1347 1450 1426 millibus
1487 1349 1818 1444 circiter,
1868 1350 1990 1450 jus
2032 1349 2237 1424 urbis
2290 1358 2365 1423 et
2400 1347 2725 1446 regionis
2764 1344 3103 1421 obtinen-

341 1477 477 1554 dae
513 1477 863 1556 traditum
901 1504 1100 1575 esse,
1159 1491 1232 1556 et
1284 1479 1420 1556 hos
1460 1475 1756 1556 Solonis
1813 1475 2167 1579 deinceps
2215 1475 2513 1578 legibus
2562 1473 3101 1576 rempublicam

341 1601 989 1684 administravisse.

1547 1705 1698 1792 Ad
1755 1707 1917 1790 23.

549 1873 707 1950 Lex
760 1873 912 1951 lata
966 1876 1105 1951 sub
1163 1873 1632 1969 CassandrO,
1691 1899 1891 1950 anno
1950 1871 2105 1947 319
2162 1900 2226 1950 a.
2269 1873 2405 1950 Ch.
2482 1872 2700 1949 Tunc
2760 1871 2960 1946 enim
3008 1869 3101 1945 de

341 2023 520 2099 pace
559 1999 755 2076 inter
790 2024 918 2078 eos
955 2011 1029 2077 et
1064 1999 1567 2078 Cassandrum
1605 1999 1711 2076 sie
1749 1997 2127 2090 convenit,
2186 2009 2266 2074 ut
2302 1999 2602 2092 urbem,
2644 2023 2947 2096 agrum,
2988 2020 3101 2070 re-

342 2123 564 2220 ditus,
601 2149 866 2220 naves,
907 2136 1296 2224 ceteraque
1337 2126 1587 2202 omnia
1623 2126 2030 2202 retinerent
2068 2121 2581 2218 Athenienses,
2621 2121 3105 2222 Munychiam

341 2276 512 2326 vero
572 2248 1031 2348 Cassander;
1099 2251 1520 2352 respublica
1574 2250 1872 2329 interim
1928 2249 2570 2328 administraretur
2626 2273 2769 2350 pro
2822 2246 3104 2328 ratione

341 2401 598 2454 census
633 2376 732 2455 ad
768 2376 1028 2456 decem
1064 2402 1298 2477 usque
1335 2378 1598 2456 minas.

1539 2587 1690 2674 Ad
1748 2586 1911 2672 25.

547 2753 939 2854 Lycurgus
995 2753 1378 2832 interdixit
1413 2753 1805 2857 Spartanis
1862 2778 2175 2855 peregre
2233 2752 2486 2846 abire,
2543 2776 2638 2828 ne
2691 2777 2936 2828 mores
2968 2777 3109 2854 pe<

341 2877 668 2976 regrinos
723 2878 1066 2980 vitaeque
1122 2877 1310 2956 male
1367 2879 1776 2957 institutam
1829 2879 2191 2957 rationem
2228 2877 2718 2955 addiscerent.
2796 2878 2899 2971 (P
2920 2877 2947 2954 l
2968 2890 3098 2955 ut-

339 3004 580 3080 arch.
637 3004 1132 3081 Instituta
1185 3004 1535 3083 Lacon.
1598 3006 1767 3099 19.)

543 3126 692 3204 Sed
727 3130 1097 3207 Isocrates
1155 3128 1337 3205 haec
1393 3130 1815 3231 restringit,
1880 3130 2137 3205 dicens
2195 3130 2298 3223 (Β
2318 3129 2624 3205 usiris
2667 3124 2735 3229 ξ.
2782 3130 2960 3223 18):
3016 3140 3101 3205 ut

337 3254 639 3332 militum
677 3280 900 3331 nemo
939 3254 1098 3331 sine
1137 3256 1356 3332 venia
1391 3257 1963 3357 magistratuum
2001 3279 2315 3357 peregre
2356 3252 2598 3331 abeat.

1527 3465 1680 3550 Ad
1734 3469 1896 3551 28.

543 3632 1037 3734 Harpocratio
1075 3660 1132 3710 s.
1170 3660 1239 3707 v.
1282 3627 1769 3729 Προστάτηςε
1827 3630 2137 3713 Athenis
2186 3626 2597 3730 προστάται
2638 3636 3099 3711 vocabantur

329 3757 858 3860 inquilinorum
897 3760 1216 3860 patroni.
1298 3758 1826 3858 Unusquisque
1885 3761 2081 3834 enim
2118 3758 2517 3859 inquilinus
2557 3758 2953 3835 tenebatur
2991 3758 3090 3834 ci-

329 3912 499 3962 vem
539 3883 914 3985 quendam
953 3883 1310 3984 adoptare
1349 3884 1492 3960 sibi
1530 3896 1952 3986 patronum.

541 4026 808 4105 Suidas
866 4053 921 4102 s.
962 4052 1031 4102 v.
1073 4030 1335 4122 νέμειν
1373 4021 1836 4123 προστάτηνε
1896 4028 2232 4122 Quilibet
2286 4028 2809 4129 inquilinorum
2865 4056 3091 4129 nego·

323 4159 430 4232 tia
464 4180 600 4232 sua
635 4178 773 4254 per
809 4162 1205 4254 patronum
1245 4152 1659 4252 quendam,
1702 4154 1824 4251 qui
1865 4162 2021 4228 erat
2059 4181 2247 4231 unus
2286 4179 2326 4230 e
2367 4154 2694 4250 civibuS,
2742 4150 3109 4257 expedie-'

324 4282 456 4357 bat
510 4290 586 4357 et
639 4276 1000 4355 tributum
1054 4275 1452 4378 pendebat.
1529 4277 1626 4353 Et
1662 4286 2062 4377 patronum
2098 4276 2372 4357 habere
2432 4280 2698 4357 dicitur
2756 4274 3088 4375 προστά-

319 4432 463 4495 την
509 4406 784 4500 νέμειν.

537 4545 902 4623 Romulus
960 4572 1256 4645 quoque
1316 4547 1696 4623 constituit
1759 4544 2066 4646 singulis
2121 4548 2446 4647 patriciis
2504 4573 2675 4624 suos
2740 4534 3083 4646 clientes,

302 4676 590 4780 jubens
629 4684 711 4748 ut
745 4672 1252 4771 unusquisque
1291 4697 1331 4748 e
1367 4671 1838 4750 multitudine
1900 4669 2218 4773 aliquem
2274 4672 2415 4750 sibi
2470 4673 2780 4773 eligeret
2834 4687 3080 4777 patro-

311 4828 521 4880 num.
579 4798 1172 4900 (Dionysius
1209 4798 1714 4876 Halicarn.
1753 4798 1881 4874 lib.
1920 4801 2015 4877 II.
2055 4800 2131 4875 in
2170 4800 2552 4892 Romule.)

537 4943 848 5024 Patroni
883 4947 985 5023 ita
1021 4972 1100 5023 se
1139 4948 1543 5048 parabant,
1599 4960 1680 5024 ut
1719 4946 1808 5023 de
1844 4948 2014 5048 jure
2052 4948 2631 5051 responderent,
2690 4960 2913 5049 atque
2949 4950 3079 5030 ad-

313 5073 567 5149 vocati
627 5070 970 5149 adessent
1018 5073 1098 5148 in
1146 5073 1427 5169 Judicio
1481 5074 1945 5173 litigantibus
2002 5075 2491 5177 omnibusque
2526 5077 2606 5153 in
2647 5076 2869 5153 rebus
2906 5102 3079 5154 con-

313 5200 485 5277 silio
526 5222 654 5277 eos
692 5208 770 5277 et
805 5196 1048 5277 studio
1083 5200 1463 5279 foverent:
1523 5200 1824 5278 clientes
1882 5201 2053 5279 illos
2090 5202 2417 5280 vicissim
2452 5228 2605 5278 non
2646 5202 3077 5281 honorando
