3725 5850
1399 444 1624 500 mffim
1659 441 1915 500 mum·
2856 425 3011 505 313

275 635 590 744 pelienda
625 665 934 720 suorum
979 640 1346 718 cadavera
1406 649 1712 742 petunt,
1769 641 1820 716 ii
1857 639 2241 718 victoriam
2278 640 2575 719 diffiteri
2618 639 3010 720 videantur

276 778 337 842 et
366 777 754 868 tropaeum
789 792 915 846 eos
954 779 1278 846 statuere
1315 767 1526 845 nefas
1562 762 1945 844 habeatur.

1528 929 1754 1007 1230.

441 1046 693 1128 ’Ὀταν
749 1049 1296 1152 πολεμούντων
1351 1047 1564 1138 πόλις
1622 1042 1832 1150 ἆλῷ,
1891 1049 2046 1127 τῶν
2104 1047 2434 1126 ἑλόντων
2490 1049 2687 1126 εἶναι
2733 1057 2871 1126 καὶ
2910 1050 3003 1126 τοὶ

275 1174 558 1275 σώματα
593 1175 751 1254 τῶν
787 1185 872 1254 ἐν
907 1176 1001 1274 τῇ
1037 1175 1248 1252 πόλει
1286 1181 1422 1251 καὶ
1461 1173 1555 1251 τὰ
1585 1174 1965 1274 χρήματα.

1464 1305 1940 1407 (Xenophon
1978 1303 2253 1405 Cyrop.
2296 1305 2466 1400 VII,
2513 1309 2581 1400 5,
2625 1306 2790 1398 73.)

1509 1470 1544 1542 1
1559 1469 1735 1545 230.

459 1593 701 1695 Capta
755 1619 1010 1670 eorum
1070 1593 1256 1670 urbe
1279 1653 1298 1691 ,
1368 1595 1494 1695 qui
1548 1595 1828 1670 bellum
1885 1595 2047 1670 aliis
2103 1593 2421 1688 faciunt,
2480 1603 2628 1666 tam
2686 1617 3003 1694 corpora

271 1719 531 1794 illorum
556 1776 574 1813 ,
633 1719 985 1818 quisunt
1039 1718 1119 1794 in
1171 1719 1352 1794 urbe
1377 1778 1394 1813 ,
1455 1743 1675 1817 quam
1732 1719 2074 1796 fortunae
2130 1719 2207 1794 in
2258 1745 2509 1794 eorum
2560 1729 3003 1818 potestatem

271 1843 592 1940 veniunt,
653 1842 779 1943 qui
819 1845 1081 1921 urbem
1121 1845 1442 1946 capiunt.

1523 1967 1751 2044 1231.

465 2087 572 2165 Tri
631 2097 1166 2192 παραιρεῖσθαι
1223 2088 1380 2167 τῶν
1436 2093 1824 2190 πολεμίων
1878 2095 2020 2166 καὶ
2075 2092 2639 2189 καταφθείρειν
2684 2087 2999 2190 φούρια,

270 2220 586 2314 λιμένας,
645 2215 941 2307 πόλεις,
1003 2210 1330 2317 ἄνδρας,
1393 2217 1626 2306 ναῦς,
1669 2213 2059 2316 καρπούς,
2102 2209 2341 2291 τᾶλλα
2379 2211 2471 2290 τὰ
2510 2209 2811 2302 τούτοις
2849 2245 2999 2290 πα-

271 2339 656 2441 ραπλήσια,
717 2341 814 2416 δι’
871 2332 980 2417 ὦν
1033 2341 1214 2429 τούς
1260 2345 1412 2441 μὲν
1485 2334 1998 2430 ὑπεναντίους
2070 2337 2655 2443 ἀσθενεστέρους
2730 2335 2834 2418 ἄν
2888 2373 2999 2430 τις

270 2467 546 2558 ποιήσαι
571 2527 590 2558 ,
655 2465 748 2541 τά
790 2466 866 2543 δὲ
907 2475 1224 2568 σφέτερα
1262 2467 1668 2573 πράγματα
1707 2474 1844 2543 καὶ
1883 2466 2015 2555 τὰς
2075 2466 2434 2566 ἐπιβολάς
2474 2466 2999 2567 δυναμικωτέ-

270 2616 412 2689 ρας·
465 2593 704 2668 ταῦτα
745 2589 1325 2698 ἀναγκάζουσιν
1365 2598 1437 2670 οὶ
1491 2592 1633 2670 τοῦ
1698 2599 2035 2694 πολέμου
2092 2590 2318 2691 νόμοι
2373 2597 2510 2669 καὶ
2569 2590 2661 2669 τὰ
2718 2592 3001 2669 τούτου

270 2714 511 2793 δίκαια
551 2716 762 2818 δρᾶν.
1675 2827 1710 2902 1
2019 2721 2334 2822 (Polyb.
2374 2721 2466 2819 V,
2511 2721 2633 2820 11,
2676 2723 2786 2814 3.)

1515 2830 1665 2906 123
1725 2889 1741 2906 .

453 2956 904 3035 Munitiones
939 2956 1296 3053 hostium,
1352 2968 1658 3060 portus,
1718 2960 1977 3054 urbeS,
2037 2958 2276 3053 virOS,
2338 2982 2608 3053 naveS,
2668 2958 2995 3053 fruetuS,

269 3093 328 3157 et
356 3081 490 3158 hoc
523 3108 761 3179 genus
802 3084 982 3173 alia,
1042 3109 1404 3185 occupare
1461 3095 1590 3159 aut
1643 3083 1996 3185 perdere,
2054 3092 2135 3157 ut
2192 3108 2282 3159 eo
2339 3094 2559 3184 pacto
2598 3108 2715 3159 res
2752 3083 2993 3159 inimi-

267 3232 494 3284 corum
544 3220 995 3306 atterantur,
1072 3211 1420 3312 propriae
1479 3222 1726 3287 autem
1802 3211 2355 3309 adaugeantur,
2438 3223 2511 3287 et
2564 3212 2657 3287 ad
2715 3212 2995 3288 exitum

267 3335 541 3410 consilia
575 3335 864 3412 facilius
903 3336 1445 3437 perducantur3
1500 3337 1594 3411 ad
1652 3336 1836 3413 haec
1874 3336 2217 3413 facienda
2251 3338 2457 3436 leges
2498 3347 2572 3412 et
2596 3337 2772 3435 jura
2810 3336 2991 3412 belli

211 3518 216 3525 .
267 3472 530 3558 cogunt.

1499 3568 1722 3645 1232.

449 3690 712 3768 Πᾶσιν
767 3690 962 3768 εἶναι
1021 3691 1548 3785 καθεστηκὸς,
1627 3686 1891 3781 ἰόντας
1948 3699 2070 3771 ἐπὶ
2122 3690 2261 3785 τήν
2316 3689 2703 3784 ἀλλήλων,
2767 3692 2991 3794 ἱερῶν

265 3813 398 3890 τῶν
429 3815 765 3893 ἐνόντων
801 3813 1245 3913 ἀπέχεσθαι.
1505 3928 1709 4004 1232
2019 3821 2396 3922 (Thucyd.
2436 3821 2569 3917 IV,
2612 3820 2778 3913 97.)

445 4050 794 4131 Omnium
843 4066 1000 4131 esto
1063 4055 1527 4151 institutum,
1605 4064 1688 4130 ut
1742 4056 1938 4131 inter
1993 4081 2071 4131 se
2130 4078 2389 4153 agrum
2445 4053 2889 4130 invadentes
2945 4081 2991 4131 a

263 4178 559 4278 templis,
621 4206 811 4281 quae
849 4181 928 4256 in
967 4208 1057 4257 eo
1096 4193 1308 4278 sunt,
1369 4181 1817 4257 abstineant.

1499 4341 1724 4417 1233.

448 4459 604 4539 Τόν
663 4459 741 4538 δὲ
800 4458 1044 4563 νόμον
1099 4473 1255 4551 τοῖς
1294 4457 1659 4556 ’Ἐλλησιν
1715 4460 1957 4553 εἶναι,
2016 4452 2128 4539 ὦν
2184 4457 2285 4538 ἂν
2320 4455 2371 4561 ᾗ
2407 4460 2495 4538 τό
2536 4460 2815 4563 κράτος
2851 4461 2980 4555 τῆς

265 4579 378 4686 γῆς
409 4586 714 4680 ἑκάστης
755 4580 850 4680 ἤν
884 4618 964 4662 τε
1003 4593 1318 4674 πλέονος
1359 4582 1456 4680 ἤν
1493 4620 1571 4665 τε
1604 4592 2079 4690 βραχυτέρας
2102 4647 2121 4679 ,
2179 4586 2478 4665 τούτων
2512 4594 2651 4663 καὶ
2688 4585 2782 4661 τὰ
2822 4584 2981 4687 ἱεροὶ

267 4712 391 4786 αιέἱ
422 4718 868 4819 γίγνεσθαι,
926 4712 1232 4815 τρόποις
1293 4713 1867 4815 θεραπευόμενα
1914 4711 2026 4801 οἷς
2083 4710 2185 4790 ἂν
2241 4712 2423 4815 πρὸς
2471 4725 2628 4801 τοῖς
2666 4713 2982 4790 εἰωθόσι

265 4841 377 4910 καὶ
411 4836 807 4918 δύνωνται.
2015 4842 2391 4944 (Thucyd.
2432 4842 2562 4939 IV,
2604 4844 2769 4936 98.)

1483 4950 1706 5028 1233.
2644 4956 2647 4959 ⁴

446 5071 618 5152 Esto
669 5087 912 5152 autem
953 5074 1414 5157 Graecorum
1467 5078 1921 5173 institutum,
1979 5088 2061 5153 ut
2096 5102 2326 5178 penes
2366 5104 2549 5179 quos
2585 5078 2807 5154 fuerit
2841 5078 2974 5152 im-

267 5193 518 5291 perium
549 5202 900 5302 cujusque
941 5205 1298 5303 regionis,
1359 5205 1512 5281 sive
1571 5231 1889 5304 magnae
1948 5206 2104 5281 sive
2160 5231 2477 5306 parvae,
2536 5230 2769 5305 penes
2818 5228 2973 5277 eos-
