3725 5850
768 469 1100 520 Rssnrrus
1139 469 1182 518 Ε
1219 467 1556 520 sumens.
1596 483 1666 501 --
1701 468 2099 523 socIORUM
2136 473 2499 525 TRIBUTA.
2865 447 3021 524 227

1542 661 1644 732 89
1703 718 1718 735 .

477 761 632 856 Τὴν
670 760 958 842 οὐσίαν
993 765 1196 844 εἶναι
1233 765 1608 865 δημοσίαν
1629 662 1794 855 ,Θὸς
1849 761 1955 848 ἂν
1990 765 2555 871 ἐγγυησάμενός
2590 799 2665 846 τι
2702 770 2859 846 τῶν
2892 769 3021 862 τῆς

277 891 533 978 πόλεως
560 886 668 989 μὴ
711 887 1062 992 ἀποδιδῷ
1097 891 1241 984 τὴν
1279 890 1586 998 ἐγγύην.

1412 1003 1837 1098 (Demosth.
1880 1004 2051 1080 adv.
2092 1005 2491 1083 Nicostrat.
2539 1007 2807 1098 1255.)
2913 1034 2919 1042 ·

1543 1147 1722 1224 898.

468 1255 643 1355 Ejus
683 1280 866 1356 opes
905 1256 1416 1359 publicentur,
1466 1255 1590 1358 qui
1629 1256 2028 1361 sponsione
2070 1258 2270 1336 facta
2305 1283 2442 1362 pro
2480 1283 2560 1337 re
2600 1257 2847 1362 aliqua
2882 1283 3017 1362 pu·

277 1379 492 1474 blica,
529 1405 696 1455 eam
734 1407 886 1456 non
925 1382 1245 1458 solverit.
1544 1489 1700 1563 899

465 1589 1225 1670 Καταδικασθέντων
1279 1590 1515 1670 τινῶν
1571 1591 2165 1693 δημοσιεύεσθαι
2222 1593 2361 1682 τοὶς
2410 1591 2725 1686 οὐσίας,
2782 1600 2858 1672 εἰ
2892 1599 3017 1670 λέ-

270 1722 464 1820 γοιὲν
495 1745 734 1809 τινες,
793 1711 896 1806 ὦς
934 1718 1201 1810 εἴησαν
1257 1717 1647 1796 δανεισταὶ
1708 1719 1869 1793 τῶν
1926 1718 2507 1820 δημευομένων,
2565 1719 3017 1828 ἀπογράφει-ε

271 1849 446 1918 σθαι
475 1840 842 1935 τούτους,
901 1840 1082 1922 πότε
1119 1849 1256 1920 καὶ
1297 1847 1547 1921 πόσον
1584 1841 1985 1921 ἑδάνεισαν
2024 1841 2440 1950 ἀργύριον·
2499 1841 2683 1946 ὅπερ
2721 1852 3018 1952 λέγεται

269 1971 952 2069 ἐνεπίσκημμα
1009 1975 1183 2045 καὶ
1239 1967 2187 2070 ἐνεπισκήψασθαι·
2244 1975 2319 2046 εἰ
2354 1978 2623 2070 μέντοι
2662 1999 2749 2076 γε
2790 2001 3016 2072 παρι-

271 2092 519 2170 στᾶσιν
577 2093 948 2199 ἐγγυητάς
1004 2095 1152 2172 τοῦ
1196 2095 1303 2201 μή
1362 2091 1466 2172 ἂν
1504 2093 2079 2198 διαψεύσασθαι
2120 2101 2285 2195 περὶ
2324 2095 2475 2170 τοῦ
2510 2094 3015 2197 δανείσματος

269 2221 332 2293 οὶ
369 2217 845 2310 δανείσαντες
865 2279 887 2310 ,
943 2219 1181 2297 τοῦτο
1235 2229 1273 2297 ἐ·
1293 2250 1340 2325 y
1359 2249 1409 2326 y
1427 2220 1477 2299 ύ
1506 2254 1545 2314 η
1567 2254 1601 2310 ς
1656 2253 1711 2296 κ
1732 2251 1780 2297 α
1802 2254 1844 2296 τ
1866 2252 1914 2298 α
1933 2225 1993 2322 β
2011 2253 2054 2298 ο
2076 2228 2118 2297 λ
2144 2219 2183 2313 ἡ
2245 2225 2538 2325 asyma:
2562 2248 2579 2264 ·
2637 2226 2874 2318 ἔξεστι
2932 2222 3009 2300 δὲ

267 2341 347 2439 τῇ
383 2349 700 2448 γυναικὶ
757 2345 1062 2446 πρῶτον
1112 2343 1256 2439 τὴν
1311 2342 1819 2446 ὀφειλομένην
1868 2359 2153 2448 προῖκα
2195 2355 2485 2440 ζητεῖν,
2544 2354 2681 2424 καὶ
2720 2350 2829 2454 τῷ
2869 2347 3014 2426 δα·-

268 2469 500 2568 νειστῇ
540 2468 630 2546 τὸ
671 2465 1004 2572 ὄφλημα.
2096 2475 2462 2580 (Etymol.
2504 2475 2801 2577 Magn.)

461 2693 653 2770 Cum
688 2694 889 2770 bona
925 2689 1417 2792 quorumdam
1454 2584 1971 2792 prffiiibantur,
2030 2693 2082 2768 ii
2138 2697 2267 2796 qui
2304 2696 2627 2772 dixerint
2661 2719 2741 2770 se
2782 2720 3009 2795 pecu·

267 2820 444 2894 niam
479 2817 662 2919 ipsis
701 2816 1136 2911 credidisse,
1193 2817 1275 2892 in
1313 2817 1585 2892 tabulis
1633 2819 2145 2918 perscribant,
2180 2819 2507 2920 -quando
2544 2830 2619 2896 et
2654 2832 3013 2920 quantam

263 2946 606 3044 pecuniae
645 2968 1011 3019 summam
1047 2942 1136 3016 iis
1176 2943 1670 3036 crediderint,
1712 2944 1909 3043 quod
1948 2955 2259 3021 vocatur
2313 2946 2877 3021 vindicatio
2934 2956 3011 3021 et

265 3070 789 3147 vindicare.
865 3067 1088 3160 Quod
1146 3068 1206 3143 si
1263 3066 1668 3145 creditores
1724 3069 2211 3169 sponsoribus
2262 3069 2453 3145 datis
2494 3072 2867 3165 caverint,
2930 3098 3007 3147 se

266 3193 344 3268 de
377 3194 694 3295 pecunia
731 3192 1012 3269 credita
1061 3218 1214 3268 non
1270 3191 1606 3287 mentiri,
1665 3192 1742 3267 id
1798 3191 2515 3295 fideJussionis
2570 3207 3007 3297 praesta-

263 3319 382 3393 tio
435 3330 766 3394 vocatur.
844 3318 1054 3393 Licet
1110 3330 1360 3393 autem
1414 3317 1624 3394 uxori
1681 3316 2004 3421 primum
2042 3318 2371 3396 debitam
2409 3319 2552 3396 sibi
2592 3318 2842 3397 dotem
2881 3345 3007 3423 pe-

263 3454 441 3539 tere,
506 3456 582 3519 et
619 3443 965 3519 creditori
1005 3442 1355 3518 debitum.
1543 3551 1700 3626 900

445 3652 1024 3761 Ἐγγράφονται
1083 3651 1354 3742 πάντες
1411 3656 1486 3731 οἱ
1543 3652 2188 3751 ὀφλισκάνοντες·
2250 3654 2427 3757 ὅρος
2472 3656 2568 3748 δ’,
2630 3650 3005 3749 ἦσανὶςῆ

264 3778 444 3879 παρὰ
485 3781 581 3879 τῇ
619 3784 782 3882 θεῷ
819 3788 1146 3881 κειμένη.
1482 3786 1907 3878 (Demosth.
1948 3813 2009 3861 ο.
2050 3786 2428 3885 Aristogit.
2469 3790 2527 3864 Ι.
2570 3788 2791 3880 791.)

453 4038 974 4115 Inscribantur
1026 4062 1320 4129 omnes,
1379 4036 1506 4138 qui
1535 3930 2016 4138 ἶὲξέυῌίοᾶθ
2076 4038 2391 4135 debent;
2447 4036 2703 4115 titulus
2758 4049 3005 4115 autem

265 4172 362 4235 est
393 4190 598 4241 asser
620 4164 840 4267 juxta
875 4163 1094 4240 deam
1129 4163 1333 4241 situs.

1441 4336 1668 4428 Μέρος
1714 4343 1801 4415 ς’.

1335 4468 1398 4531 Φ
1487 4458 1524 4531 ὀ
1618 4488 1658 4552 ρ
1748 4488 1785 4530 ο
1876 4490 1918 4530 ι.

1516 4612 1730 4627 uuuuuuuuuuuuu

1461 4699 1785 4766 Parsss.

1091 4827 1632 4893 Sociorum
1707 4825 2149 4893 tributa.

1538 4973 1715 5049 901.

457 5081 588 5167 Εἰς
624 5076 718 5152 τοὶ
760 5082 1133 5157 Διονύσια
1183 5074 1577 5171 Ἀθήναζε
1614 5084 1976 5177 κομίζειν
2009 5076 2145 5167 τὰς
2185 5077 2435 5167 πόλεις
2472 5076 2653 5165 τούς
2691 5076 2999 5177 φόρους.

1243 5204 1532 5307 (Schol.
1571 5208 1651 5283 in
1689 5206 2169 5313 Aristophan.
2208 5206 2529 5287 Achai-n.
2570 5206 2787 5301 504.)

2446 5328 2578 5399 15*
