3725 5850
666 411 821 496 594
1162 433 1775 499 consummamus
1820 434 1923 486 An
1969 426 2123 484 1293.
2169 425 2326 482 129⁴.
2377 426 2536 484 1295.
2581 425 2735 484 1296.
2781 429 2939 484 1301.

664 625 953 726 pietatis
1012 650 1172 701 esse
1233 625 1472 700 sinam
1530 635 1605 700 et
1664 621 2149 721 1·elinqu.am.“
2231 622 2668 716 (Diodor.
2733 620 3029 697 Sicul.
3088 621 3219 715 XI,
3278 622 3439 714 29.)

666 750 1025 854 Loquitur
1060 749 1153 826 de
1193 749 1393 828 bello
1435 737 1612 825 anni
1653 749 1871 823 4774
1913 775 1976 823 a.
2024 746 2158 822 Ch.
2221 746 2536 822 ducibus
2580 746 2903 822 Aristide
2946 757 3017 821 et
3057 746 3442 826 Pausania.

1826 957 1978 1041 Ad
2019 959 2304 1041 1203.

877 1129 1282 1206 Decretum
1320 1126 1460 1202 hoc
1500 1127 1729 1202 latum
1768 1125 1910 1205 fuit
1943 1151 2144 1208 anno
2187 1125 2362 1201 4²5.
2408 1151 2469 1200 a.
2511 1124 2646 1200 oh.

877 1253 1413 1353 Thucydid.
1452 1254 1509 1344 Ι,
1554 1253 1693 1327 96:
1756 1250 2242 1328 Athenienses
2283 1253 2500 1327 sociis
2539 1250 2962 1326 volentibus
3004 1258 3442 1342 statuerunt,

662 1404 707 1454 a
744 1379 1010 1476 quibus
1050 1378 1359 1454 urbibus
1412 1378 1800 1479 pecunias,
1863 1391 1938 1451 et
1975 1405 2018 1452 a
2058 1377 2326 1475 quibus
2365 1401 2597 1450 naves
2640 1375 3000 1452 adversus
3041 1375 3443 1452 barbarum

661 1503 1005 1605 praeberi
1046 1509 1440 1606 o’porteret.
1511 1503 1606 1577 Et
1646 1515 1821 1578 tunc
1861 1502 2182 1604 primum
2222 1499 2422 1602 apud
2467 1501 2958 1579 Athenienses
2999 1500 3446 1576 constitutus

662 1641 774 1704 est
810 1630 1281 1728 magistratus
1321 1627 1816 1722 Quaestorum
1858 1625 2222 1703 Graeciae
2265 1615 2990 1722 (“Ελληνοταμιάι),
3047 1626 3173 1726 qui
3209 1625 3441 1700 tribu-

660 1763 813 1829 tum
852 1754 1331 1857 recipiebant.
1410 1754 1737 1829 Primum
1796 1763 2046 1832 autem
2105 1753 2464 1830 tributum
2521 1764 2678 1827 erat
2717 1751 3442 1852 quadringentorum

659 1891 734 1955 et
770 1880 1159 1981 sexaginta
1213 1880 1682 1955 talentorum.
1761 1881 2040 1954 Eorum
2097 1904 2275 1957 vero
2319 1880 2686 1956 aerarium
2725 1877 2865 1953 fuit
2917 1877 3193 1972 Delos,
3257 1887 3333 1951 et
3370 1877 3443 1950 in

662 2006 823 2105 ejus
860 2005 1144 2107 templo
1184 2015 1601 2080 conventus
1642 2005 1938 2080 fiebant.

1800 2213 1952 2296 Ad
1998 2215 2283 2296 1204.

878 2380 1096 2460 Anno
1135 2381 1287 2457 377
1329 2407 1391 2454 a.
1436 2379 1595 2475 Oh„
1657 2405 1886 2480 quum
1928 2381 2023 2455 ob
2077 2381 2464 2456 molestam
2507 2379 3274 2456 Lacedaemoniorum
3313 2378 3442 2454 do-

662 2505 1180 2601 minationem,
1222 2505 1471 2608 plures
1512 2529 1765 2580 eorum
1803 2505 1983 2579 socii
2025 2504 2119 2580 ad
2161 2503 2653 2582 Athenienses
2695 2532 2772 2580 se
2814 2505 3304 2606 applicarunt.

1797 2714 1950 2797 Ad
2007 2716 2293 2797 1205.

873 2885 986 2963 Ita
1022 2894 1532 2961 convenerunt
1568 2883 1749 2959 socii
1792 2892 2033 2960 aetate
2073 2881 2454 2959 Nausinici
2495 2881 2911 2975 archontis‚
2951 2881 3220 2984 olymp.
3265 2881 3440 2974 100,

661 3008 977 3084 3==378
1016 3037 1080 3086 a.
1121 3008 1257 3086 Ch.

872 3134 1401 3237 Inscriptiones
1460 3134 1594 3209 has
1654 3132 2050 3209 ediderunt
2107 3132 2246 3207 viri
2307 3128 2668 3212 Graeciae
2727 3133 3175 3209 doctissimi:
3238 3132 3324 3209 O.
3369 3130 3440 3208 S.

662 3260 1031 3353 Pittace8‚
1088 3260 1181 3335 D.
1223 3258 1671 3353 Charmae-s,
1732 3258 1812 3333 P.
1857 3256 2382 3333 Eustratiades.

872 3403 1179 3480 Diodor.
1238 3402 1461 3479 Sicul.
1520 3402 1685 3495 XV,
1748 3404 1890 3477 29:
1951 3402 2022 3471 οἱ
2073 3393 2490 3490 Ἀθηναῖοι
2554 3459 2569 3476 .
2614 3460 2626 3473 .
2673 3460 2685 3474 .
2733 3458 2746 3477 .
2801 3397 3050 3499 νόμον
3107 3402 3440 3489 ἔθεντο,

650 3524 943 3627 μηδένα
978 3524 1133 3601 τῶν
1180 3522 1635 3615 Ἀθηναίων
1673 3534 2038 3629 γεωργεῖν
2073 3522 2296 3610 ἐκτὸς
2338 3524 2467 3615 τῆς
2516 3520 2901 3615 Ἀττικῆς.
2981 3528 3434 3620 (Athenien-

548 3656 556 3666 ’
660 3680 777 3733 ses
815 3656 1063 3752 legem
1101 3655 1467 3747 tulerunt,
1512 3664 1593 3729 ut
1634 3652 2193 3729 Atheniensium
2231 3678 2451 3731 nemo
2493 3666 2702 3729 extra
2743 3652 3070 3730 Atticam
3105 3657 3270 3755 agri
3314 3680 3438 3729 eo-

660 3780 859 3861 lendi
881 3782 1011 3883 jus
1052 3779 1429 3875 haberet.)
1816 3878 1969 3964 Ad
2009 3866 2266 3965 1²⁹0

872 4046 1305 4125 Jurisdictio
1344 4059 1591 4125 tamen
1634 4048 1815 4124 haec
1854 4047 2315 4122 solummodo
2351 4048 2442 4123 de
2467 4050 2701 4124 causis
2739 4049 3034 4148 majoris
3071 4052 3436 4123 momenti

660 4184 772 4249 est
808 4173 1316 4289 intelligenda.
1375 4171 1488 4249 Cf.
1530 4173 1657 4249 Bo
1683 4200 1721 4249 e
1745 4173 2014 4249 ckhii
2053 4170 2330 4250 Oecon.
2371 4174 2576 4273 publ.
2619 4172 2784 4250 Ath.
2829 4171 3121 4250 Tom.I.
3155 4198 3222 4272 p.
3253 4174 3434 4249 531.

1813 4385 1966 4469 Ad
2012 4388 2278 4469 1301.

874 4550 1037 4634 Hoc
1078 4553 1357 4631 factum
1396 4562 1507 4629 est
1546 4577 1585 4629 e
1622 4554 2270 4631 senatusconsulto
2311 4554 2862 4641 Romanorum,
2920 4575 3122 4627 anno
3167 4550 3324 4625 196
3365 4578 3432 4628 a.

660 4675 794 4755 Ch.
836 4690 1007 4779 post
1044 4676 1417 4755 devictum
1457 4675 1912 4778 Philippum.

872 4802 1282 4881 Flaminius.
1337 4804 1799 4882 Graecorum
1857 4818 2230 4883 conventu
2285 4805 2526 4881 edicto
2591 4806 2878 4884 orditur
2915 4832 2961 4883 a
3018 4806 3432 4899 beneficiis,

657 4956 847 5030 quae
904 4928 1221 5007 Romani
1279 4931 1351 5005 in
1394 4928 1727 5007 Graecos
1785 4933 2306 5027 contulissent,
2369 4944 2443 5007 et
2499 4930 2886 5031 subjungit
2921 4930 3432 5009 Romanorum

656 5056 1016 5158 populum
1056 5082 1313 5137 omnes
1354 5054 1749 5133 Graeciam
1788 5056 2200 5134 incolentes
2255 5056 2573 5152 liberos,
2631 5057 2790 5135 sine
2830 5057 3200 5158 praesidio
3239 5083 3436 5151 esse,

654 5195 769 5276 et,
822 5182 1021 5281 quod
1056 5182 1583 5283 praecipuum,
1644 5184 1795 5262 suis
1849 5184 2184 5284 ipsorum
2240 5182 2532 5281 legibus
2567 5183 2732 5281 regi
2755 5182 3045 5285 Jubere.
3123 5184 3270 5261 Pro
3311 5184 3428 5259 his
