3725 5850
710 483 863 563 484
1546 502 2168 559 COMMENTARIUS
2207 504 2308 556 An
2348 504 2472 561 534.
2515 504 2640 559 545.

708 728 1019 803 quorum
1056 700 1356 778 nomina
1411 701 1488 775 in
1542 699 1836 777 tabulas
1893 697 2443 796 referebantur,
2501 700 2679 776 olim
2717 700 2792 775 in
2833 699 3022 776 albis
3063 698 3334 778 tabulis
3373 698 3482 777 in·

709 829 1262 921 scribebantur,
1322 827 1429 901 sic
1485 838 1566 901 ut
1622 823 2220 900 adscriberentur
2275 840 2350 900 et
2396 825 2720 921 archon,
2779 825 2916 900 sub
2956 851 3104 924 quo
3143 828 3486 927 inscripti

706 953 1060 1048 fuissent,
1122 968 1195 1029 et
1236 950 1670 1053 Eponymus
1711 950 1970 1026 tribus·
2049 950 2267 1027 Nunc
2315 979 2494 1028 vero
2534 952 2610 1027 in
2651 964 2918 1026 senatu
2956 951 3487 1027 inscribuntur.

710 1076 1040 1154 Utuntur
1080 1092 1326 1155 autem
1371 1078 1786 1180 Eponymis
1846 1074 2065 1152 etiam
2123 1075 2218 1150 ad
2256 1076 2633 1171 militiam,
2696 1090 2770 1151 et
2808 1101 2978 1151 cum
3004 1077 3490 1176 juventutem

707 1203 802 1280 ad
841 1203 1116 1279 bellum
1156 1202 1573 1298 dimittunt,
1637 1200 1940 1279 edicunt
2003 1228 2046 1275 a
2102 1228 2420 1302 quonam
2479 1202 2652 1279 inde
2713 1203 3066 1280 archonte
3108 1228 3488 1304 eponymo

706 1326 801 1404 ad
840 1352 1057 1429 quem
1101 1356 1333 1430 usque
1374 1330 1843 1405 militandum
1883 1327 1996 1403 sit.

1882 1537 2034 1622 Ad
2074 1538 2302 1621 534.

916 1702 1216 1782 Bekker
1272 1703 1552 1784 Anecd.
1612 1732 1722 1803 gr.
1778 1706 1834 1781 I.
1896 1734 1964 1807 p.
2024 1707 2229 1780 245:
2297 1698 2740 1800 Ἐπώνυμοι
2802 1696 3168 1799 ἄρχοντες
3226 1698 3479 1775 δισσοί

707 1826 943 1915 εἰσιν,
1025 1828 1095 1902 οἱ
1151 1828 1304 1925 μὲν
1374 1822 2100 1926 τεσσαρακονταδύο
2157 1825 2313 1902 τῶν
2375 1818 2742 1917 ἡλικιῶν,
2823 1830 2891 1901 οἶ
2956 1824 3031 1901 δὲ
3094 1823 3278 1902 δέκα
3336 1822 3479 1901 τὸν

704 1943 1092 2050 ἀριθμὸν,
1150 1948 1288 2047 ἀφ’
1329 1940 1440 2027 ὧν
1478 1954 1551 2026 αἱ
1594 1956 1835 2045 φυλαὶ
1889 1949 2639 2055 προσηγορεύθησαν.
2719 1954 3122 2057 (Eponymi
3161 1954 3480 2029 archon·

700 2088 813 2154 tes
853 2078 1167 2181 duplicis
1207 2091 1381 2158 sunt
1417 2080 1755 2179 generis3
1814 2079 1940 2155 alii
1981 2080 2476 2179 quadraginta
2514 2080 2663 2157 duo
2703 2107 2840 2182 pro
2880 2076 3294 2175 aetatibus3
3355 2078 3480 2153 alii

706 2203 1003 2299 decem,
1045 2230 1091 2280 a
1129 2205 1398 2304 quibus
1436 2231 1718 2281 nomen
1757 2204 1995 2280 tribus
2033 2208 2552 2307 acceperunt.)

914 2329 1153 2430 Igitur
1189 2330 1329 2405 sub
1366 2328 1876 2429 ⁴quadraginta
1924 2327 2212 2405 duobus
2268 2330 2787 2427 intelliguntur
2843 2328 3240 2404 archontes
3299 2355 3475 2431 epo·

699 2453 904 2554 nymi
944 2479 1349 2549 annorum,
1412 2453 1681 2552 quibus
1740 2454 1861 2553 qui
1919 2478 2126 2528 arma
2181 2454 2374 2531 ferre
2419 2453 2726 2531 Athenis
2768 2452 3126 2528 deberent
3163 2454 3319 2528 nat-i
3361 2479 3472 2527 es-

699 2591 886 2655 sent.
966 2578 1439 2681 (Sauppet
1506 2580 1622 2654 De
1682 2579 1919 2654 demis
1977 2580 2283 2655 urbanis
2344 2579 2827 2659 Athenarum.
2887 2578 3182 2676 Lipsiae
3247 2578 3480 2656 1846.

698 2728 772 2807 P'
812 2705 980 2799 Μ’)
1878 2804 2030 2890 An
2071 2807 2302 2890 545.

912 2972 1185 3053 Seriori
1224 2987 1467 3053 aetate
1508 2975 1759 3076 utique
1799 2973 1944 3052 hoc
1982 2976 2262 3053 factum
2302 2974 2565 3069 fuisse,
2623 2975 2701 3050 in
2739 2987 2999 3076 aperto
3040 2985 3172 3050 est.

915 3097 1137 3202 Apud
1175 3100 1851 3196 LacedaemoniOS,
1912 3103 1971 3177 si
2012 3102 2174 3200 quis
2213 3113 2360 3177 tres
2401 3100 2594 3177 filios
2630 3101 3089 3203 procreavit,
3151 3100 3478 3176 vacatio-

696 3249 873 3302 nem
912 3225 1171 3302 habuit
1208 3227 1557 3323 militiae3
1612 3227 1673 3302 si
1712 3239 2103 3328 quattuor,
2165 3226 2259 3301 ab
2303 3225 2642 3304 omnibus
2682 3225 2999 3328 publicis
3039 3226 3476 3302 muneribus

694 3350 1046 3427 immunis
1084 3351 1346 3429 fuerat.
1408 3351 1515 3447 (A
1540 3356 1671 3428 ris
1694 3353 1968 3427 totel.
2012 3351 2226 3427 Polit.
2265 3352 2363 3445 II,
2407 3353 2477 3446 6,
2520 3353 2686 3445 13.)

916 3474 1063 3554 Sed
1100 3476 1502 3554 secundum
1535 3476 1922 3554 Aelianum
1964 3475 2072 3570 (V
2098 3503 2217 3552 ar.
2257 3475 2302 3552 h
2328 3478 2477 3552 is‘t.
2520 3476 2646 3571 VI,
2674 3478 2743 3564 6,
2770 3477 2857 3568 1)
2895 3474 3014 3554 lex
3052 3489 3208 3553 crat
3244 3475 3474 3578 Spar-

696 3601 930 3696 tanis,
991 3611 1073 3677 ut
1108 3603 1237 3702 qui
1275 3615 1425 3678 tres
1462 3603 1653 3678 filios
1692 3600 2111 3696 exhiberet,
2171 3602 2235 3677 is
2272 3603 2367 3677 ab
2409 3601 2740 3678 excubiis
2781 3600 3092 3678 haberet
3125 3603 3472 3678 immuni-

696 3739 971 3825 tatem3
1026 3729 1152 3830 qui
1208 3753 1387 3805 vero
1446 3728 1812 3829 quinque,
1876 3728 1974 3804 ab
2034 3729 2378 3805 omnibus
2437 3727 2752 3829 publicis
2806 3728 3240 3805 muneribus
3284 3727 3476 3804 libe·

695 3866 1007 3931 raretur.

910 3977 1170 4054 Tertia
1217 3979 1469 4057 rhetra
1523 3981 1918 4083 Lycurgus
1975 3981 2212 4056 vetuit
2267 3980 2564 4082 saepius
2623 3980 2900 4055 bellum
2941 3979 3202 4056 iisdem
3241 3979 3474 4055 hosti·

695 4105 837 4181 bus
874 4105 1143 4182 inferre
1166 4163 1184 4200 ,
1227 4132 1321 4182 ne
1362 4105 1641 4182 scilicet
1676 4107 1725 4181 ii
1766 4107 2080 4183 subinde
2119 4133 2196 4182 se
2235 4103 2633 4182 defendere
2671 4105 3080 4202 discentes,
3132 4105 3474 4183 bellicosi

695 4233 981 4308 fierent.
1040 4231 1581 4326 (Plutarch.
1623 4231 2035 4332 Lycurg.
2085 4233 2245 4324 13.)

906 4356 1474 4432 Lacedaemonii
1533 4358 1754 4434 etiam
1814 4357 2006 4434 hanc
2064 4358 2305 4456 legem
2366 4358 2733 4450 tulerunt,
2796 4368 2876 4434 ut
2931 4359 2991 4433 si
3051 4356 3354 4458 quando
3393 4358 3474 4434 in

696 4481 919 4558 armis
975 4480 1239 4557 bellum
1300 4480 1572 4557 facturi
1628 4492 1916 4576 essent,
1975 4481 2070 4556 ad
2123 4482 2524 4558 tentorium
2568 4481 2768 4579 regis
2805 4507 3064 4560 omnes
3105 4509 3468 4560 vocaren-

702 4622 862 4698 tur,
919 4606 1015 4682 ad
1070 4607 1442 4686 audienda
1480 4606 1787 4707 Tyrtaei
1842 4618 2228 4708 poemata,
2291 4608 2794 4684 existimantes
2843 4633 2968 4683 eos
3003 4609 3107 4684 ita
3143 4611 3474 4685 maxime

698 4731 1049 4826 accendi,
1108 4742 1192 4807 ut
1246 4759 1383 4834 pro
1441 4733 1686 4834 patria
1740 4732 2044 4808 minime
2083 4745 2572 4831 gravarentur
2611 4734 2817 4808 mori.
2893 4732 2996 4825 (L
3015 4757 3345 4834 ycurg.
3405 4760 3472 4810 c.

695 4856 1136 4933 Leocrat.
1177 4850 1244 4957 ξ.
1288 4856 1505 4949 107.)

903 4981 1138 5059 Iidem
1181 5005 1594 5083 purpureas
1633 4979 2048 5060 induebant
2088 4981 2410 5075 tunicas,
2469 5007 2614 5082 quo
2673 4992 2802 5059 aut
2856 4982 3160 5059 horrido
3214 4984 3472 5060 colore

695 5106 1169 5183 formidinem
1228 5107 1561 5184 hostibus
1616 5110 2078 5202 incuterent,
2136 5121 2268 5185 aut
2311 5134 2490 5208 prae
2541 5109 2806 5184 coloris
2845 5109 3324 5189 similitudine
3366 5110 3469 5185 ef-

692 5231 945 5310 fimum
966 5232 1413 5330 sanguinem
1438 5258 1588 5309 non
1612 5233 2314 5310 animadverterent.
2356 5233 2459 5326 (P
2479 5233 2526 5308 h
2549 5233 2683 5306 ilo
2705 5260 2740 5306 s
2763 5245 2847 5309 tr
2866 5259 2913 5309 a
2931 5235 3005 5308 ti
3043 5259 3082 5308 e
3101 5261 3154 5336 p
3178 5234 3259 5310 is
3279 5245 3330 5310 t.
3351 5234 3468 5328 3.)
