3725 5850
771 397 928 475 478
1358 419 1976 478 commem-uuus
2014 419 2121 471 An
2162 416 2287 471 4⁶8.
2326 412 2454 471 ⁴⁷¹.
2492 414 2621 471 472.
2660 415 2787 469 474.
2826 413 2955 467 475.

777 613 1112 715 pulisset‚
1151 610 1272 689 vel
1309 611 1505 713 quod
1543 612 1638 689 ad
1675 611 1886 689 illum
1921 612 2321 714 praecipue
2360 607 2762 687 convenire
2802 610 3307 690 existimarent
3338 606 3512 683 hunc

768 764 1194 831 numerum,
1235 737 1364 838 qui
1399 748 1602 813 ortus
1641 737 2007 815 diceretur
2044 763 2083 813 e
2122 736 2511 839 Neptuno:
2552 735 2827 811 etenim
2864 735 3302 837 Neptunum
3335 743 3510 809 octa-

784 863 898 939 vis
937 862 1444 939 celebrabant.
1520 863 1889 939 Numerus
1928 862 2129 938 enim
2164 859 2629 957 octonarius,
2671 859 2797 960 qui
2836 859 3075 936 cubus
3112 884 3155 935 e
3192 858 3352 961 pari
3386 858 3511 957 pri-

767 1012 936 1064 mus
973 1000 1124 1084 est,
1184 997 1260 1064 et
1314 986 1533 1087 primi
1589 987 1929 1086 quadrati
1984 983 2327 1083 geminus
2350 1043 2369 1079 ‚
2429 985 2809 1086 propriam
2846 994 3355 1085 repraesentat
3386 994 3511 1057 sta-

772 1112 1142 1190 bilitatem
1179 1124 1255 1188 et
1291 1112 1740 1189 soliditatem
1779 1112 2075 1191 virtufi·
2113 1110 2309 1191 illius
2346 1108 2504 1205 dei,
2545 1136 2767 1209 quem
2804 1109 3271 1185 Firmiter
3304 1108 3511 1181 Fun-

770 1238 1162 1315 dantem
1219 1228 1796 1333 (Ἀσφάλειον)
1856 1249 1931 1312 et
1986 1235 2389 1312 Terram
2457 1231 3161 1311 Continentem
3218 1226 3513 1325 (Γαιὴο-

765 1365 969 1454 χον)
1010 1362 1536 1465 appellabant,
1575 1374 1658 1439 ut
1694 1360 1872 1437 dicit
1908 1360 2347 1439 Plutarchus
2384 1358 2461 1435 in
2500 1358 2677 1435 Vita
2715 1358 3026 1454 Thesei,
3068 1383 3233 1459 cap.
3274 1356 3390 1431 36.

1947 1552 2100 1637 Ad
2133 1554 2370 1635 408.

990 1718 1295 1796 Suidas:
1343 1711 1844 1815 ’.Ωσχοφόρια
1883 1716 2208 1795 Sciradis
2247 1718 2631 1794 Minervae
2670 1716 2958 1795 festum.
3006 1707 3302 1789 Ὡσκαι
3342 1713 3507 1788 enim

773 1855 848 1919 et
885 1832 1132 1937 ὦσχαι
1173 1843 1519 1921 dicuntur
1555 1842 1933 1946 palmitem
1992 1872 2031 1919 e
2072 1844 2340 1945 quibus
2379 1868 2570 1919 uvae
2610 1841 3056 1944 dependent.

983 1970 1480 2069 Harpocratio
1517 1996 1573 2044 S.
1613 1997 1681 2044 v.
1723 1961 2208 2064 ὦσχοφόροιε
2266 1968 2459 2044 Ister
2495 1967 2572 2042 in
2622 1966 2909 2045 decimo
2948 1966 3171 2042 tertio
3209 1963 3300 2039 de
3334 1960 3503 2038 The-

769 2120 899 2171 seo
937 2093 1345 2189 disserens,
1401 2094 1663 2169 scribit
1699 2094 1776 2169 in
1811 2094 2009 2170 hunc
2046 2094 2391 2174 modum:
2450 2091 2724 2169 Salutis
2779 2090 3124 2193 publicae
3174 2114 3388 2164 causa
3420 2088 3505 2161 in·

771 2220 1047 2309 stituit,
1104 2230 1185 2293 ut
1221 2216 1380 2292 bini
1419 2216 1928 2319 Oschophori‚
1985 2242 2260 2315 genere
2300 2228 2374 2292 et
2411 2216 2677 2317 opibus
2731 2216 3062 2309 nobiles,
3124 2214 3504 2312 deligeren-
3634 2262 3636 2307 ÷

770 2354 910 2420 tur.
973 2384 1075 2397 —-
1113 2333 1384 2435 ”Ωσχη
1423 2370 1603 2419 vero
1654 2356 1763 2418 est
1801 2342 2087 2444 palmes
2124 2367 2294 2419 cum
2338 2340 2647 2419 racemis
2686 2338 3323 2442 dependentibus3
3374 2338 3500 2437 qui·
3634 2314 3636 2383 3

777 2467 946 2543 dam
988 2460 1368 2562 ὀρεσχάδα
1405 2468 1807 2570 appellant.

987 2588 1101 2667 Of.
1140 2590 1422 2669 Lexica
1459 2590 1766 2694 Seguer.
1807 2618 1884 2693 p.
1922 2592 2099 2668 318.

1952 2764 2103 2852 Ad
2155 2765 2371 2849 471.

985 2931 1489 3010 Plutarch.
1527 2934 1738 3012 -Isis
1793 2944 1888 3010 et
1941 2933 2265 3012 Osiris
2328 2932 2472 3006 69:
2530 2930 2841 3012 Athenis
2893 2931 3239 3012 mulieres
3292 2931 3491 3008 Thes·
3634 2883 3636 2918 Ι

773 3058 1162 3161 mophoria
1197 3060 1559 3136 obeuntes
1583 3060 1937 3160 jejunant
1972 3058 2176 3134 humi
2216 3057 2662 3136 desidentes.
3634 3049 3636 3054 ’

985 3182 1246 3260 Idem
1301 3185 1400 3258 in
1455 3183 1661 3260 vita
1694 3183 2403 3261 Demosthenis
2452 3182 2596 3256 30:
2653 3181 2989 3260 Mortuus
3026 3194 3142 3260 est
3180 3183 3297 3260 die
3330 3205 3495 3256 men-

771 3311 876 3385 sis
930 3310 1471 3412 Pyanepsionis
1537 3309 1828 3385 decima
1896 3321 2147 3403 sexta,
2226 3334 2453 3407 quam
2524 3307 2723 3384 diem
2780 3308 3497 3410 Thesmophorion-um

771 3433 1115 3510 mulieres
1169 3433 1667 3510 tristissimam
1721 3444 2033 3532 agentes
2072 3433 2367 3510 Cereris
2420 3432 2501 3508 in
2554 3433 2919 3512 honorem
2968 3433 3138 3510 cibo
3172 3434 3363 3510 omni
3396 3431 3494 3511 ab·

767 3561 1074 3635 atinent.

987 3683 1102 3761 Of.
1141 3684 1414 3762 Zosim.
1447 3681 1800 3767 Ascalon.
1839 3685 1917 3760 in
1956 3685 2113 3762 vita
2147 3683 2695 3762 Demosthenis.
2741 3725 2842 3738 --
2882 3683 3291 3764 Cornutum
3326 3685 3407 3762 N.
3423 3684 3494 3758 D.

775 3835 943 3911 cap.
983 3811 1112 3886 20.
1147 3837 1220 3911 p.
1262 3809 1436 3886 165.

1954 3913 2105 4001 Ad
2137 3916 2275 3996 4⁷
2284 3915 2377 3996 2.

991 4041 1059 4139 Ε
1091 4062 1520 4140 coniectura
1555 4063 2063 4141 Fritzscheina
2093 4065 2307 4167 posui
2334 4056 2690 4138 Κωλιάδα
2726 4064 2803 4140 in
2839 4061 3087 4140 locum
3116 4053 3496 4136 Ἐλευσῖνα.
3634 4029 3636 4098 Ῐ

1952 4257 2107 4342 Ad
2136 4259 2375 4341 474.

991 4421 1056 4503 Ε,
1099 4418 1379 4506 Suidae
1411 4423 1576 4504 loco
1611 4425 1939 4507 adducto
1989 4437 2235 4527 patet,
2294 4415 2795 4500 Χαλκιδικὸν
2854 4417 3201 4524 δίωγμα,
3256 4421 3329 4498 id
3380 4429 3499 4509 est,
3634 4419 3637 4492 ἓ

780 4548 1285 4626 Chalcidicam
1321 4551 1959 4651 persecutionem,
2014 4550 2187 4626 inde
2242 4575 2517 4626 nomen
2557 4550 2875 4641 habere,
2937 4549 3135 4648 quod
3179 4546 3499 4625 faeminae
3634 4555 3636 4604 ὲ

778 4675 858 4750 in
915 4672 1111 4750 bello
1171 4675 1493 4774 quodam
1547 4675 1724 4751 deos
1779 4686 2125 4776 precatae
2180 4687 2393 4768 sunt,
2451 4687 2532 4750 ut
2586 4672 2835 4750 hostes
2886 4673 2965 4750 in
3005 4675 3261 4772 fugam
3300 4681 3497 4747 verte-

779 4809 1074 4897 rentur3
1128 4798 1364 4898 iisque
1403 4799 1673 4878 accidit
1707 4810 1790 4876 ut
1828 4798 2254 4877 Chalcidem
2291 4801 2660 4899 fugerent.
3634 4803 3636 4810 ’

1952 4992 2103 5076 Ad
2139 4994 2375 5076 4⁷5.

995 5143 1060 5221 Ε
1097 5141 1414 5246 captivis
1469 5139 1574 5218 illi
1627 5152 1915 5220 tantum
1970 5142 2520 5241 liberabantur,
2578 5140 2705 5242 qui
2742 5137 2971 5218 sacris
2996 5137 3170 5243 jure
3208 5144 3499 5242 poterant
