3725 5850
639 375 798 450 608
1553 393 2173 450 comsuwnnms
2210 394 2318 446 An
2364 390 2523 448 138⁷.

852 589 1216 666 Jasenses
1270 588 1624 691 orphanis
1682 583 2215 688 patrimonium
2252 585 2333 660 in
2368 583 2711 662 manibus
2749 582 3150 660 tradebant
3202 582 3411 658 simul

638 727 856 816 atque
917 716 1364 814 vigesimum
1423 713 1690 792 aetatis
1744 737 2029 790 annum
2084 711 2530 810 attigissent.
2606 711 2723 804 (H
2744 736 2784 786 e
2805 737 2843 785 r
2861 735 2907 784 a
2924 709 3061 786 cli
3082 707 3131 785 d
3154 733 3195 783 e
3216 735 3255 784 s
3308 707 3357 783 d
3376 733 3413 782 e

638 841 827 919 reb.
888 840 1148 942 publ.
1215 841 1382 934 40.)
1799 938 2250 1022 ΜΙΘΘῚ

851 1108 1545 1209 Schellingius
1603 1108 1736 1204 (de
1793 1105 2092 1185 Solonis
2150 1103 2445 1206 legibus
2502 1133 2575 1207 p.
2641 1104 2836 1198 114)
2898 1103 3085 1181 haec
3144 1102 3411 1179 verba:

636 1227 776 1308 ἐὰν
823 1235 972 1330 μὲν
1028 1226 1359 1328 ἀδελφοὶ
1419 1223 1608 1306 ὦσιν
1663 1217 2137 1329 ὃμοπᾶτορες
2210 1232 2349 1302 καὶ
2403 1223 2544 1303 ἐὰν
2599 1224 2858 1315 παῖδες
2911 1231 2990 1316 ἐξ
3051 1221 3416 1319 ἀδελφῶν

635 1353 982 1462 γνήσιοι,
1040 1352 1184 1448 τὴν
1221 1356 1363 1432 τοῦ
1403 1351 1686 1454 πατρὸς
1711 1363 2005 1452 μοῖραν
2041 1350 2509 1456 λαγχάνειν,
2568 1356 2673 1432 ita
2714 1356 3077 1457 explicat:
3122 1356 3233 1454 „si
3275 1354 3417 1430 fra-

636 1498 781 1563 tres
820 1495 1222 1588 supersunt
1259 1494 1336 1562 et
1373 1485 1502 1561 filii
1541 1485 1858 1561 fratrum
1893 1481 2245 1582 legitimi,
2302 1481 2729 1583 accipiunto
2786 1491 3081 1584 partem
3136 1478 3420 1556 heredi-

635 1615 832 1711 tatis,
872 1640 1062 1716 quae
1104 1614 1200 1691 ad
1237 1624 1526 1716 patrem
1558 1621 2010 1715 perventura
2045 1610 2303 1688 fuisset
2340 1609 2535 1703 (scil.
2559 1611 2623 1687 si
2640 1621 3022 1712 superstes
3040 1604 3412 1697 fuisset).“

853 1737 926 1818 G
947 1767 1063 1818 an
1083 1740 1289 1817 sius
1351 1740 1558 1833 (Das
1615 1737 1986 1816 Erbrecht
2036 1737 2117 1813 in
2176 1735 2977 1836 weltgeschichtlicher
3036 1731 3420 1810 Entwick-

637 1867 863 1965 lung)
901 1865 1092 1941 miro
1129 1863 1354 1942 modo
1393 1865 1683 1941 initium
1736 1864 1929 1964 legis
1982 1863 2089 1939 ita
2123 1862 2524 1964 pervertit:
2583 1851 2780 1946 ὅςτις
2818 1852 2924 1932 ἂν
2961 1853 3421 1953 διαθέμενος

561 1985 564 1987 “
637 1983 1054 2086 ἀποθάνῃ,
1113 2016 1203 2068 ac
1241 1991 1301 2068 si
1342 1991 1435 2067 de
1473 2001 1920 2067 testamento
1962 1998 2326 2090 ageretur.

851 2119 1193 2196 Isaeus
1242 2116 1352 2194 de
1390 2117 1845 2217 Hagniae
1896 2113 2219 2190 hered.
2261 2107 2327 2214 ξ.
2374 2113 2621 2188 1—2:
2681 2114 2843 2192 Lex
2876 2113 3047 2210 illa,
3091 2137 3285 2212 quae
3330 2109 3423 2186 de

635 2242 857 2319 bonis
916 2270 963 2319 a
1018 2243 1250 2320 fratre
1304 2244 1582 2320 relictis
1639 2240 2063 2336 constituit,
2122 2239 2444 2340 primum
2485 2238 2844 2317 fratribus
2880 2237 3257 2338 germanis
3299 2261 3422 2311 eo-

639 2392 952 2466 rumque
1009 2365 1264 2442 liberis
1300 2366 1677 2468 adjudicat
1711 2365 1953 2441 bona:
2009 2363 2132 2439 hic
2170 2364 2367 2440 enim
2404 2364 2790 2465 proximus
2828 2377 2941 2442 est
2976 2363 3421 2462 consangui-

639 2491 893 2568 nitatis
929 2515 978 2566 a
1014 2489 1373 2567 defuncto
1411 2490 1710 2589 gradus.
1770 2487 1901 2566 Sin
1940 2500 2187 2564 autem
2223 2488 2302 2563 hi
2338 2515 2493 2564 non
2530 2489 2720 2586 sint,
2758 2491 2884 2569 lex
2922 2517 3215 2568 sorores
3254 2515 3421 2590 ger-

639 2641 898 2692 manas
937 2640 1339 2714 earumque
1376 2614 1656 2692 liberos
1696 2613 1794 2690 ad
1829 2612 2316 2691 hereditatem
2354 2612 2773 2690 adeundam
2811 2617 3143 2692 arcessit.
3218 2614 3423 2689 Defi-

643 2739 1003 2818 cientibus
1041 2737 1152 2814 his
1191 2765 1486 2840 quoque
1511 2798 1528 2824 ,
1586 2751 1746 2815 tum
1801 2738 2101 2814 demum
2151 2737 2277 2814 lex
2332 2739 2551 2814 tertio
2589 2740 2857 2837 gradui
2893 2739 3423 2838 consanguini-

639 2866 814 2943 tatis
870 2863 1128 2942 tribuit
1182 2864 1768 2968 proximitatem,
1829 2861 2299 2939 consobrinis
2354 2887 2627 2963 nempe
2686 2889 2726 2940 e
2786 2875 2998 2965 parte
3057 2866 3295 2967 patris
3354 2875 3430 2940 et

643 2992 908 3069 horum
943 2991 1218 3068 liberis.
1299 2988 1430 3066 Sin
1488 3004 1738 3065 autem
1793 2988 1915 3064 hic
1970 3012 2266 3089 quoque
2322 2988 2601 3085 gradus
2640 2987 3033 3085 defecerit,
3094 2991 3291 3067 redit
3323 2989 3429 3065 le-

639 3118 953 3217 gislator
986 3116 1082 3193 ad
1128 3116 1574 3216 principium
1610 3114 1947 3215 generis,
1998 3126 2072 3191 et
2110 3114 2429 3190 arbitros
2468 3116 2836 3193 bonorum
2875 3115 3207 3193 defuncti
3246 3141 3427 3196 con-

643 3243 984 3319 sobrinos
1021 3268 1066 3319 a
1104 3252 1314 3344 parte
1369 3250 1745 3335 materna,
1805 3240 2072 3317 eodem
2128 3236 2385 3315 ordine
2441 3251 2664 3340 atque
2718 3241 2796 3319 in
2854 3242 3430 3341 consanguineis

647 3368 999 3469 paternis.

863 3493 1130 3573 Idem
1188 3491 1296 3568 de
1336 3488 1786 3593 Apollod.
1823 3490 2147 3567 hered.
2189 3484 2256 3591 ξ.
2296 3490 2421 3567 20.
2478 3492 2814 3569 Filiabus
2854 3506 2930 3570 et
2964 3494 3344 3572 sororibus
3382 3524 3429 3571 a

637 3621 808 3721 jure
865 3617 1063 3695 civili
1119 3628 1370 3719 partes
1426 3616 1774 3717 aequales
1831 3616 2205 3691 bonorum
2260 3641 2305 3690 a
2342 3618 2683 3717 patribus
2738 3617 3162 3697 relictorum
3220 3623 3424 3697 attri-

645 3742 1015 3835 buuntur3
1073 3742 1692 3819 consobrinorum
1740 3751 1991 3817 autem
2030 3741 2121 3818 de
2157 3740 2414 3837 bonis,
2476 3754 2550 3819 et
2589 3746 3007 3845 quicunque
3050 3748 3175 3823 alii
3215 3760 3425 3825 extra

647 3869 1116 3967 cognationis
1151 3866 1468 3966 gradum
1505 3866 1732 3943 modo
1771 3865 2052 3941 dictum
2089 3877 2300 3963 sunt,
2344 3894 2497 3945 non
2535 3870 2882 3970 aequales
2919 3874 3427 3951 attribuuntur

647 4004 896 4095 partes
932 3993 1474 4070 haereditatum
1509 3992 1836 4085 feminis,
1878 3991 2010 4067 sed
2046 3992 2125 4067 in
2162 3991 2581 4094 hujusmodi
2620 3998 2862 4073 causis
2900 3998 3227 4073 conditio
3268 4026 3421 4076 ma-

647 4120 838 4194 rium
875 4146 921 4194 a
956 4120 1124 4219 lege
1163 4119 1659 4221 praehabetur
1706 4118 2121 4195 conditioni
2158 4119 2624 4197 feminarum.
2702 4121 2959 4200 Verba
2993 4123 3185 4223 legis
3225 4128 3423 4201 enim

648 4241 834 4320 haec
871 4256 1080 4322 sunt:
1118 4244 1448 4346 potiores
1485 4254 1832 4345 oportere
1869 4269 2117 4320 mares
2155 4269 2317 4321 esse
2356 4270 2397 4320 e
2428 4248 2903 4349 maribusque
2941 4261 3179 4345 natos,
3220 4252 3421 4329 dum-

647 4368 866 4445 modo
923 4367 1000 4444 hi
1057 4394 1300 4445 mares
1361 4394 1454 4446 ex
1509 4368 1774 4445 iisdem
1829 4370 2179 4470 prognati
2226 4370 2415 4465 sint,
2474 4371 2693 4447 etiam
2730 4374 2793 4449 si
2828 4374 3071 4473 gradu
3109 4401 3421 4455 consan-

647 4494 1030 4593 guinitatis
1085 4494 1379 4595 longius
1442 4494 1720 4573 distent
1775 4521 1998 4596 quam
2037 4496 2379 4572 feminae.
2458 4499 2583 4590 (K
2575 4504 2831 4592 ρατεῖν
2884 4495 3070 4585 τούς
3109 4490 3423 4601 ἄρρενας

649 4622 787 4693 καὶ
827 4614 1010 4703 τούς
1047 4622 1124 4709 ἐξ
1163 4612 1543 4719 ἀρρένων,
1604 4620 1690 4694 02·
1720 4612 1822 4693 ἂν
1860 4626 1955 4695 ἐκ
1989 4617 2146 4694 τῶν
2185 4614 2450 4697 αὐτῶν
2488 4612 2667 4711 ὦσι,
2728 4625 2957 4725 [quod
3014 4639 3266 4705 tamen
3304 4627 3421 4705 alii

646 4746 752 4822 ita
787 4745 1087 4845 legunt:
1144 4740 1284 4820 ἐὰν
1339 4750 1432 4821 ἐκ
1486 4742 1790 4821 τούτων
1844 4736 2011 4841 ὦσι]
2068 4738 2229 4821 κᾶν
2283 4752 2482 4850 γένει
2542 4742 2896 4847 ἀπωτέρω
2934 4749 3422 4853 τυγχάνωσιν

649 4859 932 4964 ὄντες.)

869 4998 1169 5095 „Quum
1216 4997 1341 5075 lex
1378 4998 1582 5099 ipsa,
1624 5025 1814 5099 quae
1853 4999 2057 5099 apud
2096 5000 2685 5081 Demosthenem
2721 5012 2872 5096 est,
2914 5002 3006 5078 de
3046 5007 3417 5083 sororibus

648 5149 804 5201 non
843 5126 1150 5201 seorsim
1191 5148 1568 5224 exponere
1607 5123 1967 5217 videatur,
2008 5124 2400 5203 Bunsen
2423 5126 2448 5202 i
2470 5153 2574 5204 us
2611 5128 2857 5205 locum
2894 5129 2999 5205 ita
3036 5132 3413 5209 restituen-
