3725 5850
1120 436 1735 489 coMMENPAmUs
1776 434 1882 485 An
1929 433 2086 487 1141.
2133 434 2292 489 1142.
2927 418 3080 491 567

297 627 627 726 liantque
668 626 965 723 cognati
1005 628 1405 724 ingloriOS,
1464 650 1703 725 neque
1762 628 2108 703 columna
2163 653 2404 727 neque
2469 630 2768 705 nomine
2829 632 3072 733 sepul‘-

299 749 561 825 chrum
598 751 1030 829 indicantes.

514 874 575 949 E
612 876 776 975 lege
818 876 1299 979 Cypriorum,
1344 905 1563 976 quam
1606 878 1833 953 refert
1871 878 2015 953 Dio
2055 878 2636 979 Chrysostomus
2678 879 2922 972 (Orat.
2951 882 3074 977 64,

295 1028 366 1100 p.
411 1002 633 1093 592),
693 1004 817 1101 qui
858 1027 935 1077 se
973 1003 1384 1093 interfecit,
1442 1002 1858 1103 insepultus
1897 1004 2408 1104 abjiciebatur.

510 1108 833 1203 Milesias
890 1128 1217 1227 virgines
1274 1126 1601 1227 quodam
1650 1138 1982 1228 tempore
2033 1141 2247 1205 atrox
2305 1130 2531 1205 animi
2570 1130 2869 1206 incessit
2907 1157 3071 1232 per-

293 1250 641 1327 turbatio.
720 1250 981 1327 Subito
1040 1280 1297 1329 omnes
1355 1254 1611 1329 mortis
1674 1252 2040 1355 cupiditas
2099 1267 2172 1330 et
2231 1254 2326 1330 ad
2386 1252 2616 1329 vitam
2665 1254 3070 1355 suspendio

296 1374 705 1450 finiendam
742 1376 1061 1451 furiosus
1100 1376 1416 1475 impetus
1456 1378 1649 1474 egit,
1711 1390 1785 1452 et
1841 1377 2116 1454 multae
2170 1407 2245 1454 se
2287 1380 2488 1478 ipsas
2527 1378 2720 1454 clam
2759 1406 3070 1480 suspen-

296 1498 595 1574 debant.
676 1500 930 1576 Verba
969 1512 1043 1575 et
1080 1502 1427 1577 laciimae
1477 1514 1874 1601 parentum
1931 1503 2485 1601 amicorumque
2525 1502 2852 1603 alloquia
2888 1502 3073 1578 nihil

294 1625 649 1701 valebant
675 1684 691 1717 ,
732 1624 857 1700 sed
898 1652 1059 1701 sese
1098 1626 1629 1702 interficiendis
1670 1638 1966 1701 omnem
2008 1630 2202 1726 ipsas
2243 1626 2817 1702 custodientium
2853 1626 3066 1703 indu-

292 1749 547 1825 striam
588 1762 811 1849 atque
852 1750 1333 1826 calliditatem
1372 1752 1808 1841 vincebant3
1867 1750 2104 1827 donec
2143 1750 2444 1851 quidam
2484 1752 2704 1828 homo
2744 1751 3068 1852 prudens

290 1874 533 1971 legem
572 1872 1115 1973 promulgavit,
1157 1902 1343 1973 quae
1374 1876 1716 1975 juberet:
1777 1902 1820 1949 o
1844 1902 1917 1949 m
1941 1902 1986 1950 n
2013 1902 2050 1950 e
2075 1904 2109 1950 s
2149 1904 2196 1975 q
2218 1903 2265 1950 u
2289 1902 2333 1949 a
2355 1902 2390 1950 e
2435 1904 2468 1951 s
2489 1877 2510 1950 i
2533 1876 2627 1950 bi
2668 1904 2702 1950 s
2725 1903 2772 1950 u
2794 1903 2828 1949 s
2850 1905 2900 1978 p
2923 1904 2962 1950 e
2986 1904 3068 1952 n-

292 1998 451 2074 dio
491 2010 897 2075 mortem
935 2002 1728 2091 conscivissent,
1769 1998 2079 2075 nudas
2130 2026 2294 2098 per
2335 2002 2651 2076 forum
2689 2002 3068 2078 efferri.

292 2117 494 2215 (Τάς
534 2118 1079 2225 ἀπαγχομένας
1122 2119 1417 2225 γυμνὰς
1456 2126 2017 2218 ἐκκομίζεσθαι
2059 2120 2186 2195 διοὶ
2247 2118 2374 2217 τῆς
2435 2118 2786 2226 ἀγορᾶς.)
2863 2128 3070 2203 Haec

285 2251 409 2325 lex
448 2250 736 2326 sancita
776 2243 1103 2325 abolevit
1158 2252 1363 2327 illam
1424 2280 1573 2351 qua
1629 2253 1954 2349 virgines
1994 2252 2444 2327 laborabant
2484 2254 2744 2329 mortis
2783 2250 3066 2354 cupidi-

288 2386 560 2470 tatem3
618 2400 785 2450 nam
843 2402 1033 2475 quae
1094 2376 1275 2451 nihil
1333 2376 1831 2454 formidabant
1887 2390 2237 2471 mortem,
2297 2378 2774 2476 turpitudinis
2807 2376 3066 2474 ima-gi-

288 2500 667 2576 nationem
708 2526 855 2576 non
897 2503 1404 2601 pertulerunt,
1466 2528 1708 2602 neque
1748 2504 2262 2579 sustinuerunt
2299 2501 2625 2577 dedecus
2663 2510 2835 2602 post
2873 2527 3062 2577 mor—

289 2638 441 2701 tem
499 2625 681 2727 ipsis
734 2636 1195 2701 eventurum.
1258 2626 1850 2717 (Plutarch.:
1908 2628 2040 2703 De
2103 2627 2622 2703 mulierum
2679 2626 3066 2701 virtuti-

294 2750 487 2825 Μ
544 2752 722 2842 XL)
1448 2853 1599 2938 Aa
1645 2856 1880 2938 1142

504 3025 567 3100 E
607 3026 1069 3130 praescripto
1108 3025 1397 3124 Legum
1439 3026 1773 3101 Platonis
1816 3026 2036 3117 (877,
2078 3027 2382 3118 B--DJ,
2445 3026 2505 3098 si
2546 3025 2758 3100 liberi
2797 3047 3064 3122 paren-

288 3161 440 3242 tes,
502 3150 625 3224 vel
663 3175 927 3226 servus
964 3149 1385 3242 dominum,
1446 3153 1505 3226 si
1564 3152 1793 3227 frater
1849 3153 2154 3227 fratrem
2211 3173 2640 3225 sororemve
2701 3145 2821 3222 vel
2860 3172 3066 3223 soror

289 3275 593 3351 fratrem
632 3274 752 3349 vel
790 3300 1124 3351 sororem
1164 3275 1499 3350 consulto
1542 3276 2000 3367 vulneravit,
2061 3301 2259 3349 mors
2317 3299 2564 3374 poena
2600 3275 2713 3349 sit.
2793 3271 3065 3348 Mulier

289 3411 575 3492 autem,
636 3423 823 3498 quae
880 3399 1225 3475 maritum
1282 3427 1495 3476 suum
1538 3399 1924 3476 occidendi
1961 3425 2186 3476 causa
2225 3397 2682 3488 vulneravit,
2745 3397 2865 3470 vel
2908 3397 3064 3488 vir,

290 3525 416 3623 qui
472 3550 776 3602 uxorem
832 3550 1078 3617 suam,
1139 3525 1215 3600 in
1274 3536 1714 3627 perpetuum
1771 3525 1945 3602 exul
2007 3536 2186 3600 esto·
2267 3523 2516 3599 Liberi
2573 3533 2826 3598 autem
2864 3518 3066 3597 nulla

288 3649 534 3726 alendi
572 3650 811 3725 exulis
850 3651 1291 3725 necessitate
1328 3662 1685 3726 tenentor.

502 3775 694 3850 Item
730 3774 950 3870 (878,
980 3774 1287 3870 C—D),
1329 3776 1423 3855 de
1457 3777 1894 3852 vulneribus
1931 3777 2036 3851 ita
2071 3776 2292 3851 illatis
2333 3774 2871 3852 condemnatus
2911 3773 3058 3873 pri-

290 3927 493 3976 mum
550 3899 852 3998 quidem
910 3899 1161 3976 damni
1219 3901 1503 4000 pendat
1560 3901 1908 4002 duplum,
1967 3903 2030 3976 si
2069 3902 2340 3978 vulnus
2397 3898 2730 3979 sanabile
2785 3896 3060 3990 evasit,

288 4024 813 4100 insanabilium
854 4050 1032 4101 vero
1069 4024 1585 4126 quadruplum.
1663 4025 1791 4102 Sin
1849 4038 2102 4104 autem
2161 4026 2492 4101 sanabile
2552 4023 2852 4126 quidem
2905 4033 3056 4114 est,

289 4150 415 4226 sed
456 4148 817 4234 dedecore
859 4151 1331 4228 vulneratum
1390 4177 1667 4250 magno
1708 4151 1945 4229 afficit
1985 4163 2060 4227 et
2097 4150 2501 4251 probrose,
2561 4147 3058 4250 quadruplum

289 4275 687 4378 persolvat.
746 4277 1035 4369 Quibus
1075 4302 1254 4352 vero
1292 4277 1517 4354 illatis
1554 4277 1771 4354 alicui
1808 4275 2071 4378 aliquis
2110 4275 2582 4368 vulneribus,
2624 4299 2774 4350 non
2813 4274 3053 4349 solum

289 4403 391 4494 ei,
455 4403 573 4476 cui
629 4401 913 4494 intulit,
973 4397 1321 4478 damnum
1380 4401 1595 4495 facit,
1634 4427 1913 4478 verum
1972 4402 2191 4477 etiam
2249 4400 2569 4494 civitati,
2629 4399 2808 4474 dum
2845 4397 3054 4474 illum

290 4527 639 4602 facultate
679 4527 930 4626 privat
968 4529 1251 4630 patriae
1288 4529 1638 4606 adversus
1677 4528 1930 4604 hostes
1969 4523 2410 4618 auxiliandi,
2450 4525 2510 4600 is
2550 4549 2720 4600 cum
2757 4521 3058 4623 reliquis

290 4652 585 4727 mulctis
624 4651 906 4726 civitati
945 4677 1238 4752 quoque
1277 4652 1631 4728 damnum
1668 4652 2086 4752 persolvat,
2142 4662 2438 4751 praeter
2474 4676 2646 4726 suas
2685 4649 2881 4724 enim
2920 4647 3054 4721 mi-

285 4777 483 4852 litias
522 4779 743 4854 etiam
782 4803 919 4881 pro
957 4775 1124 4870 illo,
1182 4778 1308 4876 qui
1346 4804 1495 4854 non
1549 4788 1835 4878 potest,
1895 4777 2206 4853 militato
2251 4778 2556 4877 ejusque
2593 4774 2672 4849 in
2709 4771 2906 4849 bello
2945 4772 3052 4848 lo-

288 4930 415 4980 cos
457 4904 749 5002 expleto
775 4962 793 4996 ,
851 4913 979 4978 aut
1014 4903 1075 4976 si
1114 4929 1266 4978 non
1307 4905 1571 4996 faciat,
1629 4901 1964 4980 desertae
2021 4901 2329 4977 militiae
2375 4899 2736 5003 judicium
2790 4897 2885 4975 ab
2924 4922 3053 4991 eo,

288 5031 409 5130 qui
449 5029 691 5122 volet,
750 5019 1343 5126 subirecogitor.
1426 5028 1699 5105 Damni
1740 5053 1919 5104 vero
1958 5027 2280 5130 pretium
2303 5085 2320 5120 ,
2361 5026 2516 5103 sive
2556 5025 2862 5127 duplum
2900 5024 3054 5103 sive

288 5152 589 5254 triplum
625 5154 780 5230 sive
821 5154 1043 5230 etiam
1081 5153 1577 5255 quadruplum
1607 5151 1900 5256 judices
1939 5160 2340 5234 statuunto.
