3725 5850
667 414 826 497 284
1766 443 1892 496 sus
1929 439 2351 497 Punmcnu.

1944 634 2173 714 1128.

885 768 1086 862 Τοῦς
1123 769 1196 850 δ’
1227 770 1768 878 ἀνδροφόνους
1805 783 2085 868 ἐξεῖναι
2125 773 2617 855 ἀποκτείνειν
2656 783 2742 857 ἐν
2774 776 2866 879 τῇ
2909 769 3257 880 ἦμεδαπῇ
3290 782 3437 854 καὶ

663 891 1032 1004 ἀπάγειν,
1091 903 1608 1000 λυμαίνεσθαι
1669 901 1746 978 δὲ
1796 900 1908 1001 μή
1934 961 1955 994 ,
2022 901 2214 1004 μηδὲ
2273 897 2661 1004 ἀποινᾷν,
2719 899 2766 997 ἢ
2818 903 3151 983 διπλοῦν
3202 901 3439 1000 ὀφεί-

659 1026 846 1114 λειν,
900 1018 1095 1103 ὅσον
1131 1019 1234 1103 &v
1269 1026 1750 1131 καταβλάψῃ
1773 1057 1789 1072 ·
1851 1033 2229 1130 εἰσφέρειν
2268 1026 2347 1104 δὲ
2384 1026 2568 1117 τούς
2606 1023 3039 1128 ἄρχοντας,
3094 1019 3207 1107 ὧν
3240 1036 3437 1106 ἕκα-

661 1173 823 1225 στοι
861 1147 1223 1228 δικασταί
1261 1156 1433 1245 εἰσι,
1471 1153 1586 1255 τῷ
1616 1157 2071 1256 βουλομένῳ
2096 1183 2112 1198 ·
2169 1152 2313 1246 τὴν
2348 1151 2419 1231 δ’
2456 1147 2768 1247 ἡλιαίαν
2806 1153 3427 1262 διαγιγνώσκειν.

1195 1281 1404 1380 (Lex
1443 1281 1739 1362 Solonis
1777 1283 1977 1390 apud
2012 1283 2397 1362 Demosth.
2434 1309 2497 1362 c.
2536 1283 2973 1366 Aristocrat.
3016 1285 3237 1378 629.)

1924 1447 2159 1528 1128.

868 1585 1300 1666 Homicidas
1337 1589 1556 1668 liceat
1591 1600 1670 1666 et
1703 1591 2041 1668 occidere
2078 1592 2159 1668 in
2195 1601 2451 1668 nostra
2486 1601 2688 1670 terra
2722 1601 2797 1668 et
2816 1589 3232 1700 abducere3
3270 1613 3435 1664 non

657 1722 906 1790 tamen
963 1713 1290 1792 cruciare
1313 1771 1334 1812 ,
1407 1740 1550 1792 nec
1615 1715 2149 1820 redemptionis
2216 1718 2541 1820 pretium
2594 1728 3074 1818 extorquere,
3150 1714 3439 1814 alioqui

655 1837 964 1941 duplum
1004 1838 1360 1916 damnum
1396 1840 1772 1918 luendum.
1851 1841 2208 1923 Actiones
2247 1869 2427 1920 vero
2474 1843 2954 1942 magistratus
2976 1899 2995 1937 ‚
3053 1843 3180 1941 qui
3223 1837 3435 1941 judi-

655 1964 868 2039 cibus
905 1963 1317 2065 quibusque
1357 1980 1752 2068 praesunt,
1811 1968 2184 2046 inferunto
2220 1969 2297 2045 in
2347 1966 2708 2070 judicium
2744 1969 3001 2045 cuivis.
3074 1963 3437 2065 Cognitio

655 2088 751 2164 sit
787 2099 1038 2165 autem
1075 2114 1307 2190 penes
1346 2089 1755 2170 Heliaeam.
1923 2199 2129 2276 1129

857 2329 1055 2412 Ἐἀν
1093 2333 1180 2414 δέ
1204 2366 1316 2426 τις
1351 2334 1493 2414 τόν
1549 2333 2053 2441 ἀνδροφόνον
2101 2343 2371 2438 κτείνῃ
2414 2334 2463 2433 ἢ
2498 2339 2743 2428 αἴτιος
2778 2331 2831 2439 ᾗ
2866 2337 3166 2436 φόνου,
3226 2334 3431 2416 ἀπε-

644 2458 1001 2562 χόμενον
1035 2458 1320 2567 ἀγορᾶς
1356 2466 1672 2564 ἐφορίας
1712 2470 1848 2540 καὶ
1890 2457 2166 2541 ἄθλων
2219 2471 2357 2540 καὶ
2420 2463 2644 2566 ἱερῶν
2686 2460 3432 2563 Ἀμφικτυονικῶν,

655 2583 898 2688 ὥσπερ
935 2584 1077 2666 τόν
1105 2585 1570 2682 .’.Αθηναῖον
1603 2595 2023 2669 κτείναντα
2044 2649 2068 2683 ,
2128 2599 2213 2670 ἐν
2248 2602 2408 2682 τοῖς
2444 2589 2711 2682 αὐτοῖς
2744 2597 3149 2689 ἐνέχεσθαι
3172 2618 3189 2634 ·
3250 2590 3433 2667 δια-

653 2713 1119 2820 γιγνώσκειν
1157 2715 1233 2794 δὲ
1273 2714 1458 2804 τούς
1495 2721 1785 2814 ἐφέτας.
2880 2751 2887 2758 ·

1682 2827 2108 2925 (Demosth.
2146 2855 2208 2907 c.
2247 2828 2678 2912 Aristocrat.
2720 2827 3207 2925 631—632.)

1915 2992 2145 3070 1129.
2652 3000 2657 3005 ’

865 3112 945 3193 Si
982 3115 1143 3216 quis
1183 3127 1432 3194 autem
1478 3116 1928 3196 homicidam
1982 3117 2371 3214 ceciderit,
2434 3130 2561 3195 aut
2599 3116 2848 3196 caedis
2886 3118 2956 3195 ei
2993 3141 3221 3196 causa
3256 3114 3427 3193 fue·

650 3241 786 3336 rit,
845 3243 971 3341 qui
1007 3242 1378 3319 homicida
1414 3243 1860 3322 abstinuerit
1896 3244 2059 3323 foro
2096 3244 2479 3321 collimitio
2516 3256 2592 3321 et
2628 3244 2819 3321 ludis
2860 3255 2936 3322 et
2972 3245 3201 3321 sacris
3238 3242 3429 3319 Am-

649 3364 1184 3467 phictyonicis,
1239 3368 1545 3470 perinde
1585 3396 1672 3447 ac
1709 3371 1768 3447 si
1811 3370 2348 3450 Atheniensem
2388 3371 2812 3469 occidisset,
2872 3369 3135 3447 eodem
3170 3368 3429 3445 crimi-

649 3515 744 3565 ne
780 3501 1146 3572 teneatur.
1223 3494 1560 3601 Ephetae
1599 3508 1848 3573 autem
1888 3509 2367 3598 cognoscant.

1917 3653 2145 3736 1130.

857 3770 1052 3856 Ἐάν
1106 3780 1222 3867 τίς
1269 3807 1443 3857 τινα
1496 3774 1656 3858 τῶν
1703 3774 2225 3880 ἀνδροφόνων
2275 3776 2434 3857 τῶν
2488 3776 3104 3873 ἐξεληλυθότων,
3164 3768 3281 3879 ᾦν
3314 3775 3423 3853 τοὶ

636 3902 990 4007 χρήματα
1029 3908 1383 4005 ἐπίτιμα,
1443 3913 1625 4006 πέρα
1686 3900 1877 4006 ὅρου
1915 3904 2197 4004 ἐλαύνῃ
2241 3899 2289 3999 ἦ
2324 3913 2514 4007 φέρῃ
2555 3901 2601 4001 ἢ
2637 3900 2831 4011 ἄγῃ·
2886 3902 2981 3982 τοὶ
3026 3906 3153 3980 ἴσα
3192 3901 3431 4002 ὀφεί-

647 4038 756 4109 λει
797 4028 938 4109 ὅσα
979 4062 1155 4131 περ,
1216 4029 1320 4109 ἂν
1357 4040 1444 4110 ἐν
1479 4031 1568 4131 τῇ
1610 4025 1959 4133 ἡμεδαπῇ
1999 4030 2255 4133 δράσῃ.
2396 4074 2425 4105 0

1938 4162 2363 4257 (Demosth.
2404 4186 2463 4239 c.
2508 4161 2931 4241 Aristocrat.
2972 4162 3199 4255 63⁴.)

1924 4326 1961 4401 1
1980 4325 2152 4403 130.

862 4450 941 4528 Si
980 4452 1144 4551 quis
1181 4451 1503 4556 aliquem
1541 4448 2030 4547 homicidam,
2081 4432 2206 4551 qui
2246 4450 2600 4547 excessit,
2654 4450 2863 4551 cujus
2902 4447 3221 4552 pecunia
3258 4472 3425 4525 non

647 4588 761 4657 est
795 4574 1210 4680 publicata,
1267 4577 1461 4652 ultra
1515 4577 1916 4653 terminum
1972 4577 2369 4676 agitaverit
2424 4575 2547 4653 vel
2600 4575 3033 4677 spoliaverit
3082 4598 3425 4674 quocun-

647 4731 792 4807 que
830 4702 1092 4803 mod03
1149 4701 1412 4780 eadem
1449 4701 1717 4820 debet,
1775 4729 1963 4804 quae
2020 4702 2083 4779 si
2136 4703 2215 4778 in
2266 4700 2545 4778 ditione
2596 4712 2853 4778 nostra
2888 4701 3075 4777 haec
3110 4700 3423 4777 commi-

643 4830 880 4909 sisset.

855 5060 965 5139 Εἴ
992 5090 1102 5162 τις
1139 5058 1279 5140 τὸν
1315 5058 1813 5165 ἀνδροφόνον
1851 5053 1997 5163 ὁρᾷ
2050 5056 2407 5160 περιιόντ’
2446 5068 2534 5137 ἐν
2570 5070 2727 5151 τοῖς
2764 5060 2993 5164 ἱεροῖς
3029 5066 3169 5137 καὶ
3206 5056 3417 5135 κατά

610 5182 758 5280 τήν
821 5182 1158 5293 ἀγοράν,
1221 5184 1552 5293 ἀπάγειν
1610 5190 1903 5280 ἔξεστιν
1960 5191 2064 5276 εἰς
2118 5182 2209 5263 τό
2273 5185 2828 5293 δεσμωτήριον,
2890 5184 3051 5264 οὐκ
3088 5184 3419 5279 οἴκαδε,
