3725 5850
646 399 818 482 aeo'
1355 428 1975 486 commi-Anius
2010 427 2125 481 An
2163 423 2318 483 12³2.
2360 426 2521 484 tuo.
2562 403 2720 485 ιιιέ.

1796 617 1950 702 Ad
1982 617 2269 702 1880.

855 765 970 842 of.
1011 765 1366 845 Boeckhii
1413 795 1615 870 corp.
1655 768 1987 868 inscript.
2027 793 2138 867 gr.
2181 767 2309 842 Nr.
2353 769 2458 842 90
2495 775 2569 842 et
2612 767 2838 842 1691.

1798 977 1952 1062 Ad
1986 977 2275 1060 1240.

854 1145 1348 1222 Demosth.
1409 1145 1524 1221 de
1581 1145 2183 1220 Halonneso.
2242 1141 2387 1216 79:
2442 1139 2988 1221 Macedonibus
3043 1143 3406 1246 recipera-

641 1271 846 1348 tione
885 1297 1052 1346 cum
1091 1269 1672 1348 Atheniensibus
1718 1296 1877 1345 non
1934 1295 2096 1345 esse
2152 1295 2383 1370 opus,
2440 1270 2929 1371 praeteritum
2966 1280 3265 1372 tempus
3300 1297 3407 1348 ar·

638 1407 998 1495 gumento
1038 1395 1153 1470 sit.
1232 1396 1494 1496 Neque
1553 1395 1747 1470 enim
1801 1393 1919 1470 vel
1960 1393 2329 1494 Amyntas
2369 1390 2697 1494 Philippi
2736 1405 2953 1496 pater
2991 1394 3113 1470 vel
3154 1395 3411 1496 reliqui

637 1547 856 1624 reges
927 1547 1260 1623 unquam
1334 1521 1949 1622 reciperationem
2004 1545 2174 1596 cum
2234 1517 2537 1595 civitate
2612 1530 2869 1596 nostra
2923 1521 3413 1621 pepigerunt,

640 1648 978 1750 quamvis
1035 1661 1218 1724 tunc
1273 1647 1490 1750 plura
1536 1647 1987 1724 commercia
2044 1671 2269 1746 quam
2316 1671 2515 1720 nunc
2552 1644 2941 1722 nobiscum
2982 1648 3073 1723 iis
3108 1648 3417 1722 interce-

639 1772 920 1849 derent.
991 1773 1188 1850 Nam
1242 1773 1322 1848 in
1376 1783 1630 1850 nostra
1679 1784 2051 1874 potestate
2092 1782 2252 1848 erat
2288 1770 2733 1848 Macedonia
2770 1782 2847 1846 et
2884 1772 3164 1848 tributa
3202 1770 3421 1848 nobis

635 1895 1023 1998 pendebat
1041 1908 1116 1973 et
1145 1899 1495 1999 emporiis
1533 1910 1713 1975 tunc
1751 1900 1991 1996 magis
2030 1923 2252 1999 quam
2294 1919 2494 1972 nunc
2514 1905 2665 1971 tam
2704 1921 2845 1971 nos
2866 1895 3163 1974 illorum
3203 1922 3421 1997 quam

636 2021 779 2123 ipsi
819 2022 1092 2099 nostris
1131 2025 1570 2119 utebantur,
1631 2037 1708 2101 et
1751 2022 2039 2126 judicia
2084 2031 2577 2097 mercatorum
2614 2047 2767 2096 non
2806 2034 3023 2097 erant
3056 2023 3164 2097 ita
3200 2047 3417 2097 accu-

638 2159 834 2236 rata,
892 2156 972 2223 ut
1008 2175 1244 2242 nunc,
1306 2175 1494 2248 quae
1553 2149 1729 2250 quia
1783 2172 2043 2224 mense
2102 2145 2589 2239 dirimuntur,
2648 2145 3029 2240 efficiunt,
3090 2157 3173 2222 ut
3210 2158 3421 2223 tanto

635 2273 961 2348 locorum
997 2273 1392 2350 intervallo
1431 2273 1747 2374 sejuncti
1785 2271 2323 2373 reciperatione
2384 2270 2568 2346 nihil
2623 2271 3035 2370 indigeant.
3114 2269 3263 2348 Sed
3310 2281 3419 2347 ta-

634 2421 802 2473 men
843 2425 1069 2498 quum
1105 2397 1252 2474 illis
1289 2399 1751 2500 temporibus
1789 2397 1935 2476 tale
1971 2397 2154 2474 nihil
2192 2399 2266 2472 in
2306 2423 2445 2473 usu
2484 2407 2712 2490 esset,
2752 2423 2908 2473 non
2948 2397 3418 2496 expediebat,

633 2533 715 2598 ιιι
751 2535 974 2624 pacta
1010 2523 1547 2626 reciperatione
1603 2523 1697 2600 ad
1746 2525 1920 2624 jura
1976 2523 2303 2624 petenda
2355 2522 2476 2598 vel
2524 2545 2564 2594 e
2604 2521 3045 2598 Macedonia
3082 2519 3419 2600 Athenas

633 2645 753 2724 vel
791 2647 1102 2726 Athenis
1140 2650 1215 2724 in
1257 2647 1772 2727 Macedoniam
1807 2649 2331 2747 navigaretur,
2382 2646 2514 2722 sed
2554 2657 2637 2722 ut
2674 2647 3229 2724 controversias
3270 2673 3411 2724 nos

631 2773 970 2867 illorum,
1012 2774 1120 2849 sic
1156 2774 1260 2851 illi
1301 2775 1574 2851 nostris
1611 2773 1907 2874 legibus
1936 2772 2258 2876 judicari
2296 2771 2797 2874 patiebantur.

849 2896 930 2975 Si
965 2898 1196 3000 igitur
1231 2899 1574 2978 civitates
1613 2899 1818 2979 nullo
1857 2897 2425 3001 reciperationis
2468 2899 2640 3001 jure
2679 2899 3174 3001 conjunctae,
3234 2926 3413 2977 con-

631 3011 1030 3103 troversias
1083 3025 1617 3127 cujuscumque
1675 3024 1996 3103 civitatis
2046 3020 2468 3117 hominum,
2525 3024 2849 3125 propriis
2909 3024 3063 3101 suis
3118 3025 3415 3123 leg-ibus

618 3150 1182 3252 judicaverant,
1240 3149 1555 3250 planum
1592 3150 1889 3229 videtur
1928 3176 2129 3245 esse,
2186 3174 2279 3229 ex
2316 3146 2461 3225 hoc
2496 3148 3029 3226 Demosthenis
3066 3150 3275 3244 loco,
3312 3150 3413 3226 ci-

629 3274 894 3351 vitates
947 3278 1508 3377 reciperationis
1553 3278 1725 3378 jure
1781 3278 2221 3378 conjunctas
2244 3334 2262 3370 ,
2323 3276 2529 3353 illum
2583 3276 3027 3355 observasse
3086 3276 3411 3369 modum,

629 3412 714 3477 ut
767 3403 1314 3479 controversias
1369 3403 1648 3479 civium
1704 3412 2226 3479 extraneorum
2248 3458 2267 3497 ,
2344 3428 2497 3478 non
2554 3401 2967 3479 secundum
3020 3404 3367 3505 proprias
3388 3461 3407 3497 ,

631 3526 762 3603 sod
815 3526 1081 3603 horum
1133 3538 1672 3605 extraneonum
1728 3527 2011 3629 patrias
2079 3528 2287 3626 leges
2344 3526 2799 3605 dirimerent.
2874 3526 2959 3605 Si
3010 3528 3243 3629 igitur
3294 3530 3413 3605 vir

631 3650 1110 3729 Atheniensis
1147 3677 1318 3728 cum
1357 3652 1954 3731 Lacedaemonio
1994 3650 2313 3729 Athenis
2350 3650 2718 3751 litigasset
2738 3709 2757 3748 ,
2812 3654 3227 3731 secundum
3264 3654 3407 3731 La-

629 3779 1147 3857 cedaemonias
1167 3836 1186 3875 ,
1226 3780 1287 3855 si
1325 3792 1574 3858 autem
1609 3778 1962 3884 Spartae,
2000 3778 2411 3857 secundum
2450 3776 2941 3859 Athenienses
2978 3778 3190 3881 leges
3226 3778 3401 3858 fuis-

628 3914 744 3983 set
777 3930 899 3983 res
935 3904 1370 3983 dirimenda.

841 4030 930 4108 Id
968 4058 1266 4132 quoque
1303 4057 1346 4108 e
1385 4031 1919 4109 Demosthenis
1954 4030 2125 4108 looo
2172 4031 2547 4131 sequitur,
2606 4031 2804 4109 inter
2838 4029 3001 4111 illas
3038 4030 3401 4123 civitates,

627 4178 820 4256 quae
857 4157 1028 4234 lites
1063 4169 1564 4235 mercatorum
1599 4159 1796 4236 intra
1831 4159 2049 4237 unius
2082 4158 2359 4235 mensis
2380 4157 2707 4259 spatium
2744 4156 3211 4253 dirimebant,
3252 4184 3403 4236 non

627 4282 854 4361 fuisse
893 4284 1349 4362 necessarias
1384 4284 1464 4359 in
1501 4284 1756 4363 litibus
1793 4297 2286 4365 mercatorum
2323 4283 2920 4385 reciperationes.

1774 4494 1928 4579 Ad
1960 4496 2249 4580 1243.

841 4660 1114 4739 Pollux
1153 4661 1362 4760 VIII,
1401 4662 1547 4739 88:
1604 4665 1744 4735 καὶ
1797 4657 1892 4737 vd
1954 4658 2313 4761 σύμβολα
2371 4664 2487 4758 (οἱ
2528 4666 3041 4761 θεσμοθέται)
3078 4657 3174 4736 τά
3218 4658 3397 4760 πρὸς

623 4781 755 4872 τὰς
794 4787 1050 4870 πόλεις
1086 4786 1486 4884 κυροῦσιν.
1547 4790 1756 4868 Haec
1795 4814 1946 4867 non
1986 4791 2201 4868 aliter
2246 4802 2561 4893 possunt
2598 4790 3053 4869 concordare
3090 4814 3263 4867 cum
3300 4790 3391 4866 ci·

623 4924 777 4991 tato
834 4912 1356 4990 Demosthenis
1409 4917 1572 4992 loco
1597 4974 1614 5009 ,
1673 4941 1899 5016 quam
1956 4917 2017 4994 si
2078 4917 2613 5011 concedamus,
2674 4919 2811 4993 sub
2867 4916 3389 4993 thesmotheta·

622 5062 786 5115 rum
823 5038 1191 5179 praesidip
1247 5052 1738 5119 convocatum
1791 5042 2019 5119 fuisse
2048 5042 2415 5145 judicium
2454 5042 2549 5119 ad
2586 5036 3175 5119 confirmandam
3211 5040 3383 5117 reci-

624 5166 1106 5267 perationem.
