3725 5850
864 460 1483 516 commnnmmus
1524 464 1565 513 A
1580 464 1627 512 n
1666 461 1789 516 657.
1832 460 1960 517 σεο.
1999 462 2125 517 662.
2167 460 2292 518 663.
2336 466 2463 521 665.
2899 443 3048 519 501

274 662 609 753 sumptus
646 651 833 749 litis,
893 680 1081 753 quos
1134 654 1411 731 frustra
1458 655 1851 756 impendes
1890 715 1907 734 .
1950 716 1967 734 .
2009 716 2024 733 .
2065 658 2138 734 id
2197 671 2310 735 est
2360 659 2722 736 decimam
2760 672 3054 762 partem

270 775 417 853 litis
490 779 919 858 aestimatae
943 838 961 875 ‚
1036 806 1226 882 quae
1316 806 1739 883 synonyme
1813 795 2126 862 vocatur
2198 780 2808 883 παρακαταβολή
2882 786 3050 880 (sti-

270 902 615 1002 pulatio).

1448 1008 1601 1095 Ad
1640 1011 1771 1093 65
1784 1014 1874 1096 7.

482 1171 689 1249 Haec
745 1172 1127 1274 composui
1180 1200 1220 1251 e
1258 1177 1509 1253 verbis
1565 1180 1923 1255 oratoris:
1979 1174 2442 1253 καλούντων
2479 1171 2729 1254 αὐτὸν
2764 1180 2871 1263 εἰς
2907 1172 3051 1267 τήν

270 1290 681 1393 ἀνάκρισιν
717 1295 875 1371 τῶν
912 1291 1333 1396 ἀρχόντων.
1396 1301 1687 1395 (Quum
1742 1304 2140 1383 archontes
2197 1331 2368 1382 eum
2404 1306 2501 1382 ad
2539 1305 3048 1406 cognitionem

270 1448 533 1500 causae
572 1428 993 1518 vocarent.)

480 1566 613 1641 Et:
670 1567 778 1651 εἰς
814 1560 959 1655 τὴν
996 1560 1409 1666 ἀνάκρισιν
1446 1566 1939 1665 καλούμενος
1989 1566 2146 1667 οὐχ
2200 1562 2668 1661 ὑπήκουσεν.
2731 1571 3044 1668 (Accer-

266 1691 447 1767 situs
485 1691 582 1768 ad
620 1692 1127 1793 cognitionem
1163 1720 1431 1773 causae
1471 1721 1625 1771 non
1660 1698 1976 1797 paruit.)

1442 1906 1594 1989 Ad
1636 1909 1870 1993 660.

478 2073 729 2151 Schol.
786 2077 867 2151 in
921 2077 1307 2152 Demosth.
1366 2075 1670 2152 Midian.
1733 2075 1912 2171 515,
1959 2074 2096 2152 14:
2155 2070 2384 2149 Μετὰ
2439 2070 2532 2149 τὸ
2581 2068 3046 2171 ἀποκληρω-

272 2195 505 2285 θῆναι
543 2194 631 2271 τὸ
674 2195 1167 2297 δικαστήριον
1223 2196 1576 2275 ἐδίδοντο
1616 2209 1773 2285 τοῖς
1816 2204 2328 2296 θεσμοθέταις
2365 2200 2444 2274 αἱ
2485 2202 2826 2303 γραφαὶ,
2885 2192 3044 2272 κᾶ-

266 2332 514 2397 κεῖνοι
562 2319 867 2421 ἠρώτων
922 2321 1241 2415 λοιπὸν,
1298 2324 1567 2425 βούλει
1625 2336 2088 2429 κατηγορεῖν
2107 2360 2136 2417 ,·
2193 2321 2240 2416 ἢ
2267 2323 2662 2425 μάρτυρας
2702 2327 2898 2421 ἔχεις
2935 2328 3042 2411 εἰς

267 2445 393 2535 τάς
450 2446 877 2541 ἀποδείξεις
938 2455 1291 2549 ἑτοίμους
1316 2485 1343 2541 ,·
1398 2457 1534 2527 καί
1592 2457 1666 2527 εἰ
1720 2432 2185 2548 συνέῷησεν,
2256 2447 2500 2539 οὕτως
2560 2445 2699 2542 ἤδη
2761 2446 3044 2525 λοιπὸν

264 2572 620 2677 εἰσήγετο.
697 2579 1150 2679 (Postquam
1205 2591 1405 2656 sorte
1462 2581 1727 2657 fuisset
1762 2581 2224 2679 assignatum
2249 2581 2659 2683 judicium,
2715 2579 3040 2655 thesmo-

262 2701 479 2779 thetis
539 2703 908 2782 dabantur
964 2707 1295 2782 actiones
1358 2706 1741 2807 publicae,
1809 2720 1887 2783 et
1919 2706 2026 2783 illi
2068 2707 2394 2809 primum
2430 2704 3038 2805 interrogabant:

264 2827 469 2903 visne
509 2853 852 2906 asousare
876 2831 913 2905 ⁶?
951 2830 1283 2907 habesne
1328 2840 1552 2907 testes
1592 2832 1687 2907 ad
1724 2832 2210 2934 probationes
2248 2831 2608 2934 paratos?
2658 2832 2754 2907 Et
2791 2829 2850 2905 si
2887 2828 3032 2907 fas-

263 2981 380 3029 sus
420 2966 659 3048 esset,
717 2955 823 3033 ita
846 2957 1010 3060 jam
1046 2955 1655 3035 introducebatur
1692 2960 1982 3049 causa.)

1435 3165 1586 3248 Aa
1626 3169 1858 3250 662.

471 3330 716 3408 Schol.
755 3334 832 3408 in
870 3331 1355 3410 Demosthen.
1397 3333 1699 3408 Midian.
1746 3334 1923 3428 541,
1967 3333 2106 3408 23:
2169 3327 2570 3416 Πολλάκις
2611 3331 2685 3405 οἱ
2725 3325 3034 3404 ἀντίδι-

259 3484 384 3528 κοι
424 3452 1056 3558 παρεγράφοντο·
1120 3450 1267 3556 »οὐ
1330 3451 1515 3555 πρὸς
1575 3453 1962 3545 διαιτητήν
2008 3485 2108 3554 με
2158 3459 2579 3554 κρίνεσθαι
2619 3452 2770 3544 δεῖ,
2838 3450 3052 3552 ἀλλὰ.

260 3579 437 3680 πρὸς
477 3574 825 3680 ἄρχοντα
864 3577 908 3672 ἢ
950 3587 1468 3678 θεσμοθέτην,
1532 3577 1626 3656 οὐ
1672 3583 1745 3656 σέ
1790 3579 1910 3656 δεῖ
1938 3592 2444 3686 κατηγορεῖν,
2509 3577 2677 3655 ἀλλ’
2733 3587 2992 3680 ἕτερον
3007 3635 3030 3670 ,

262 3703 353 3781 οὐ
414 3707 607 3796 νῦν,
668 3704 834 3782 ἀλλ’
892 3699 1207 3796 αὕθ·ις“,
1267 3711 1403 3780 καὶ
1460 3703 1555 3780 τά
1614 3708 1962 3785 τοιαῦτα.
2040 3709 2322 3811 (Saepe
2381 3707 2785 3785 adversarii
2843 3709 3034 3784 exci-

259 3837 602 3936 piebant:
667 3863 868 3931 „non
925 3836 1127 3937 apud
1187 3836 1549 3912 arbitrum
1603 3848 1903 3937 oportet
1938 3862 2058 3912 me
2087 3836 2443 3938 judicari,
2501 3835 2634 3912 sed
2674 3834 2878 3934 apud
2917 3859 3030 3908 ar-

260 3961 597 4036 chontem
655 3961 773 4037 vel
831 3961 1443 4057 thesmothetam3
1522 3989 1676 4038 non
1736 3975 1813 4038 tu
1874 3962 2101 4038 debes
2157 3985 2549 4052 accusare,
2607 3960 2740 4036 sed
2799 3960 3030 4056 alter3

260 4113 401 4162 non
441 4111 643 4164 nunc
681 4088 814 4164 sed
852 4088 1128 4184 alias“;
1187 4099 1261 4165 et
1297 4088 1623 4182 similia.)

1431 4300 1583 4383 Ad
1623 4300 1857 4384 663.

466 4465 912 4563 Intelligitur
956 4467 1521 4567 jusjurandum,
1580 4492 1727 4567 quo
1786 4491 1866 4542 se
1915 4466 2117 4541 cives
2161 4463 2593 4560 obligarunt
2631 4460 2866 4562 pulsis
2905 4460 3032 4536 tri-

259 4591 465 4686 ginta
502 4593 1374 4692 ty1·annis‚quaecunque
1414 4593 1553 4666 sub
1596 4590 1739 4666 illis
1780 4589 2247 4682 accidissent,
2272 4587 2631 4663 oblivioni
2671 4584 3030 4662 tradendi.

468 4715 586 4792 Cf.
632 4714 993 4792 Andocid.
1032 4717 1123 4792 de
1164 4717 1537 4816 mysteriis
1577 4709 1645 4814 ξ.
1684 4715 1811 4792 81.

1433 4925 1584 5008 Ad
1625 4925 1857 5008 665.

476 5091 775 5169 Bekker
820 5089 1096 5168 Anecd.
1146 5121 1257 5190 gr.
1296 5096 1351 5170 I.
1390 5121 1463 5194 p.
1504 5095 1701 5168 202:
1768 5089 1876 5166 Τὸ
1926 5093 2076 5188 μὲν
2130 5085 2354 5183 ἀφείς
2411 5094 2620 5164 ἐστιν
2677 5081 2868 5161 ὅταν
2923 5113 3032 5170 τις

270 5207 608 5312 ἀπολύσῃ
649 5214 819 5292 τινά
862 5217 1017 5290 τῶν
1056 5216 1599 5322 ἐγκλημάτων,
1662 5205 1772 5290 ὦν
1810 5221 2127 5320 ἐγκαλεῖ
2162 5209 2420 5314 αὐτῷ·
2479 5209 2568 5287 τὸ
2619 5210 2690 5284 δ’
2729 5207 2777 5284 ἆ
2802 5241 2850 5284 π
2875 5214 3032 5285 αλ-
