3725 5850
1066 505 1167 555 m:
1212 504 1355 555 css
1369 501 1513 553 mm
1546 502 1645 553 εἰ·
1682 500 2201 556 οοοΝΑτιοΝΒ.
2866 479 3013 561 341

1522 692 1747 770 1317.

473 840 877 944 Propingui
914 853 1088 918 sunt
1125 840 1251 940 qui
1290 865 1331 915 e
1370 838 1727 917 fratribus
1767 851 1842 915 et
1877 839 2386 941 patruelibus,
2442 842 2622 919 item
2661 868 2700 919 e
2740 845 3020 945 patruis

278 980 342 1047 et
374 969 749 1046 avunculis
784 967 1027 1069 gradu
1064 965 1403 1068 proximo
1447 965 1896 1063 contingunt
1931 964 2406 1063 defunctum3
2444 968 2572 1068 qui
2608 980 2858 1045 autem
2881 996 3018 1046 ex·

276 1106 375 1179 tra
407 1095 573 1189 hos,
626 1106 803 1171 sunt
841 1094 1203 1171 duntaxat
1256 1116 1500 1189 cogn
1522 1089 1678 1166 ati.
1753 1087 1855 1167 At
1913 1091 2040 1190 qui
2103 1116 2238 1194 per
2273 1102 2734 1171 contractum
2767 1097 3018 1172 matri-

273 1220 573 1297 monium
610 1218 907 1297 familiis
947 1219 1260 1297 admixti
1298 1227 1513 1313 sunt,
1583 1215 1930 1293 dicuntur
1981 1216 2480 1309 familiare
2502 1246 2557 1295 s.

1513 1378 1743 1454 1318.

455 1499 553 1581 ‘0
589 1500 821 1604 νόμος
858 1499 992 1590 τάς
1028 1497 1469 1607 ἀγχιστείας
1507 1508 1667 1589 τοῖς
1704 1498 2094 1605 ἐγγυτάτω
2134 1506 2333 1606 γένει
2373 1496 2821 1578 ἀποδίδωσι.

1657 1630 2086 1727 (Demosth.
2127 1628 2487 1711 Leochar.
2535 1633 2806 1725 1081.)

1532 1791 1758 1869 1318.

464 1916 621 1997 Lex
657 1944 937 2021 genere
976 1918 1335 2021 proximis
1359 1918 1485 2020 jus
1525 1917 2100 2020 propinguitatis
2139 1916 2412 1997 tribuit.

1513 2077 1740 2157 1319.

469 2202 643 2281 Οὐκ
698 2210 1071 2311 ἐγγυτέρω
1126 2202 1257 2296 τῆς
1314 2199 1755 2308 ἀγχιστείας
1811 2206 2009 2278 εἰσιν
2064 2205 2137 2278 οἱ
2166 2202 2363 2303 μετά
2398 2235 2607 2297 τινος
2644 2205 2928 2305 φύντες
2969 2202 3018 2303 ἢ

267 2332 331 2404 οἱ
366 2330 456 2405 ἔκ
490 2358 696 2418 τινος
732 2328 1169 2435 γεγονότες·
1232 2331 1303 2406 οἱ
1350 2332 1501 2428 μὲν
1556 2326 1704 2433 γάρ
1764 2323 2284 2427 ὀνομάζονται
2334 2344 2773 2437 συγγενεῖς,
2832 2337 2904 2411 οἱ
2947 2333 3016 2409 δ’

267 2457 591 2559 ἔκγονοι.
1571 2458 1867 2551 (Isaeus
1905 2456 1997 2533 de
2037 2456 2288 2535 Ciron.
2333 2458 2487 2539 her.
2526 2457 2591 2564 ξ.
2632 2464 2800 2557 30.)

1520 2620 1749 2694 1319.

460 2749 545 2826 In
604 2748 1247 2847 consanguinitate
1307 2770 1459 2821 non
1516 2744 1980 2821 collaterales
2047 2744 2372 2845 aliquem
2427 2751 2733 2852 propius
2793 2754 3012 2829 attin-

262 2886 437 2974 gunt
488 2901 705 2976 quam
743 2872 1324 2969 descendentes3
1377 2869 1593 2947 alteri
1632 2870 1829 2946 enim
1866 2869 2090 2946 modo
2128 2883 2304 2950 sunt
2343 2878 2644 2973 cognati
2682 2876 3010 2980 alicujus,

263 2999 458 3077 alteri
498 3028 679 3079 vero
718 3013 893 3078 sunt
931 3027 1025 3078 cx
1067 3025 1155 3076 eo
1193 2997 1370 3074 nati.
1512 3103 1717 3180 132⁰

461 3229 770 3329 Πατρός
830 3230 1173 3336 θυγάτηρ
1230 3231 1602 3332 ἐγγυτέρω
1657 3223 1797 3302 τοῦ
1860 3231 2128 3331 γένους
2186 3233 2393 3305 ἐστὶν
2451 3225 2497 3323 ἢ
2542 3225 2909 3329 ἀδελφός·
2967 3229 3008 3330 ἧ

253 3358 387 3452 μὲν
423 3353 569 3461 γὰρ
607 3363 685 3448 ἐξ
723 3361 1035 3434 ἐκείνου
1075 3362 1417 3460 γέγονεν,
1458 3345 1501 3427 o‘
1548 3351 1625 3428 δὲ
1655 3359 1824 3452 μετ’
1865 3355 2198 3434 ἐκείνου.
2284 3355 2671 3460 Θυγατρός
2712 3357 2788 3436 δὲ
2829 3373 3012 3437 παῖ-

260 3480 367 3569 ὃες
417 3489 788 3588 ἐγγυτέρω
844 3478 891 3574 ἢ
947 3477 1319 3576 ἀδελφὸς·
1394 3484 1612 3582 γένος
1667 3473 1812 3582 γάρ
1871 3474 2040 3554 ἀλλ’
2097 3474 2284 3578 οὐχὶ
2341 3489 2740 3587 συγγένεια
2795 3485 3006 3563 τοῦτ’

259 3612 475 3684 ἐστίν.
1565 3609 1857 3702 (Isaeus
1897 3607 1990 3684 de
2028 3603 2282 3686 Ciron.
2324 3610 2476 3687 her.
2517 3607 2584 3713 ξ.
2626 3612 2796 3710 33.)

1510 3769 1737 3846 1320.

459 3897 700 3975 Patris
738 3896 891 3975 filia
929 3898 1275 3999 proprius
1315 3893 1529 3972 abest
1566 3923 1611 3974 a
1646 3898 1876 3998 stirpe
1928 3923 2149 3999 quam
2189 3899 2461 3998 frater3
2516 3899 2642 3978 illa
2680 3901 2880 3978 enim
2916 3929 3009 3996 ex

256 4025 407 4125 ipso
464 4033 647 4099 nata
704 4035 855 4118 est,
912 4023 1143 4099 frater
1196 4031 1444 4098 autem
1501 4021 1968 4099 solummodo
2030 4048 2198 4099 cum
2251 4025 2438 4126 ipso.
2514 4027 2762 4103 Etiam
2811 4029 3006 4106 filiae

252 4149 455 4227 liberi
514 4150 895 4252 propiores
952 4159 1125 4224 sunt
1160 4174 1385 4250 quam
1421 4149 1651 4226 frater
1671 4176 1715 4224 :-
1746 4149 1888 4225 hoc
1943 4148 2144 4225 enim
2177 4174 2416 4248 genus
2465 4164 2613 4249 est,
2669 4179 2821 4233 non
2881 4180 3004 4233 co·

256 4277 522 4373 gnatio.

1518 4383 1554 4457 1
1569 4381 1668 4459 32
1685 4384 1743 4460 1.

466 4503 627 4582 Τὸν
660 4501 841 4583 υἱόν
876 4511 1013 4582 καὶ
1050 4503 1194 4598 τήν
1232 4511 1619 4610 θυγατέρα
1676 4503 2154 4607 οἰκειότερον
2207 4503 2405 4583 εἶναι
2463 4506 2766 4610 ἑκάστῳ
2795 4504 3006 4609 μᾶλ-

256 4637 385 4710 λον
424 4628 473 4724 ἢ
506 4630 649 4708 τὸν
684 4627 1182 4726 ἀδελφιδοῦν.
1500 4633 1924 4729 (Demosth.
1967 4633 2134 4713 adv.
2175 4635 2478 4714 Macart.
2520 4636 2789 4732 1057.)

1517 4796 1554 4871 1
1570 4797 1746 4873 321.

457 4919 688 5002 Filius
711 4931 785 5001 et
803 4919 956 5000 filia
972 4920 1367 5023 unicuique
1387 4923 1611 5023 longe
1634 4923 2100 5024 conjunctior
2118 4933 2253 5020 est,
2276 4947 2499 5025 quam
2522 4923 2766 5004 fratris
2786 4923 2999 5004 filius.

1515 5089 1742 5167 1322.

458 5208 723 5290 Πάλιν
762 5205 805 5289 o‘
846 5207 1115 5300 υἱδοῦς
1148 5215 1287 5290 καὶ
1327 5201 1370 5288 ὅ
1414 5217 1505 5288 ἐκ
1560 5211 1689 5303 τῆς
1752 5209 2144 5317 θυγατρὸς
2181 5203 2384 5304 vide,
2447 5197 2662 5290 οὗτοι
2705 5211 3002 5291 οἰκειό-
