3725 5850
686 388 845 463 414
1606 354 2224 461 consummamus
2257 406 2366 459 An
2401 404 2457 461 a.
2493 400 2550 458 s.

688 604 1031 705 exemplo
1068 623 1361 703 ponens
1380 656 1401 697 ,
1457 598 1716 679 decem
1774 600 2103 680 tribuum
2157 598 2490 699 singulas
2545 599 2622 678 in
2660 609 2916 677 ternas
2959 587 3318 693 τριττύας
3357 591 3476 671 di-

687 728 863 805 visit
918 727 1013 804 ad
1064 727 1565 827 phratriarum
1622 725 2220 822 similitudinem,
2282 750 2472 826 quae
2531 724 2750 825 plane
2807 723 3152 802 diversae
3209 746 3259 797 a
3314 717 3474 795 Oli-

688 851 972 930 sthenis
1008 846 1345 948 τριττύσι
1384 862 1593 929 sunt:
1654 851 2014 953 gentibus
2065 850 2446 929 substituit
2504 848 2798 944 demes,
2851 847 2980 949 qui
3021 845 3318 955 partim
3375 870 3474 923 ex

688 977 869 1079 ipsis
924 978 1276 1077 gentibus
1332 978 1790 1055 denominati
1848 986 2060 1072 sunt,
2115 972 2288 1053 licet
2342 973 2618 1052 diversi
2671 1000 2719 1049 a
2777 970 3134 1071 gentibus
3183 996 3472 1069 cogno-

688 1102 1063 1179 minibus:
1159 1110 1380 1202 atque
1456 1113 1541 1179 ut
1612 1112 1879 1202 gentes
1943 1098 2438 1178 continebant
2509 1090 2928 1195 τριακάδας
2961 1150 2986 1183 ,
3063 1097 3171 1176 ita
3239 1096 3469 1173 etiam

688 1230 771 1305 in
828 1228 1062 1306 demis
1120 1229 1567 1306 constitutae
1622 1221 2025 1324 τριακάδας
2080 1236 2256 1303 sunt
2292 1252 2338 1303 a
2372 1225 2774 1327 gentiliciis
2817 1217 3462 1321 distinguendae.“

690 1353 945 1429 Boeo
966 1352 1257 1431 khius
1312 1378 1511 1453 corp.
1550 1354 1772 1430 inscr.
1808 1379 1922 1451 gr.
1961 1353 2022 1448 Ι,
2068 1351 2242 1427 141.
2315 1352 2406 1431 In
2467 1349 2768 1430 decreto
2823 1350 3052 1449 igitur
3103 1346 3456 1425 Piraeeu-

689 1477 879 1555 sium
915 1478 995 1556 in
1032 1480 1399 1557 honorem
1435 1476 2003 1556 Callidamantis
2044 1480 2288 1579 (corp.
2323 1477 2542 1555 inscr.
2585 1476 2717 1555 Nr.
2759 1474 2956 1580 1012
2993 1478 3452 1567 κατανεῖμαι

691 1598 769 1676 δὲ
809 1596 1060 1677 αὐτὸν
1092 1605 1233 1676 καὶ
1272 1605 1377 1689 εἰς
1410 1599 1793 1701 τριακάδα
1846 1593 1946 1693 ἣν
2001 1596 2104 1679 ἂν
2161 1595 2399 1688 αὐτὸς
2425 1595 2818 1698 βούληται
2841 1652 2866 1687 ,
2923 1608 3206 1701 partem
3259 1597 3458 1673 'demi

690 1728 1063 1831 s'gnfflcat
1093 1725 1433 1827 τριακάς.

906 1855 1195 1933 Heroes
1234 1883 1413 1934 vero
1452 1856 1574 1933 vel
1623 1855 1851 1934 duces
1874 1914 1892 1951 ,
1949 1883 1996 1934 a
2055 1856 2320 1956 quibus
2377 1854 2612 1932 tribus
2667 1878 2939 1931 nomen
2995 1858 3453 1954 acceperunt,

691 1981 1150 2059 vocabantur
1186 1973 1637 2083 ἀρχηγέται,
1694 1982 1768 2059 id
1809 1992 1959 2077 est,
2015 1982 2310 2079 generis
2347 1992 2712 2060 auctores.

894 2104 1379 2201 (Bekkerz
1434 2106 1789 2186 Anecd.
1830 2134 1962 2207 gr.
2000 2108 2056 2185 Ι.
2095 2134 2170 2207 p.
2209 2106 2430 2199 449.)

908 2249 1234 2345 Hei-ces,
1294 2275 1341 2326 a
1394 2248 1662 2349 quibus
1716 2249 1958 2327 tribus
2013 2274 2285 2327 nomen
2339 2259 2831 2351 acceperunt,
2890 2257 3103 2326 sunt:
3183 2244 3446 2322 Erech·

694 2376 950 2472 theus,
991 2374 1326 2475 Aegeus,
1370 2374 1749 2470 Pandion,
1791 2376 1998 2452 Leon
2024 2433 2043 2472 ,
2083 2374 2442 2471 Acamas,
2482 2374 2818 2469 OeneuS,
2861 2373 3231 2473 Cecrops,
3273 2370 3474 2473 Hip-·

695 2502 1065 2604 pothoon,
1107 2501 1337 2603 Ajax,
1379 2499 1810 2579 Antiochus.
1865 2502 2232 2604 (Etymol.
2272 2502 2371 2580 M.
2413 2530 2469 2580 s.
2511 2528 2580 2581 v.
2619 2494 3073 2598 ἐπώνυμοι.)

908 2628 1177 2708 Suidas
1217 2629 1475 2709 scribit
1513 2634 1610 2726 (s.
1650 2658 1721 2708 v,
1760 2625 2236 2727 ἐπώνυμοι);
2273 2651 2446 2708 cum
2484 2630 2978 2712 Athenienses
3015 2630 3446 2723 dubitarent,

698 2752 893 2830 unde
932 2754 1169 2830 tribus
1219 2755 1711 2858 appellandae
1768 2768 2054 2852 essent,
2113 2784 2159 2835 a
2197 2757 2375 2834 viris
2412 2756 2838 2834 clarissimis
2875 2746 3182 2833 nomina
3213 2756 3446 2833 ferun·

697 2892 819 2956 tur
873 2880 963 2956 iis
1000 2880 1479 2982 imposuisse3
1534 2880 1639 2959 ita
1692 2893 1940 2960 tamen
2000 2893 2080 2959 ut
2136 2882 2414 2982 singuli
2469 2893 2770 2960 centum
2824 2881 3132 2959 nomina
3189 2882 3449 2984 scripta

698 3007 879 3084 sorti
916 3006 1485 3086 committerent.

912 3132 1003 3211 In
1074 3131 1613 3212 declamatione
1686 3133 1982 3213 funebri
2044 3135 2530 3215 Demostheni
2605 3135 2982 3240 adscripta
3053 3139 3170 3238 (p.
3239 3135 3444 3212 1397.

700 3251 819 3358 ἓξ.
858 3257 1219 3352 27—31)
1258 3271 1697 3340 enarrantur
1730 3263 1994 3340 merita
2031 3261 2296 3341 horum
2335 3262 2662 3340 heroum.

912 3381 1027 3460 Of.
1066 3384 1385 3462 Pausan.
1418 3388 1479 3481 I,
1522 3390 1593 3484 5,
1636 3387 1869 3464 2-4.

914 3507 1165 3588 Schol.
1218 3512 1299 3588 in
1350 3513 1737 3592 Demosth.
1774 3512 2175 3592 Timocrat.
2216 3515 2393 3608 702,
2438 3515 2577 3594 12:
2625 3505 3072 3614 Ἐπῶνυμοι
3109 3509 3442 3592 καλοῦν-

700 3632 827 3705 ταί
862 3657 1061 3718 τινες
1100 3627 1542 3736 ἀνδριάντες
1582 3627 1847 3736 ἧρώων
1866 3692 1891 3727 ,
1947 3643 2026 3728 ἐξ
2083 3625 2195 3713 ὦν
2231 3637 2664 3715 καλοῦνται
2703 3645 2844 3716 καὶ
2883 3641 2962 3716 αἱ
3002 3639 3188 3718 δέκα
3225 3644 3439 3737 φυλαὶ

702 3762 815 3833 ἐπ’
854 3752 1185 3855 ὀνόματι
1219 3759 1538 3838 τούτων.
1624 3758 1739 3840 Τά
1798 3760 1877 3839 δὲ
1933 3758 2281 3862 ὀνόματα
2335 3763 2494 3842 τῶν
2551 3757 2818 3867 ἡρώων
2871 3765 3161 3858 ταῦτα,
3212 3763 3440 3857 Ἀθη-

702 3885 946 3960 ναίων
981 3875 1235 3961 ὄντων
1282 3884 1505 3974 ἐκτὸς
1540 3888 1880 3976 Αἴαντος
1932 3889 2076 3965 τοῦ
2117 3895 2661 3990 Σαλαμινίου,
2721 3892 3144 3986 Πανδίων,
3198 3889 3436 3996 ’Eoex-

708 4003 933 4099 θεύς,
974 4012 1341 4114 Κέκροψ,
1380 4012 1709 4120 Αἰγεύς,
1754 4015 2074 4108 Οἰνεύς,
2110 4021 2372 4110 Λέων,
2409 4018 2648 4109 Αἴας,
2695 4013 3098 4120 Ἀκάμας,
3147 4015 3434 4098 Ἀντέο-

691 4160 883 4228 χος,
926 4126 1400 4216 Ἱπποθόων.
1479 4143 2002 4248 (Eponymi
2057 4156 2420 4224 vocantur
2476 4156 2762 4226 statuae
2814 4147 3166 4247 heroum,
3207 4175 3268 4225 a
3299 4151 3430 4250 qui·

703 4260 843 4338 bus
898 4265 1129 4340 etiam
1183 4266 1445 4346 decem
1498 4269 1739 4346 tribus
1812 4270 2288 4373 appellantur
2360 4273 2767 4350 secundum
2830 4300 3087 4352 eorum
3141 4277 3429 4352 nomina.

704 4383 1037 4462 Heroum
1093 4403 1377 4490 autem,
1456 4395 1581 4494 qui
1654 4415 1955 4496 praeter
2027 4394 2333 4498 Ajacem
2405 4397 2900 4476 Salaminium
2972 4400 3427 4480 Athenienses

704 4524 957 4610 erant,
1016 4517 1321 4596 nomina
1376 4531 1550 4596 sunt
1603 4521 1829 4600 haec:
1889 4522 2269 4621 Pandion,
2329 4525 2829 4622 Erechtheus,
2889 4525 3257 4629 Cecrops,
3313 4525 3426 4604 Ae·

702 4661 929 4735 gens,
988 4638 1327 4740 Oeneus,
1385 4643 1582 4740 Leo,
1638 4643 1873 4746 Ajax,
1915 4645 2260 4742 Acamas,
2309 4649 2758 4749 Antiochus,
2801 4653 3382 4754 Hippothoon.)·
3431 4669 3436 4679 ·

1940 4857 2090 4943 Ad
2151 4861 2242 4945 Θ.

919 5021 1141 5104 Anno
1178 5019 1355 5100 307.
1394 5050 1457 5101 a.
1496 5017 1633 5104 Oh.
1670 5025 2135 5123 Demetrius,
2176 5040 2364 5108 teste
2401 5029 2734 5108 Diodoro
2775 5031 2992 5128 (XX,
3035 5029 3202 5128 46),
3243 5029 3419 5108 liber-

704 5160 931 5228 tatem
987 5147 1267 5252 populo
1324 5151 1694 5247 integram
1752 5155 2110 5248 restituit,
2187 5157 2552 5234 amicitiae
2610 5183 2904 5258 quoque
2963 5171 3040 5238 et
3093 5159 3448 5238 societatis·
