3725 5850
654 430 808 506 260
1733 451 1856 503 ms
1898 449 2317 505 Ponticum.

1922 639 2153 717 1027.

865 789 1216 864 Κτείνειν
1274 781 1414 860 τὸν
1469 779 1607 875 τὴν
1661 779 1989 884 πατρίδα
2046 777 2508 883 προδιδόντα
2564 789 2703 860 καὶ
2758 780 2971 888 λόγῳ
3024 789 3161 860 καὶ
3210 785 3413 888 ἔργῳ

574 1019 586 1030 ⁰
654 916 790 986 καὶ
814 916 1022 1010 χειρὶ
1065 915 1202 987 καὶ
1245 906 1504 1011 ψήφῳ.
2096 912 2461 1012 (Lyeurg.
2502 939 2563 989 c.
2604 913 2941 992 Leocrat.
2983 911 3197 1007 127.)

1918 1091 2149 1168 1027.

863 1235 1224 1316 Occidere
1283 1247 1580 1341 oportet
1634 1263 1804 1314 eum
1865 1237 1989 1340 qui
2046 1237 2367 1340 patriam
2438 1233 2852 1339 prodiderit
2922 1245 2999 1314 et
3051 1235 3283 1314 verbo
3340 1246 3418 1312 et

653 1389 878 1470 opere
919 1373 995 1442 et
1029 1389 1254 1442 manu
1291 1374 1367 1440 et
1392 1362 1698 1468 judicio.

1927 1469 2151 1548 1028.

853 1609 1049 1690 Ἐάν
1102 1644 1210 1702 τις
1267 1610 1406 1705 τὴν
1464 1609 1690 1690 πόλιν
1727 1607 2109 1712 προδιδῷ,
2166 1615 2747 1712 κατακριθέντα
2782 1619 2867 1688 ἐν
2905 1607 3415 1710 δικαστηρίῳ,

653 1733 756 1816 ἂν
811 1739 1376 1844 καταγνωσθῇ,
1423 1736 1534 1839 μὴ
1583 1737 1924 1836 ταφῆναι
1960 1743 2046 1814 ἐν
2081 1735 2171 1836 τῇ
2202 1732 2570 1836 Ἀττικῇ,
2629 1733 2721 1812 τοὶ
2762 1735 2841 1813 δὲ
2872 1731 3227 1836 χρήματα
3262 1731 3419 1811 αὖ-

651 1867 791 1944 τοῦ
835 1861 1153 1964 δημόσια
1191 1861 1409 1946 εἶναι.
1793 1863 2285 1968 (Xenophon.
2326 1863 2493 1944 hist.
2532 1891 2778 1966 graec.
2818 1867 2877 1962 I,
2916 1865 2990 1964 7,
3030 1865 3199 1960 22.)

1913 2063 2140 2141 1028.

873 2209 952 2287 Si
991 2210 1154 2310 quis
1195 2210 1574 2286 civitatem
1627 2207 2040 2310 prodiderit
2061 2265 2079 2302 ,
2136 2231 2363 2285 causa
2419 2233 2556 2311 pro
2612 2207 2964 2286 tribunali
3018 2207 3321 2306 cognita
3360 2209 3427 2282 si

653 2338 746 2414 sit
784 2335 1175 2412 damnatus
1198 2393 1216 2430 ,
1253 2335 1332 2410 in
1371 2332 1622 2411 Attica
1658 2359 1753 2412 ne
1791 2334 2193 2435 sepeliatur
2215 2391 2233 2428 ,
2291 2333 2493 2411 bona
2547 2359 2727 2412 vero
2784 2333 3016 2436 ipsius
3074 2333 3251 2410 fiseo
3287 2331 3423 2408 ad-

655 2461 1015 2538 dicantur.

1920 2564 2145 2644 1029.

855 2705 1052 2784 Ἐὰν
1090 2705 1276 2805 δόξῃ
1313 2737 1422 2794 τις
1461 2703 1822 2805 προδότης
1856 2700 1967 2783 ὢν
2004 2713 2089 2784 ἐν
2125 2706 2215 2804 τῇ
2246 2704 2465 2807 χώρᾳ
2505 2703 2916 2802 τετάφθαι,
2975 2705 3066 2781 τά
3107 2737 3185 2784 τε
3226 2703 3427 2782 ὀστᾶ

653 2829 902 2910 αὐτοῦ
961 2829 1332 2932 ἀνορύξαι
1371 2816 1507 2907 καὶ
1547 2836 1879 2931 ἐξορίσαι
1921 2831 2062 2922 ἔξω
2102 2831 2227 2925 τῆς
2258 2827 2618 2922 Ἀττικῆς
2642 2889 2661 2921 ,
2720 2825 2919 2919 ὅπως
2959 2827 3060 2908 ἄν
3086 2828 3194 2933 μή
3237 2838 3429 2930 κε’ῃ-

653 2990 777 3035 ται
817 2968 902 3036 ἑν
937 2956 1027 3056 τῇ
1058 2956 1277 3059 χώρᾳ
1309 2955 1494 3056 μηδὲ
1534 2954 1628 3033 τοὶ
1666 2952 1858 3033 ὀστᾶ
1916 2956 2059 3035 τοῦ
2118 2956 2261 3048 την
2299 2956 2569 3056 χώραν
2604 2964 2744 3032 καὶ
2782 2956 2926 3048 τήν
2962 2954 3187 3033 πόλιν
3228 2987 3429 3057 προ-

660 3082 1024 3172 διδόντος.
2096 3088 2459 3187 (Lyeurg-
2502 3112 2563 3163 o.
2603 3086 2941 3163 Leocrat.
2989 3086 3204 3181 113.)

1930 3268 2154 3343 1029.

867 3410 946 3488 Si
985 3421 1350 3513 appareat
1385 3411 1746 3512 aliquem,
1789 3436 2019 3511 quum
2054 3408 2387 3512 proditor
2429 3420 2663 3505 esset,
2702 3411 2779 3486 in
2818 3408 3071 3489 Attica
3106 3434 3268 3487 esse
3306 3436 3431 3487 se-

654 3536 982 3637 pultum,
1037 3562 1204 3613 ossa
1259 3536 1418 3638 ejus
1465 3537 1915 3615 effodiantur
1956 3538 2689 3638 exterminenturque
2727 3546 2941 3614 extra
2975 3547 3249 3614 terram
3288 3534 3431 3614 At-

654 3662 918 3756 ticam,
977 3674 1058 3739 ut
1093 3686 1190 3739 ne
1228 3663 1304 3739 in
1343 3688 1435 3740 ea
1472 3664 1776 3762 regione
1817 3662 2176 3741 recubent
2214 3686 2306 3740 ne
2350 3688 2522 3740 ossa
2560 3661 2861 3764 quidem
2900 3664 3059 3765 ejus
3083 3720 3101 3757 ,
3142 3664 3266 3764 qui
3304 3690 3435 3741 re-

653 3787 957 3885 gionem
997 3799 1069 3865 et
1105 3787 1480 3876 civitatem
1517 3788 1947 3891 prodiderit.
2046 3797 2053 3804 ’

1934 3966 2161 4045 1030.

860 4103 1242 4204 Ἐνόχους
1316 4105 1512 4187 εἶναι
1569 4108 1660 4205 τῇ
1717 4089 2094 4208 προδοσίᾳ
2152 4105 2331 4195 τούς
2390 4104 2823 4211 φεύγοντας
2878 4104 3019 4184 τόν
3070 4099 3261 4206 ὖπὲρ
3298 4108 3439 4198 τῆς

662 4233 1022 4335 πατρίδος
1059 4233 1467 4313 κίνδυνον.
2050 4238 2409 4342 (Lyeurg.
2454 4265 2515 4317 o.
2556 4239 2895 4317 Leocrat.
2936 4234 3005 4339 ξ.
3048 4238 3211 4331 53.)

1933 4416 2158 4494 1030.

871 4562 1009 4638 Rei
1049 4572 1268 4640 sunto
1308 4560 1790 4663 proditionis,
1847 4561 1910 4638 si
1949 4563 2073 4663 qui
2112 4586 2246 4663 pro
2287 4562 2526 4664 patria
2562 4560 2809 4638 subire
2848 4560 3257 4663 perieulum
3294 4560 3439 4637 de-

660 4686 1164 4765 treotaverint.

1940 4796 1974 4871 1
1990 4795 2091 4871 03
2103 4796 2139 4869 1
2152 4852 2167 4871 .

877 4936 982 5012 Εἴ
1013 4968 1119 5025 τις
1159 4934 1542 5035 φρούριόν
1589 4966 1662 5012 τι
1721 4927 2177 5035 προῦδωκεν
2213 4931 2259 5026 ἢ
2298 4934 2503 5011 ναῦν
2542 4930 2587 5027 ἢ
2626 4930 3181 5035 στρατόπεδον,
3241 4940 3329 5010 ἐν
3370 4924 3443 5035 ᾧ

652 5092 878 5162 μερος
951 5094 1024 5137 τι
1098 5058 1474 5165 ἐτύγχανε
1547 5063 1704 5139 τῶν
1789 5062 2122 5141 πολιτῶν
2204 5056 2345 5151 ὂν,
2442 5072 2602 5147 ταῖς
2680 5057 3034 5157 ἐσχάταις
3128 5063 3441 5157 ζημίαις

665 5186 1150 5289 ζημιοῦσθαι.
2021 5190 2352 5293 (Lysias.
2394 5188 2558 5267 adv,
2598 5186 2887 5266 Philon.
2928 5182 2995 5289 §.
3040 5188 3209 5280 26.)
