3725 5850
686 466 842 544 288
1772 497 1896 548 sus
1932 495 2357 549 Punmcou.

683 687 806 764 vcl
841 711 1105 764 manus
1153 687 1273 763 vel
1331 687 1600 791 pedes,
1657 687 1782 765 ille
1840 711 1933 763 ex
1992 685 2287 785 legibus
2325 685 2872 791 Areopagiticis
2930 688 3088 789 ejus
3146 687 3446 764 civitate

679 812 968 907 exalet,
1027 835 1248 912 quem
1286 813 1624 911 laeserit,
1683 823 1758 890 et
1793 811 1854 888 si
1893 810 2081 888 forte
2122 809 2793 909 redierit,·delatus
2832 813 2927 891 ad
2966 813 3445 914 magistratus

681 949 914 1043 morte
947 937 1448 1018 mulctabitur.

1953 1045 2179 1126 1143.

881 1183 1076 1267 Ἐἀν
1147 1195 1284 1266 ἕνα
1357 1184 1801 1290 ὀφθαλμὸν·
1860 1189 2180 1286 {stromog-
2250 1185 2568 1291 ἐκκόψῃ
2640 1219 2749 1278 τις
2784 1246 2804 1279 ,
2880 1183 3447 1266 ἀντεκκόπτειν

677 1308 856 1402 τούς
895 1311 1062 1393 δύο.
1507 1319 1707 1412 (Lex
1746 1317 2038 1396 Solonis
2078 1321 2284 1422 apud
2320 1320 2638 1419 Diogen.
2679 1320 2923 1397 Laert.
2964 1319 3023 1414 1,
3064 1317 3229 1412 57.)

1943 1478 2169 1556 1143.

887 1622 1035 1718 Qui
1107 1622 1324 1702 alteri
1395 1647 1628 1700 unum
1699 1622 2001 1702 oculum
2078 1622 2387 1702 habenti
2466 1650 2639 1706 eum
2704 1624 3019 1720 eruerit,
3092 1623 3161 1702 ei
3215 1621 3445 1700 ambo

675 1757 1048 1826 eruantur.

1947 1853 2173 1934 1144.

892 1977 1108 2085 Todg'
1129 1994 1202 2071 δ’
1241 1993 1858 2100 ἀπογενομένους
1896 2003 1984 2074 ἐν
2018 2007 2178 2086 τοῖς
2215 1994 2481 2096 δήμοις
2503 2054 2526 2087 ,
2587 1988 2724 2086 οὕς
2780 1991 2883 2074 ἂν
2909 1994 3170 2096 μηδεὶς
3207 1991 3441 2072 ἀναι-

672 2119 890 2220 ρῆται
908 2179 934 2212 ,
1010 2127 1474 2229 ἐπαγγελέτω
1529 2111 1572 2197 ό
1631 2117 2013 2223 δήμαρχος
2070 2133 2228 2212 τοῖς
2285 2121 2805 2224 προσήκουσιν
2877 2119 3225 2223 ἀναιρεῖν
3296 2127 3443 2198 καὶ

676 2243 1006 2324 θάπτειν
1063 2252 1198 2324 καὶ
1257 2249 1679 2347 καθαίρειν
1731 2244 1873 2325 τόν
1930 2245 2247 2349 δῆμον,·
2279 2247 2373 2350 τῇ
2432 2243 2663 2352 ἦμέρᾳ
2720 2237 2771 2349 ᾗ
2824 2242 2928 2325 ἂν
2974 2243 3442 2354 ἀπογένηται

669 2375 986 2463 ἕκαστος
1023 2369 1302 2454 αὐτῶν.
1369 2369 1918 2480 Ἐπαγγέλλειν
1972 2373 2051 2452 δὲ
2091 2379 2255 2477 περὶ
2285 2363 2437 2476 μὲν
2474 2373 2631 2454 τῶν
2668 2369 2973 2452 δούλων
3010 2371 3119 2476 τῷ
3159 2371 3441 2452 δεσπό-

668 2529 803 2596 τῃ,
861 2505 1026 2599 περὶ
1086 2499 1163 2576 δὲ
1222 2499 1382 2578 τῶν
1436 2505 1858 2600 ἐλευθέρων
1915 2511 2072 2590 τοῖς
2126 2499 2222 2578 τά
2254 2499 2584 2602 χρήματ’
2622 2504 2978 2600 ἔχουσιν·
3037 2495 3178 2576 ἐάν
3215 2497 3293 2577 δὲ
3323 2495 3437 2601 μὴ

664 2618 716 2724 ᾗ
743 2623 1104 2725 χρήματα
1156 2625 1266 2728 τῷ
1326 2622 1866 2716 ἀποθανόντι,
1905 2637 2066 2716 τοῖς
2134 2621 2604 2725 προσήκουσι
2662 2625 2807 2703 τοῦ
2883 2622 3439 2712 ἀποθανόντος

667 2755 1196 2857 ἐπαγγέλλειν·
1255 2746 1395 2830 ἐὰν
1431 2749 1508 2828 δὲ
1547 2751 1690 2829 τοῦ
1732 2748 2129 2852 δημάρχου
2186 2758 2780 2859 ἐπαγγείλαντος
2808 2747 2921 2852 μή
2964 2747 3438 2852 ἀναιρῶνται

669 2878 743 2953 οἱ
782 2876 1334 2977 προσήκοντες,
1394 2869 1437 2957 ὅ
1467 2879 1619 2979 μὲν
1657 2875 2047 2979 δήμαρχος
2104 2875 2726 2984 ἀπομισθωσάτω
2766 2873 3068 2957 ἀνελεῖν
3102 2883 3243 2955 καὶ
3279 2905 3440 2953 κα-

669 3000 1026 3109 ταθάψαι
1061 3012 1201 3083 καὶ
1236 3004 1588 3107 καθᾶραι
1625 3003 1767 3084 τὸν
1825 3005 2073 3107 δῆμον
2130 3004 2609 3108 αὐθημερὸν,
2668 3000 2871 3095 ὅπως
2908 3000 3012 3083 ἂν
3048 3000 3439 3082 δύνωνται

668 3126 1067 3235 ὀλιγίστου
1091 3156 1108 3174 ·
1164 3129 1306 3211 ἐάν
1341 3132 1417 3212 δὲ
1445 3130 1556 3233 μή
1600 3128 2157 3233 ἀπομισθώσῃ,
2218 3130 2586 3230 ὀφειλέτω
2633 3134 2898 3230 χιλίας
2935 3127 3287 3233 δραχμὰς
3322 3130 3436 3233 τῷ

669 3254 1042 3357 δημοσίῳ·
1105 3254 1152 3335 ὅ
1204 3289 1276 3333 τι
1334 3257 1406 3334 δ’
1444 3254 1548 3337 ἂν
1597 3256 2001 3359 ἀναλώσῃ,
2061 3256 2466 3336 διπλάσιον
2522 3256 2941 3359 πραξάσθω
3008 3253 3211 3356 παρά
3276 3254 3441 3333 τῶν

668 3376 1140 3477 ὀφειλόντων
1164 3410 1178 3427 ·
1237 3378 1379 3462 ε’·ἀν
1418 3381 1494 3461 δὲ
1526 3382 1635 3485 μὴ
1678 3384 1925 3488 πράξῃ
1949 3445 1972 3478 ,
2031 3383 2265 3475 αὐτὸς
2304 3384 2667 3484 ὀφειλέτω
2700 3392 2862 3470 τοῖς
2902 3379 3277 3480 δημόταις.

1917 3514 2345 3610 (Demosth.
2382 3514 2551 3593 adv,
2590 3512 2895 3592 Macart.
2942 3507 3214 3605 1069.)
3358 3554 3365 3557 ·

1926 3672 2155 3753 1144.

880 3816 1328 3895 Interfectos
1391 3829 1640 3896 autem
1695 3819 1774 3896 in
1820 3818 2098 3914 demis,
2157 3844 2342 3921 quos
2378 3844 2603 3897 nemo
2642 3815 3062 3912 sustulerit,
3117 3816 3439 3917 imperet

666 3939 1106 4019 demarchus
1169 3944 1550 4043 cognatiS,
1608 3954 1692 4020 ut
1737 3944 2005 4022 tollant
2042 3952 2117 4019 et
2156 3943 2566 4045 sepeliant,
2627 3953 2704 4018 et
2740 3969 3023 4044 pagum
3060 3950 3436 4044 purgent,

665 4065 931 4143 eodem
969 4066 1086 4145 die
1112 4126 1130 4163 ,
1188 4094 1336 4170 quo
1373 4068 1648 4168 singuli
1685 4070 1907 4147 occisi
1955 4069 2251 4148 fuerint.
2324 4066 2740 4146 Denuntiet
2776 4079 3025 4144 autem
3062 4064 3155 4143 de
3194 4066 3437 4142 servis

664 4191 966 4270 domino
987 4250 1008 4287 ‚
1067 4192 1158 4269 de
1199 4194 1586 4293 ingenuis,
1643 4194 1734 4272 iis
1769 4194 1895 4297 qui
1933 4195 2010 4273 in
2047 4195 2268 4273 bonis
2304 4204 2500 4271 sunt.
2578 4191 2711 4269 Sin
2748 4192 2993 4271 occiso
3030 4191 3235 4269 bona
3271 4218 3439 4269 non

665 4329 920 4414 erunt,
978 4320 1198 4397 occisi
1239 4320 1579 4421 cognatis
1619 4320 2030 4399 denuntiet.
2106 4320 2239 4398 Sin
2286 4330 2457 4424 post
2510 4316 2891 4397 demarchi
2926 4317 3435 4395 denuntiatio-

665 4470 837 4519 nem
876 4446 1174 4547 cognati
1212 4473 1366 4523 non
1405 4447 1875 4544 sustulerint,
1932 4445 2375 4523 demarchus
2430 4444 2845 4523 tollendum
2880 4442 3200 4521 cadaver
3234 4441 3439 4519 locet

665 4578 742 4646 et
776 4570 1292 4672 sepeliendum
1348 4581 1421 4650 et
1475 4572 1952 4677 purgandum
2006 4570 2273 4652 eodem
2326 4571 2445 4648 die
2486 4594 2807 4671 pagum,
2864 4594 3087 4671 quam
3120 4570 3435 4648 minimo

665 4696 956 4799 poterit.
1029 4694 1160 4774 Sin
1199 4682 1352 4775 non
1388 4698 1783 4797 locaverit,
1846 4698 2121 4777 debeto
2160 4698 2362 4775 mille
2400 4696 2787 4775 drachmas
2826 4697 3134 4773 aerario.
3190 4694 3433 4791 Quid-

666 4820 843 4921 quid
898 4833 1150 4899 autem
1202 4822 1689 4927 impenderit,
1747 4824 2061 4930 duplum
2114 4852 2160 4902 a
2215 4822 2665 4902 debentibus
2722 4821 3024 4925 exigito.
3098 4820 3319 4917 Quod
3368 4826 3435 4902 si

663 4972 814 5023 non
852 4947 1153 5041 fecerit,
1209 4949 1370 5052 ipse
1408 4949 1680 5031 debeto
1717 4949 2057 5031 demotis.

1931 5114 2159 5191 1145.

853 5226 1002 5323 ιὉς
1059 5230 1164 5314 ἄν
1216 5226 1480 5338 ἅρχων
1535 5229 1584 5327 ἢ
1636 5234 1929 5330 ἰδιώτης
1978 5236 2221 5327 αἴτιος
2266 5229 2497 5339 ᾗτὸν
2553 5235 2851 5338 θεσμὸν
2904 5238 3411 5345 συγχυθῆναι
