3725 5850
1450 437 1551 485 DE
1588 436 2028 488 socm‘rA'rE.
2959 412 3111 487 395

323 630 813 729 quidcunque
859 628 1401 731 disposuerint,
1458 626 1534 707 id
1584 636 1827 705 ratum
1867 639 2066 719 estc,
2123 629 2266 705 nisi
2306 628 2653 731 publicae
2693 631 2900 727 leges
2941 656 3110 731 pro·

322 758 741 833 hibuerint.

1626 862 1850 939 1538.

546 982 993 1085 Ἐρανιστὴς
1031 989 1315 1084 κυρίως
1353 989 1563 1060 ἐστὶν
1600 976 1643 1059 ὁ
1685 984 1830 1059 τοῦ
1871 982 2149 1083 ε’·ράνου
2179 992 2546 1083 μετέχων,
2605 991 2744 1061 καὶ
2783 983 2924 1077 τὴν
2961 1014 3116 1081 φο-

324 1111 489 1214 ρὰν
532 1106 627 1205 ἢν
668 1112 1004 1189 ἑκάστου
1033 1109 1279 1211 μηνὸς
1318 1109 1436 1186 δεῖ
1466 1108 2028 1210 καταβάλλειν,
2086 1114 2475 1211 εἰσφέρων.

1743 1241 2322 1343 (Harpocratioz
2363 1241 2904 1339 ἐρανίζοντες.)

1629 1404 1665 1477 1
1683 1402 1856 1480 538.

560 1532 975 1609 Collectam
1032 1558 1440 1629 corrogans
1496 1529 1797 1631 proprie
1856 1528 2180 1625 dicitur,
2259 1531 2382 1629 qui
2443 1531 2657 1631 stipis
2713 1526 3115 1603 collatitiae

332 1660 722 1760 particeps
760 1666 873 1732 est
912 1682 999 1733 ac
1036 1656 1475 1757 pensionem
1514 1656 1849 1749 confert,
1911 1682 2134 1757 quam
2173 1656 2484 1755 singulis
2523 1655 2866 1732 conferre
2905 1678 3111 1728 men-

334 1784 553 1859 sibus
594 1796 911 1884 oportet.

1616 1890 1654 1963 1
1670 1890 1847 1965 539.

570 2012 747 2091 Τῶν
783 2011 1076 2114 ἐράνων
1113 2008 1205 2088 τά
1247 2008 1600 2113 περιόντα
1640 2016 1966 2109 νέμεται.

1648 2138 2038 2235 (Aeschin.
2078 2142 2156 2217 in
2195 2142 2530 2244 Ctesiph.
2569 2136 2635 2243 ξ.
2678 2142 2903 2237 251.)

1616 2303 1847 2380 1539.

564 2432 793 2533 Stipis
834 2429 1233 2508 collatitiae
1272 2457 1461 2533 quae
1502 2440 1940 2531 supersunt,
1983 2429 2546 2507 distribuuntur.

542 2708 656 2789 ”A
677 2720 717 2789 λ
742 2743 785 2788 ο
806 2742 855 2817 y
878 2743 919 2788 ο
943 2744 967 2787 ι
1025 2719 1061 2789 ἐ
1082 2742 1124 2812 ρ
1146 2743 1193 2787 α
1216 2742 1263 2789 ν
1284 2745 1308 2788 ι
1335 2741 1379 2789 ο
1398 2747 1439 2789 τ
1461 2718 1556 2789 αἱ
1582 2771 1601 2804 ,
1662 2716 1734 2789 οἱ
1764 2710 1993 2813 μήπω
2041 2710 2498 2809 ἐξειληχότες
2553 2710 2640 2789 τὸ
2700 2714 3120 2814 ἐπιβάλλον

344 2847 646 2928 ἑαυτοῖς
684 2834 887 2913 κατὰ
925 2835 1066 2930 τὴν
1104 2846 1196 2914 ἐκ
1232 2838 1362 2930 τῆς
1399 2836 1757 2940 περιόδου
1815 2836 2033 2932 τάξιν
2087 2836 2243 2912 τῶν
2298 2833 2748 2937 ὀνομάτων,
2805 2838 2964 2915 τῶν
3016 2844 3123 2927 εἰς

344 2966 492 3044 τὸν
532 2970 814 3066 ἔρανον
851 2971 1411 3066 ἐκφερομένων.
2299 2965 2904 3070 (HarpocratiO.)

558 3204 858 3280 Rationi
898 3203 1203 3280 obnoxii
1261 3205 1625 3279 eranistae
1684 3212 1857 3280 sunt
1911 3202 2206 3302 collegii
2265 3203 2760 3280 eranistarum
2795 3202 3120 3298 sodales»,

350 3331 479 3429 qui
517 3341 761 3406 ratam
796 3355 1008 3404 suam
1046 3337 1336 3429 partem
1374 3328 1705 3404 nondum
1763 3329 2149 3405 solverunt
2192 3330 2414 3428 juxta
2452 3328 2791 3405 ordinem
2829 3338 2906 3404 et
2940 3329 3120 3405 certi

344 3456 705 3558 temporis
744 3454 1328 3557 praescriptum,
1389 3482 1537 3556 quo
1578 3456 1886 3532 nomina
1922 3454 2015 3531 ad
2053 3455 2526 3533 collationem
2563 3453 2904 3532 eduntur.

1633 3615 1863 3692 1541.

547 3751 800 3832 ’Ὀταν
838 3785 947 3843 τις
986 3751 1361 3860 ἀργύριον
1398 3752 1509 3858 δῷ
1549 3759 1657 3844 εἰς
1696 3753 2044 3848 ε’νθήκην
2064 3813 2087 3848 ,
2147 3750 2546 3857 ἀφορμὴ
2610 3762 2979 3858 καλεῖται.

1635 3992 1831 4070 1541
1976 3885 2285 3981 (Suidas
2323 3913 2379 3962 s,
2419 3913 2488 3962 v,
2530 3877 2909 3982 ἀφορμή.)

569 4137 813 4229 Quum
855 4139 1016 4238 quis
1056 4139 1449 4241 pecuniam
1488 4138 1655 4234 dat,
1715 4147 1797 4215 ut
1834 4137 2038 4214 illam
2075 4135 2152 4216 in
2202 4136 2529 4214 medium
2566 4138 2947 4232 conferat,
3003 4135 3132 4216 illa

348 4291 507 4340 sors
544 4273 873 4340 vocatur.

1632 4370 1859 4449 1542.

550 4505 836 4587 ςΟπότε
874 4521 1336 4590 κοινωνοῖέν
1372 4541 1566 4600 τινες
1608 4509 1964 4605 ἀλλήλοις
2001 4518 2142 4587 καὶ
2185 4512 2257 4586 οἱ
2287 4515 2436 4609 μὲν
2471 4509 2896 4610 βούλοιντο
2956 4511 3128 4587 δια-

350 4643 717 4738 νέμεσθαι
755 4634 851 4712 τά
888 4636 1121 4713 κοινά
1165 4641 1237 4713 οὶ
1294 4637 1371 4715 δὲ
1428 4637 1529 4730 αὴ
1556 4697 1575 4728 ,
1636 4637 2092 4732 δικάζονται
2151 4641 2224 4712 οἱ
2277 4636 2746 4737 βουλόμενοι
2807 4649 2964 4725 τοῖς
3013 4635 3124 4737 μή

348 4767 853 4864 βουλομένοις
892 4762 1514 4863 προκαλούμενοι
1571 4796 1605 4840 ε
1627 4769 1663 4840 ι’
1679 4795 1713 4852 ς
1766 4762 1813 4838 δ
1834 4793 1882 4838 α
1904 4796 1946 4838 τ
1968 4795 2007 4854 η
2028 4795 2069 4838 τ
2093 4761 2150 4837 ὧ
2179 4792 2226 4837 ν
2281 4793 2329 4837 α
2347 4767 2439 4862 ῗρ
2462 4795 2495 4839 ε
2519 4789 2564 4837 ο
2584 4794 2609 4837 ι
2629 4793 2694 4843 ν.

1823 4893 2404 4993 (Harpocratioz
2447 4887 2914 4991 δατεῖσθαι.)

1635 5054 1861 5130 1542.

569 5180 817 5276 Quum
874 5179 1173 5284 quidam
1230 5182 1599 5260 sociorum
1654 5209 1773 5260 res
1828 5205 2262 5262 communes
2323 5179 2556 5264 dividi
2617 5179 2924 5280 volunt,
3005 5181 3128 5264 alii
