3725 5850
1061 420 1677 479 coumau'rAmUs
1714 418 1822 473 An
1861 420 1951 472 86.
1991 420 2080 473 87.
2121 419 2210 472 89.
2839 394 2995 471 427

190 610 542 719 γμάτων
598 613 1003 705 διοικηταὶ.
1098 616 1508 717 (Prytanes
1580 624 1755 691 sunt
1827 617 2160 692 omnium
2224 636 2470 693 rerum
2524 610 2992 695 administra-

192 748 490 836 tores.)

444 869 725 953 Eadem
771 894 965 975 quae
999 867 1267 951 Suidas
1305 865 1563 971 dieunt
1602 866 1821 949 etiam
1860 865 2142 951 Lexiea
2180 863 2642 967 Segueriana
2696 891 2769 969 p.
2819 862 2994 942 296.

1426 1078 1579 1168 Ad
1633 1081 1796 1165 80.

440 1251 520 1329 Si
557 1276 1010 1331 summamus
1068 1274 1348 1329 annum
1394 1248 1551 1327 354
1589 1247 1744 1326 dies
1780 1271 2214 1329 numerasse
2236 1307 2254 1344 ,
2313 1246 2648 1348 sequitur
2683 1254 2997 1347 quatuor

194 1379 738 1481 prytaniarum
795 1378 1171 1477 singulam
1226 1376 1350 1475 36,
1410 1384 1485 1456 et
1528 1402 1661 1454 sex
1698 1375 2212 1479 prytaniarum
2249 1371 2657 1476 quamlibet
2694 1373 2795 1447 35
2836 1371 2994 1449 dies
3116 1370 3122 1384 '

196 1502 595 1581 habuisse.
672 1504 846 1580 Non
903 1514 1017 1580 est
1068 1503 1296 1603 igitur
1350 1524 1656 1579 necesse
1716 1526 1884 1577 cum
1930 1510 2229 1576 auctore
2267 1499 2689 1599 argumenti
2727 1498 2804 1577 in
2841 1499 2994 1574 De-

196 1629 630 1706 mosthenis
667 1625 1211 1707 Androtianam
1270 1630 1507 1724 (590)
1563 1626 1659 1705 ad
1718 1637 2034 1729 quatuor
2089 1616 2366 1723 ἡμέρας
2429 1618 2818 1721 ἀνάρχους
2873 1622 2997 1705 vel

200 1748 713 1851 ἀρχαιρεσίας
766 1780 1145 1833 recurrere
1168 1815 1186 1852 ‚
1246 1755 1554 1857 quibu8,
1612 1764 1696 1830 ut
1730 1753 1854 1831 ille
1895 1752 2106 1851 dicit,
2172 1754 2685 1854 interregnum
2722 1760 2887 1829 erat
2921 1749 2998 1826 in

204 1878 476 1959 Attica
511 1894 589 1957 et
622 1882 1103 1981 magistratus
1141 1881 1748 1980 designabantur.

440 2004 689 2083 Schol.
727 2006 844 2083 ad.
886 2002 1234 2084 Aeschin.
1272 2006 1648 2085 Timarch.
1693 2004 1888 2117 1043
1937 1998 2246 2090 Ἐπειδὴ
2307 1998 2495 2077 δέκα
2553 1994 2750 2092 ἦσαν
2801 2028 2999 2101 πρυ-

210 2140 521 2207 τανεῖαι
552 2186 570 2219 ,
632 2128 947 2221 ἑκάστης
987 2126 1062 2205 δὲ
1103 2128 1403 2207 τούτων
1441 2124 1923 2219 πεντήκοντα
1983 2130 2442 2226 βουλευταὶ,
2504 2119 2773 2227 ἄνδρες
2813 2155 2997 2203 πεν-

210 2253 579 2334 τακόσιοι
620 2255 1276 2355 πρυτανεύουσιν,
1333 2262 1651 2344 ἕκαστος
1698 2253 1914 2354 μῆνα
1968 2260 2106 2329 καὶ
2171 2246 2441 2352 ἡμέρας
2495 2260 2574 2345 ἕξ
2598 2310 2620 2343 ,
2681 2247 2871 2329 ὥστε
2906 2248 2998 2327 τὸ

211 2384 394 2469 ἔτος
451 2388 840 2483 περιέλθοι
876 2380 1009 2470 τὰς
1048 2382 1234 2460 δέκα
1291 2384 1569 2479 φυλάς.
1649 2374 1753 2459 ‘O
1810 2379 1900 2473 δὴ
1950 2378 2283 2482 χρόνος,
2342 2372 2440 2457 ὃν
2494 2376 2716 2479 ἄρχει
2773 2372 3000 2479 ἦμία

214 2505 479 2605 φυλὴ,
556 2512 976 2609 πρυτανεία
1048 2516 1416 2587 καλεῖται.
1511 2514 1664 2585 Καὶ
1715 2507 2082 2609 μετροῦσι
2141 2504 2598 2608 κοινότερον
2653 2500 2752 2582 οὗ
2812 2502 3001 2606 πρὸς

208 2634 511 2733 μῆνας,
571 2631 767 2710 ἀλλὰ
825 2632 1009 2735 πρὸς
1066 2638 1519 2735 πρυτανείας
1572 2631 1755 2723 τούς
1808 2664 1890 2711 τε
1936 2630 2284 2734 μισθούς
2336 2638 2475 2709 καὶ
2532 2630 2816 2720 τόκους
2853 2635 2994 2707 καὶ

216 2764 555 2841 graina.
632 2766 1076 2866 (Postquam
1132 2766 1395 2842 decem
1452 2764 1749 2842 fuerant
1801 2763 2193 2867 prytaniae
2217 2822 2235 2859 ,
2293 2774 2369 2840 et
2424 2762 2822 2866 cujuslibet
2869 2762 2997 2839 ha-

218 2917 391 2966 rum
427 2891 975 2993 quinquaginta
1008 2901 1428 2988 senatores,
1484 2890 1655 2968 ideo
1712 2889 2104 2991 quingenti
2159 2868 2334 2966 sunt
2389 2899 2750 2993 prytanes
2771 2945 2790 2984 ,
2849 2889 2998 2967 sin-

218 3019 447 3116 gulus
486 3044 633 3094 uno
667 3043 925 3096 mense
964 3029 1041 3094 et
1077 3042 1208 3093 sex
1246 3017 1509 3094 diebus
1533 3075 1551 3111 ,
1588 3017 1694 3092 ita
1728 3025 1813 3091 ut
1848 3041 2089 3092 annus
2129 3016 2533 3092 circumeat
2570 3015 2830 3092 decem
2866 3016 2996 3091 tri-

220 3142 389 3219 bus.
468 3142 801 3244 Tempus
840 3154 1088 3220 autem
1108 3200 1126 3237 ,
1184 3169 1331 3244 quo
1388 3166 1541 3217 una
1588 3142 1825 3218 tribus
1862 3140 2220 3242 imperat,
2281 3142 2634 3242 prytania
2667 3151 3000 3219 vocatur.

223 3267 636 3345 Metiuntur
672 3293 851 3344 vero
889 3268 1352 3345 communius
1388 3293 1543 3343 non
1580 3266 1992 3343 secundum
2027 3289 2362 3360 menses,
2419 3264 2552 3340 sed
2589 3264 3004 3342 secundum

224 3393 617 3497 prytanias
655 3405 731 3470 et
762 3394 1147 3472 mercedes
1186 3404 1263 3472 et
1296 3418 1557 3469 usuras
1594 3403 1671 3467 et
1704 3391 1950 3492 pretia
1983 3388 2398 3468 conductae
2435 3389 2762 3483 domus.)

442 3517 657 3598 Idem
692 3520 951 3596 scribit
984 3519 1385 3596 scholiasta
1420 3516 1517 3595 ad
1554 3515 1889 3594 Platonis
1911 3516 2178 3616 Leges.
2218 3541 2291 3616 p.
2311 3516 2490 3592 469.
2535 3514 2649 3594 ed.
2671 3515 2992 3594 Bekker.

1431 3743 1584 3828 Ad
1637 3746 1800 3828 8⁷.

448 3913 717 3991 Pollux
755 3913 963 4012 VIII,
1007 3916 1148 3990 96:
1206 3914 1641 3991 Praefectus
1699 3904 2168 4006 (ἐπιστάτης)
2225 3938 2414 3988 unus
2463 3923 3000 4015 prytaneorum

231 4051 385 4132 est,
443 4049 641 4117 sorte
682 4041 981 4116 electus.
1058 4038 1400 4118 Eundem
1455 4064 1632 4116 vero
1690 4037 1806 4114 bis
1845 4038 2308 4141 praefectum
2344 4038 2576 4116 creari
2615 4065 2767 4114 non
2803 4038 2994 4118 licet.

229 4166 487 4244 Habet
556 4177 808 4242 autem
880 4165 1003 4244 hic
1057 4191 1437 4244 sacrorum
1494 4163 1783 4261 claves,
1842 4162 1972 4240 ubi
2028 4163 2394 4266 pecuniae
2451 4164 2635 4244 sitae
2695 4177 2870 4244 sunt
2924 4177 3002 4246 et

226 4290 556 4370 tabulae.

1430 4391 1583 4476 Ad
1637 4393 1801 4476 80.

448 4559 672 4638 Haud
709 4586 875 4637 raro
910 4560 1377 4661 grammatici
1414 4560 1805 4638 ecclesiam
1840 4585 2012 4637 cum
2035 4560 2322 4662 judicio
2360 4571 2827 4663 permutant,
2889 4576 2998 4641 at-

234 4711 379 4787 que
418 4687 778 4788 populum
816 4687 895 4763 in
932 4689 1245 4766 comitiis
1301 4698 1842 4786 congregatum
1902 4715 2038 4789 pro
2086 4687 2426 4790 judicum
2475 4714 2828 4768 consessu
2865 4692 2996 4769 ha·

233 4815 441 4891 bent.
512 4814 773 4913 Itaque
810 4815 889 4888 in
926 4815 1067 4890 hoc
1104 4812 1376 4892 Suidae
1414 4814 1581 4890 loco
1624 4807 1803 4902 δίκη
1860 4812 2132 4890 dicitur
2185 4841 2323 4916 pro
2381 4817 2646 4917 quovis
2693 4819 3001 4916 negotio

236 4936 438 5038 quod
474 4937 569 5014 ad
605 4940 968 5041 populum
1003 4940 1233 5016 fertur
1288 4952 1364 5016 et
1422 4933 1783 5014 δικασταί
1840 4966 1991 5018 non
2049 4940 2174 5016 alii
2230 4953 2404 5018 sunt
2450 4966 2672 5042 quam
2710 4943 2998 5029 ἐκκλη-

237 5063 559 5140 σιασταί.
637 5063 732 5157 (S
754 5062 1275 5143 ch‘omann:
1334 5064 1426 5141 de
1466 5066 1779 5143 comitiis
1820 5063 2091 5143 Athen.
2130 5093 2202 5167 p.
2239 5066 2408 5160 86.)

448 5189 713 5268 Pollux
748 5214 1041 5294 quoque
1080 5189 1324 5287 (VIII,
1365 5192 1509 5286 96)
1562 5192 1781 5291 dicit,
1838 5219 2010 5268 eum
2061 5203 2415 5296 prytanes
2466 5203 2808 5272 senatum
2861 5204 3004 5272 aut
