3725 5850
1016 492 1117 542 DE
1158 488 1593 541 LocA‘rlonc
1632 487 1725 538 m·
1764 488 2325 543 comnucmouss.
2887 464 3038 539 393

294 686 493 781 ρίου,
550 677 752 755 εἶναι
788 682 1298 779 ἐνεχυρασίαν
1332 688 1489 765 τοῖς
1519 672 1964 774 μισθωσασι
2001 679 2145 752 καὶ
2180 684 2272 753 ἐκ
2319 676 2476 753 τῶν
2531 671 2838 776 ὦραίων
2893 674 3048 753 τῶν

294 815 377 883 ἐκ
411 805 555 883 τοῦ
582 809 887 908 χωρίου
925 810 1060 880 καὶ
1100 812 1193 881 ἐκ
1231 803 1389 879 τῶν
1426 797 1685 878 ἄλλων
1734 793 2104 878 ἁπάντων
2158 800 2299 878 τοῦ
2350 798 2458 902 μὴ
2517 799 3044 892 ἀποδιδόντος.

1604 929 1970 1027 (Boeckh.
2011 928 2237 1032 Corp.
2277 930 2494 1009 inscr-
2537 932 2627 1009 N.
2669 931 2834 1025 93.)

1546 1092 1773 1171 1530.

492 1237 571 1315 Si
609 1240 735 1341 qui
772 1238 1084 1315 fundum
1119 1235 1634 1316 conduxerunt
1680 1235 2103 1315 mercedem
2157 1237 2675 1316 conductionis
2711 1260 2864 1311 non
2901 1232 3046 1311 sol-

290 1366 566 1459 verint,
622 1364 1041 1443 locantibus
1084 1366 1213 1467 jus
1269 1375 1428 1440 esto
1486 1364 1810 1465 pignora
1865 1362 2212 1464 capiendi
2268 1373 2422 1441 tam
2461 1390 2501 1441 e
2542 1361 2750 1442 fundi
2791 1358 3046 1439 fructi-

288 1492 421 1567 bus
457 1516 681 1592 quam
718 1515 811 1568 ex
848 1489 1199 1569 omnibus
1237 1488 1401 1567 aliis
1440 1488 1665 1567 rebus
1703 1490 1865 1591 ejus
1904 1490 2031 1592 qui
2067 1514 2220 1567 non
2257 1488 2585 1568 solverit.
2917 1500 2924 1512 '

1556 1668 1785 1745 1531.

484 1804 682 1884 Ἐὰν
718 1814 1068 1909 πολέμιοι
1103 1811 1540 1914 ἐξείργωσιν
1594 1806 1643 1903 ἢ
1701 1807 2222 1909 διαφθείρωσί
2275 1838 2391 1900 τι,
2451 1806 2650 1886 εἶναι
2704 1816 2864 1895 τοῖς
2910 1835 3050 1905 μι-

290 1934 630 2011 σθώσασι
666 1934 824 2010 τῶν
860 1942 1300 2040 γενομένων
1335 1943 1423 2013 ἐν
1455 1932 1567 2037 τῷ
1597 1938 1870 2035 χωρίῳ
1907 1931 2002 2009 τὰ
2043 1926 2337 2033 ἡμίσεα.

1576 2063 1978 2158 (Boeckhii
2013 2062 2238 2169 Corp.
2276 2064 2498 2143 inscr.
2538 2062 2627 2141 N.
2669 2064 2836 2157 93.)

1557 2229 1787 2307 1531.

492 2370 571 2447 Si
608 2370 857 2449 hostes
895 2370 1425 2451 conductorem
1460 2376 1831 2453 arcuerim:
1867 2374 1988 2453 vel
2023 2373 2304 2478 aliquid
2343 2370 2826 2476 perdiderint,
2866 2394 3044 2448 con-

285 2507 485 2601 petat
523 2499 945 2578 locantibus
984 2498 1290 2581 dimidia
1328 2503 1701 2582 fructuum
1737 2531 1913 2607 pars
1953 2530 1992 2581 e
2033 2502 2288 2581 fundo.

1549 2682 1775 2759 1532.

484 2813 850 2893 Ἐπειδὰν
885 2814 979 2893 τοὶ
1018 2818 1143 2910 τῆς
1171 2816 1618 2918 μισθώσεως
1660 2823 1784 2912 ἔτη
1822 2826 2121 2919 ἐξέλθῃ,
2162 2819 2650 2921 παραδοῦναι
2688 2815 2873 2906 τούς
2901 2848 3048 2917 με·

280 2951 817 3045 μισθωμένους
854 2944 995 3039 τὴν
1029 2940 1348 3048 ἦμισέαν
1382 2947 1512 3040 τῆς
1549 2948 1685 3053 γῆς
1708 2955 2002 3051 χέρρον
2039 2955 2176 3024 καὶ
2215 2945 2309 3024 τὰ
2352 2946 2623 3064 δένδρα
2685 2940 2803 3022 ὅσ’
2844 2938 2947 3021 ἂν
3001 2936 3050 3040 ᾗ

286 3079 368 3148 ἐν
400 3070 511 3174 τῷ
538 3074 831 3174 χωρίῳ.
1479 3078 1851 3174 (Boeckh.
1905 3077 2132 3181 Corp.
2172 3079 2503 3181 inscript.
2543 3077 2634 3154 N.
2674 3073 2836 3168 93.)

1557 3254 1593 3329 1
1612 3255 1787 3332 532.

496 3397 792 3500 Elapsis
830 3395 1348 3474 conductionis
1386 3399 1635 3496 annisi,
1694 3398 2183 3477 conductores
2221 3398 2610 3475 dimidium
2646 3395 2886 3473 solum
2919 3419 3052 3469 va·

285 3547 491 3598 cuum
555 3526 749 3616 (non
805 3524 1213 3619 consitum)
1263 3522 1617 3618 reddant,
1692 3535 1767 3604 et
1822 3550 2079 3604 omnes
2136 3523 2440 3601 arbores
2497 3548 2686 3627 quae
2742 3523 2821 3598 in
2882 3521 3052 3598 fun-

286 3647 377 3724 do
415 3667 609 3726 sunt.

488 3892 678 3974 Ἐάν
735 3927 845 3985 τις
902 3895 1228 3996 εἰσφορὰ
1283 3890 1474 3998 ὑπὲρ
1529 3897 1678 3975 τοῦ
1721 3902 2024 3999 χωρίου
2079 3904 2432 4004 γίγνηται
2471 3904 2576 3987 εἰς
2615 3893 2760 3990 τὴν
2795 3895 3047 3986 πόλιν,

284 4018 463 4110 τούς
510 4021 1059 4121 μισθώσαντας
1105 4029 1525 4123 εἰσφέρειν,
1584 4021 1727 4102 ἐὰν
1778 4022 1857 4100 δὲ
1920 4027 1994 4101 οἱ
2041 4031 2433 4125 μισθωταὶ
2491 4029 3050 4129 εἰσενέγκωσιν,
3091 4109 3108 4132 ⁸

283 4139 888 4254 ὖγολογίζεσθαι
924 4153 1031 4238 εἰς
1068 4146 1213 4242 τὴν
1238 4155 1654 4249 μίσθωσιν.

1569 4279 1976 4373 (Bocckhii
2013 4279 2237 4384 Corp.
2276 4280 2499 4360 inscr.
2537 4281 2631 4360 N.
2674 4279 2840 4374 93.)

1548 4446 1584 4518 1
1600 4445 1774 4521 533.

493 4585 573 4663 Si
630 4585 991 4664 tributum
1045 4586 1139 4665 de
1196 4589 1433 4667 fundo
1475 4589 1781 4667 deberet
1816 4589 2008 4667 solvi
2047 4588 2371 4684 civitati,
2440 4591 2735 4668 solvant
2770 4591 3049 4669 locato-

284 4737 396 4789 res
418 4771 436 4808 ‚
497 4713 559 4788 si
600 4723 848 4790 autem
888 4714 1381 4793 conductores
1418 4715 1815 4807 solverint,
1872 4716 2280 4819 imputetur
2329 4717 2408 4792 in
2465 4716 2884 4794 mercedem
2941 4717 3050 4793 10-

288 4837 613 4914 cationis,

1567 4950 1793 5026 1534.

503 5079 668 5175 Τήν
722 5084 869 5189 γῆν
924 5081 1069 5176 τήν
1119 5094 1210 5164 ἐκ
1266 5089 1395 5181 τῆς
1450 5094 1875 5193 γεωρυχίας
1922 5090 2031 5192 μή
2075 5099 2352 5184 ἐξεῖναι
2389 5089 2690 5196 ἐξάγειν
2718 5088 3052 5191 μηδεμιᾷ

301 5205 459 5288 ἀλλ’
502 5205 549 5303 ἢ
584 5217 657 5300 ἐς
694 5207 889 5290 αὐτὸ
928 5209 1026 5302 τὸ,
1044 5221 1371 5314 χωρίον.
1623 5221 2027 5315 (Boeokhii
2059 5221 2281 5331 Corp.
2319 5222 2541 5302 inser.
2579 5221 2672 5302 N.
2715 5219 2838 5300 93.
