3725 5850
1174 520 1790 575 coMMsNrAnms
1826 520 1938 573 AD
1980 516 2067 581 18.
2105 516 2196 576 20.
2234 519 2326 576 21.
2973 496 3132 571 419

360 705 499 779 καὶ
535 711 933 785 πολιτείαν
971 704 1529 809 δοκιμασθέντι
1570 716 1659 788 ἐν
1704 720 1849 788 τωῖ
1879 717 1945 808 ⁹)
2007 707 2496 809 δικαστηρίωι
2539 712 2628 804 ¹⁰)
2686 703 2892 783 κατὰ
2947 704 3134 795 τούς

360 827 685 928 νόμους·
755 831 939 921 τούς
977 831 1055 911 δὲ
1113 840 1591 933 θεσμοθέτας
1649 830 1843 911 ὅταν
1900 834 2280 936 πληρῶσιν
2315 838 2410 933 ¹¹)
2467 830 2968 934 δικαστήριον
3023 836 3134 920 εἰς

358 960 493 1031 ἕνα
534 964 704 1033 καὶ
778 965 1337 1048 πεντακοσίους
1412 960 1779 1049 δικαστὰς
1798 1020 1821 1052 ,
1901 966 2346 1068 εἰσαγαγεῖν
2418 957 2561 1054 τὴν
2635 957 3131 1061 δοκιμασίαν.

360 1085 765 1187 (Dionysio
820 1090 1181 1169 archonte
1240 1088 1855 1192 Elaphebolionis
1919 1093 2198 1169 mensis
2253 1088 2580 1168 secunda
2631 1101 2808 1192 post
2859 1088 3132 1189 vigesi-

360 1236 561 1291 mam
581 1270 599 1306 ‚
656 1215 923 1299 concio
968 1215 1047 1292 in
1103 1214 1413 1293 Piraeeo
1433 1273 1452 1311 ‚
1520 1216 1773 1293 Nicias
1830 1216 2196 1319 Polyxeni
2247 1218 2446 1295 filius
2463 1273 2484 1312 ‚
2539 1214 2806 1293 Porius
2829 1272 2848 1310 ‚
2901 1212 3129 1292 dixit:

358 1348 755 1441 postquam
790 1328 1209 1419 Alexander
1262 1341 1525 1419 utilem
1578 1366 1659 1417 se
1714 1341 1962 1420 reddit
1997 1353 2074 1419 et
2111 1341 2410 1445 publice
2449 1353 2524 1419 et
2561 1341 2914 1445 privatim
2951 1340 3132 1418 civi-

356 1463 495 1541 bus
530 1464 612 1541 in
649 1490 837 1568 quos
872 1466 1157 1560 incidit,
1214 1466 1417 1544 bona
1469 1466 1769 1545 fortuna
1820 1468 2108 1569 placuit
2155 1468 2486 1561 senatui,
2541 1479 2626 1545 ut
2661 1478 2860 1547 sorte
2899 1467 2980 1543 in
3015 1492 3129 1547 se·

358 1601 711 1691 quentem
746 1592 1183 1669 concionem
1216 1592 1599 1669 constituti
1636 1592 2022 1695 praesides
2057 1604 2370 1695 agerent
2405 1590 2500 1669 de
2537 1591 2678 1669 hae
2711 1618 2794 1671 re
2813 1649 2832 1688 ‚
2888 1591 3132 1671 decla·

357 1728 752 1817 rarentque
786 1718 1230 1797 sententiam
1263 1728 1566 1797 senatus
1604 1719 1889 1821 populo
1909 1773 1928 1812 ,
1967 1718 2172 1821 quod
2209 1719 2500 1799 senatui
2538 1717 2917 1815 videatur,
2969 1716 3134 1798 lau-

358 1839 687 1919 dandum
742 1866 903 1921 esse
960 1842 1477 1925 Alexandrum
1522 1842 1928 1923 Callistrati
1965 1845 2204 1923 filium
2241 1844 2859 1943 Thessalensem,
2919 1868 3132 1925 eoro-

358 1967 837 2069 nandumque
874 1970 1059 2049 rami
1098 1994 1376 2049 corona
1396 2024 1417 2063 ‚
1472 1980 1547 2047 et
1582 1969 1914 2047 dandum
1949 1996 2113 2049 esse
2147 1969 2256 2047 illi
2277 1971 2406 2072 jus
2441 1970 2762 2049 civitatis
2781 2026 2800 2065 ‚
2855 1996 3132 2073 appro-

362 2094 539 2170 bato
574 2093 652 2170 in
679 2094 960 2196 judicio
998 2091 1399 2173 seeundum
1433 2094 1661 2195 leges.
1736 2093 2320 2175 Thesmothetae
2377 2106 2628 2173 autem
2666 2123 2900 2198 quum
2931 2106 3134 2175 sorte

359 2220 873 2297 constituerint
916 2220 1272 2321 judicium
1329 2220 1549 2297 unius
1609 2230 1682 2298 et
1740 2220 2317 2321 quingentorum
2373 2221 2699 2299 virorum
2724 2279 2745 2319 ‚
2799 2221 3132 2301 introdu-

358 2357 527 2423 cant
563 2346 1125 2451 approbationis
1160 2345 1598 2439 actionem.)

1567 2554 1720 2642 Aa
1776 2558 1939 2643 20.

570 2738 851 2821 Petitus
910 2742 1106 2823 hanc
1159 2769 1453 2845 quoque
1507 2744 1734 2822 habet
1788 2746 2036 2845 legem
2093 2771 2134 2821 e
2171 2744 2570 2825 scholiasta
2605 2742 3130 2849 Aristophanis

360 2867 509 2962 (ad
544 2867 771 2947 Ran.
812 2869 1053 2963 416):
1109 2863 1292 2956 τούς
1329 2873 1407 2958 ἐξ
1448 2861 1888 2959 ἀλλοδαπῆς
1933 2862 2323 2966 Ἀθήνῃσι
2358 2878 2771 2946 κατοικεῖν
2807 2873 3132 2947 ἐθέλον-

358 3020 531 3081 τας,
602 2995 710 3080 εἰς
772 2996 1089 3082 πολίτας
1144 2993 1499 3072 ἐνταῦθα
1547 2989 1853 3094 χρόνον
1910 2990 2187 3100 ὀλίγον
2243 2992 2799 3096 διατρίψαντας
2854 2993 3136 3100 ἐγγρά-

358 3123 669 3212 φεσθαι.
747 3121 835 3199 Id
892 3133 1046 3199 est:
1115 3123 1515 3219 Advenae‚
1576 3124 1703 3224 qui
1761 3121 2096 3204 Athenas
2154 3122 2536 3200 habitandi
2590 3149 2774 3222 ergo
2831 3125 3135 3202 commi-

360 3259 703 3348 grarunt,
741 3249 942 3324 intra
976 3251 1207 3327 breve
1244 3261 1541 3351 tempus
1578 3251 1654 3326 in
1695 3249 1900 3326 cives
1935 3260 2408 3350 cooptantor.

573 3373 723 3451 Sed
763 3373 949 3451 haec
986 3374 1173 3451 adeo
1210 3386 1504 3480 pugnat
1539 3401 1704 3452 cum
1742 3373 2064 3476 reliquis,
2098 3386 2181 3451 ut
2199 3399 2335 3477 pro
2356 3376 2533 3454 ficta
2551 3373 2806 3452 haberi
2845 3371 3130 3452 debeat.

1568 3584 1720 3669 Ad
1776 3588 1922 3670 21.
2223 3651 2254 3689 ,

577 3768 1087 3850 Aristotel.
1146 3770 1433 3846 Polit.
1494 3767 1592 3864 ΙΙ,
1646 3771 1717 3862 9,
1760 3769 1847 3843 4:
1905 3767 2138 3845 Solon
2179 3766 2477 3870 quidem
2514 3768 2835 3846 maxime
2873 3792 3127 3845 neces-

360 3897 626 3972 sariam
664 3895 942 3997 populo
982 3909 1427 4000 potestatem
1484 3897 1831 3973 tribuisse
1891 3895 2188 3970 videtur
2241 3894 2812 3993 magistratuum
2849 3895 3128 3995 eligen-

358 4021 619 4097 dorum
674 4033 748 4098 et
798 4023 1167 4099 rationum
1223 4021 1319 4099 ab
1374 4023 1461 4097 iis
1514 4020 2156 4122 reposcendamm.
2234 4018 2545 4098 sienim
2581 4047 2676 4096 ne
2712 4019 2936 4122 hujus
2972 4021 3131 4120 qui·

360 4147 527 4222 dem
565 4147 670 4223 rei
708 4158 1039 4248 potestas
1097 4149 1193 4224 sit
1246 4173 1477 4249 penes
1514 4150 1922 4250 populum,
1982 4157 2504 4248 praeterquam
2563 4144 2766 4245 quod
2823 4171 3086 4223 servus
3109 4205 3128 4242 ,

360 4272 579 4350 etiam
618 4271 851 4350 hostis
891 4284 1022 4350 est.
1098 4271 1577 4372 Magistratus
1635 4283 1886 4350 autem
1943 4299 2200 4349 omnes
2240 4298 2332 4349 ex
2369 4272 2774 4350 illustribus
2813 4281 2887 4346 et
2922 4271 3126 4348 locu-

357 4399 680 4500 pletibus
736 4398 1025 4474 civibus
1082 4400 1400 4497 creavit,
1471 4425 1743 4501 nempe
1800 4424 1892 4475 ex
1945 4397 2034 4474 iis
2093 4399 2218 4499 qui
2275 4398 2684 4498 quingenta
2757 4395 3132 4474 medimna

358 4524 753 4624 quotannis
792 4551 882 4601 ex
922 4525 1120 4626 agris
1159 4524 1309 4601 suis
1346 4526 1857 4627 perciperent,
1918 4536 1992 4601 et
2050 4551 2141 4601 ex
2177 4525 2264 4600 iis
2304 4524 2429 4624 qui
2470 4523 2828 4622 Zeugitae
2867 4521 3122 4598 dicun-

356 4663 512 4745 tur,
571 4662 646 4727 et
701 4673 793 4728 ex
850 4651 1169 4753 equestri
1230 4649 1507 4727 ordine.
1585 4651 1914 4744 Quartae
1969 4660 2218 4726 autem
2253 4647 2512 4725 classis
2547 4648 2796 4744 cives,
2852 4671 3128 4725 merce-

357 4776 543 4851 narii
583 4787 657 4853 et
694 4775 1057 4878 operarii,
1116 4786 1291 4853 sunt
1329 4776 1601 4852 nullius
1638 4775 2116 4876 magistratus
2155 4775 2572 4877 participes.

570 4917 1066 4996 Plutarch.
1108 4917 1596 4995 Aristidis
1634 4944 1840 4994 eum
1878 4917 2257 4995 Catone
2298 4917 2736 5020 Compar.
2781 4917 2872 4992 1.:
2911 4915 3130 4992 Tunc

360 5043 665 5126 Athenis
702 5045 1067 5122 maximus
1106 5049 1264 5122 erat
1299 5072 1563 5122 census
1604 5044 2185 5144 quingentorum
2233 5045 2651 5122 modiorum
2673 5101 2689 5140 ,
2746 5042 3128 5144 proximus

568 5281 645 5354 9)
681 5267 796 5366 τῷ.
826 5313 911 5324 —-
951 5277 1067 5354 10)
1101 5273 1530 5367 δικαστηρίῳ.
1567 5311 1645 5324 -
1688 5278 1803 5352 11)
1836 5273 2168 5364 Conjicio:
2203 5270 2544 5367 κληρῶσιν.

2568 5382 2700 5446 2¹¹1*
