3725 5850
933 499 1549 551 coMMssn‘rAmus
1584 498 1689 549 An
1736 494 1890 549 1153.
1933 494 2090 551 1156.
2133 493 2288 551 115⁷.
2835 476 2982 551 5⁷1

1377 682 1528 765 Ad
1573 685 1839 769 usa.

446 848 659 951 Apud
697 850 1035 949 Phryges
1076 850 1365 927 videtur
1405 849 1528 925 sur
1562 875 1863 951 semper
1893 864 2128 929 morte
2169 853 2471 953 punitus
2510 852 2777 946 fuiss03
2817 878 2990 927 nam

222 976 281 1051 si
324 975 487 1075 quis
526 976 727 1077 apud
764 1001 885 1051 eos
924 975 1199 1049 bovem
1256 985 1623 1050 aratorem
1677 976 2126 1053 interficeret
2182 987 2308 1050 aut
2343 976 2838 1077 agriculturae
2877 978 2989 1053 in-

224 1111 717 1177 strumentum
758 1100 1195 1201 surriperet,
1236 1109 1475 1175 morte
1514 1100 2028 1177 mulctabatur.
2088 1102 2198 1196 (N
2216 1102 2239 1173 i
2265 1126 2306 1175 c
2327 1101 2411 1175 ol
2435 1102 2519 1176 ai
2559 1104 2628 1177 D
2652 1125 2696 1175 a
2717 1130 2786 1177 m
2807 1130 2854 1177 a
2873 1129 2908 1176 s
2929 1130 2990 1177 c.

222 1226 486 1323 fragm.
538 1224 755 1315 128.)

434 1365 787 1443 Cumanis
828 1392 987 1441 mos
1028 1376 1225 1457 erat,
1282 1365 1379 1441 ad
1434 1366 1851 1464 reparanda
1889 1392 2078 1466 quae
2117 1368 2310 1445 furto
2347 1367 2570 1445 alicui
2608 1370 2990 1447 subtracta

225 1504 513 1583 essent,
570 1491 857 1567 vicinos
896 1489 1283 1589 pecuniam
1320 1490 1680 1565 conferre.
1756 1492 1874 1567 Ita
1912 1492 2232 1582 factum,
2293 1505 2374 1567 ut
2409 1518 2786 1593 perpauca
2825 1520 2988 1594 per-

224 1619 613 1710 derentur,
678 1642 935 1692 omnes
974 1616 1171 1693 enim
1208 1615 1490 1714 pariter
1528 1616 2054 1693 observabant.
2125 1616 2369 1717 Atque
2409 1618 2584 1693 hinc
2619 1618 2994 1697 Hesiodus

225 1742 403 1818 dicit
439 1740 713 1843 (Oper.
756 1751 829 1817 et
866 1740 1067 1817 Dies.
1111 1740 1347 1831 348):
1406 1741 1805 1841 Nunquam
1865 1742 2004 1817 bos
2045 1742 2516 1842 perderetur,
2576 1742 2715 1817 nisi
2755 1743 2992 1818 malus

224 1877 420 1943 esset
474 1866 775 1943 vicinus,
858 1858 1031 1936 Οὐκ
1089 1857 1192 1936 ἂν
1255 1860 1450 1957 βοῦς
1507 1859 1882 1952 ἀπόλοιτ’,
1943 1868 2015 1939 εἰ
2054 1859 2162 1961 μὴ
2223 1866 2498 1966 γείτων
2554 1858 2801 1949 κακὸς
2859 1864 2993 1953 εἴη.

222 1991 853 2084 (Heraclides
891 1992 1163 2066 Pont.
1202 1993 1316 2066 De
1358 1990 1509 2067 reb.
1550 1992 1753 2090 publ.
1794 1992 1925 2082 XI,
1969 1993 2080 2083 4.)

438 2132 659 2234 Apud
700 2134 991 2235 Lycios,
1034 2135 1093 2209 si
1134 2134 1299 2234 quis
1337 2134 1528 2209 liber
1567 2134 2104 2211 condemnatus
2144 2136 2286 2211 fuit
2323 2136 2519 2229 furti,
2559 2160 2804 2235 poena
2840 2160 2993 2213 ser-

222 2259 477 2335 vitutis
518 2260 581 2335 ei
628 2260 869 2333 fuerat
904 2258 1253 2351 irrogata.
1312 2259 1463 2353 (Ni
1490 2259 1748 2334 colai
1790 2258 2222 2335 Damaso.
2267 2258 2532 2357 fragm.
2577 2258 2794 2350 129.)

1379 2485 1530 2568 Ad
1565 2487 1832 2569 1150.

434 2654 650 2731 Plato
688 2651 1127 2755 praescribit
1162 2652 1239 2726 in
1279 2652 1611 2749 Legibus
1650 2651 1871 2745 (933,
1911 2652 2226 2742 D-EJ:
2284 2652 2410 2752 qui
2451 2652 2812 2729 veneficio
2847 2653 2990 2729 uti-

220 2792 341 2855 tur
376 2780 454 2853 in
488 2777 807 2878 aliquem
846 2800 1014 2852 cum
1054 2777 1327 2853 damno
1366 2802 1517 2851 non
1554 2776 1758 2853 letali
1796 2800 2038 2877 neque
2075 2777 2310 2877 ipsius
2341 2801 2584 2877 neque
2607 2776 2992 2856 hominum

223 2906 405 3006 ejus,
446 2904 575 2982 sed
599 2930 767 2982 cum
790 2927 1143 3003 pecorum
1173 2901 1293 2978 vel
1330 2903 1751 2980 examinum
1788 2901 2082 2994 damno,
2123 2902 2183 2978 si
2215 2902 2544 2980 medicus
2581 2913 2716 2994 est,
2757 2913 2996 2984 morte

223 3033 608 3133 plectitor,
651 3031 767 3106 sin
804 3053 1073 3128 expers
1111 3031 1328 3120 artis,
1388 3027 1562 3128 quid
1602 3053 1771 3104 eum
1810 3028 1966 3126 pati
2005 3027 2126 3102 vel
2165 3027 2592 3127 dependere
2631 3040 3000 3127 oporteat,

209 3154 577 3256 judicium
615 3154 683 3228 ei
718 3153 1129 3228 aestimato.
1206 3150 1285 3226 Si
1342 3177 1521 3226 vero
1582 3151 2188 3228 devinctionibus
2245 3146 2836 3246 (καταδέσεσιν)
2873 3155 2998 3230 vel

220 3277 777 3358 inductionibus
817 3279 1327 3377 (ἐπαγωγαῖς)
1381 3276 1503 3349 vel
1562 3274 2030 3350 cautionibus
2085 3269 2497 3369 (ἐπῳδαῖς)
2549 3275 2998 3378 quibusdam

224 3406 345 3480 vel
382 3402 801 3503 hujusmodi
840 3402 1205 3478 veneficio
1245 3401 1497 3500 aliquo
1534 3400 1834 3476 nocenti
1872 3399 2132 3476 similis
2173 3427 2334 3476 esse
2373 3401 2570 3477 visus
2612 3401 2874 3492 fuerit,
2937 3403 2996 3476 si

222 3541 433 3606 vates
470 3527 587 3603 vel
628 3537 1147 3628 portentorum
1187 3535 1605 3625 spectator,
1664 3525 2006 3619 moritor,
2065 3525 2179 3600 sin
2236 3550 2501 3628 expers
2542 3525 2996 3602 vaticinandi

223 3654 761 3730 condemnatus
836 3651 1058 3726 fuerit
1131 3650 1509 3744 veneficii,
1558 3648 1920 3748 judicium
1995 3649 2422 3744 aestimat0,
2479 3651 2658 3750 quid
2729 3650 2998 3728 debeat

224 3780 379 3880 pati
420 3776 539 3853 vel
580 3776 1025 3877 dependere.

1383 3892 1534 3974 Ad
1576 3895 1844 3975 115⁷.

440 4060 814 4138 Aristotel.
854 4058 1157 4134 Rhetor.
1197 4059 1295 4148 11,
1340 4059 1408 4152 2,
1453 4063 1538 4132 5:
1598 4059 1729 4134 Est
1764 4059 2210 4136 contumelia
2248 4050 2551 4153 (ὕβρις)
2591 4061 2695 4134 ita
2731 4086 2996 4138 nocere

226 4201 298 4264 et
336 4186 637 4263 laedere
691 4177 1100 4278 (βλάπτειν
1154 4185 1292 4255 καὶ
1350 4183 1701 4276 λυπεῖν),
1763 4195 1847 4260 ut
1903 4186 2090 4260 alter
2137 4184 2548 4283 ignominia
2585 4186 2996 4278 afficiatur,

226 4340 379 4392 non
418 4323 500 4386 ut
538 4309 662 4410 qui
703 4309 887 4385 facit
923 4311 1396 4386 commodum
1436 4309 1666 4386 ullum
1706 4335 1799 4388 ex
1840 4336 1929 4386 eo
1970 4323 2506 4410 consequatur,
2547 4309 2680 4386 sed
2719 4321 2800 4384 ut
2835 4311 2997 4386 libi-

225 4439 381 4514 dini
418 4461 595 4514 suae
636 4433 1107 4532 obsequatur.

441 4578 1097 4656 Mosaicarum
1170 4591 1263 4654 et
1336 4580 1986 4655 Romanarum
2083 4578 2446 4676 Legum
2535 4578 3000 4656 Collatio.

226 4709 374 4784 Tit.
415 4707 515 4798 II,
553 4731 715 4805 cap.
759 4705 870 4776 5.:
929 4703 1404 4781 Generaliter
1460 4703 1728 4780 dicitur
1781 4704 2051 4803 injuria
2101 4729 2358 4796 omne,
2416 4702 2614 4803 quod
2653 4731 2808 4781 non
2833 4705 3002 4805 jure

230 4837 351 4929 fit,
404 4829 828 4933 specialiter
882 4829 1067 4904 alias
1123 4828 1573 4904 contumelia
1595 4886 1613 4922 ,
1672 4846 1896 4926 quam
1959 4827 2229 4904 Graeci
2287 4819 2522 4926 ὕβριν
2575 4829 3000 4930 appellant,

230 4959 411 5034 alias
448 4956 713 5057 culpa,
769 4981 997 5054 quam
1056 4953 1325 5031 Graeci
1384 4948 1729 5050 ἀδίκημα
1788 4955 2082 5047 dicunt,
2141 4954 2330 5030 sicut
2383 4952 2459 5028 in
2497 4954 2670 5054 lege
2707 4953 3006 5052 Aquilia

232 5083 586 5159 damnum
640 5082 957 5182 injuriae
1014 5082 1375 5180 accipitur
1400 5141 1417 5175 ,
1490 5083 1673 5160 alias
1750 5079 2130 5180 iniquitas·
2181 5093 2258 5158 et
2327 5079 2726 5181 injustitia,
2785 5103 3006 5178 quem

234 5206 503 5286 Graeci
544 5199 867 5278 ἀδικίαν
906 5218 1195 5282 vocant.
