<?xml version="1.0" encoding="UTF-8"?>
<!DOCTYPE html PUBLIC "-//W3C//DTD XHTML 1.0 Transitional//EN"
    "http://www.w3.org/TR/xhtml1/DTD/xhtml1-transitional.dtd">
<html xmlns="http://www.w3.org/1999/xhtml" xml:lang="en" lang="en">
 <head>
  <title>
</title>
<meta http-equiv="Content-Type" content="text/html;charset=utf-8" />
  <meta name='ocr-system' content='tesseract 3.04.00' />
  <meta name='ocr-capabilities' content='ocr_page ocr_carea ocr_par ocr_line ocrx_word'/>
</head>
<body>
  <div class='ocr_page' id='page_1' title='image "./synaggtnattiknn01tlgoog_0496.png"; bbox 0 0 3725 5850; ppageno 0'>
   <div class='ocr_carea' id='block_1_1' title="bbox 661 465 2769 542">
    <p class='ocr_par' dir='ltr' id='par_1_1' title="bbox 661 465 2769 542">
     <span class='ocr_line' id='line_1_1' title="bbox 661 465 2769 542; baseline -0 0"><span class='ocrx_word' id='word_1_1' title='bbox 661 465 816 542; x_wconf 82' lang='lat'>470</span> <span class='ocrx_word' id='word_1_2' title='bbox 1346 487 1962 540; x_wconf 68' lang='lat' dir='ltr'>commsnmnios</span> <span class='ocrx_word' id='word_1_3' title='bbox 1998 489 2105 540; x_wconf 74' lang='lat' dir='ltr'>Au</span> <span class='ocrx_word' id='word_1_4' title='bbox 2145 485 2272 540; x_wconf 83' lang='lat'>378.</span> <span class='ocrx_word' id='word_1_5' title='bbox 2314 485 2439 539; x_wconf 83' lang='lat'>379.</span> <span class='ocrx_word' id='word_1_6' title='bbox 2480 486 2605 540; x_wconf 72' lang='grc'><strong>331.</strong></span> <span class='ocrx_word' id='word_1_7' title='bbox 2646 486 2769 541; x_wconf 76' lang='lat' dir='ltr'>sss.</span> 
     </span>
    </p>
   </div>
   <div class='ocr_carea' id='block_1_2' title="bbox 658 677 3431 885">
    <p class='ocr_par' dir='ltr' id='par_1_2' title="bbox 658 677 3431 885">
     <span class='ocr_line' id='line_1_2' title="bbox 659 677 3431 782; baseline -0 -28"><span class='ocrx_word' id='word_1_8' title='bbox 659 681 916 782; x_wconf 88' lang='lat' dir='ltr'>inopia</span> <span class='ocrx_word' id='word_1_9' title='bbox 953 681 1058 758; x_wconf 89' lang='lat' dir='ltr'>rei</span> <span class='ocrx_word' id='word_1_10' title='bbox 1098 678 1476 756; x_wconf 87' lang='lat' dir='ltr'>familiaris</span> <span class='ocrx_word' id='word_1_11' title='bbox 1534 681 1973 756; x_wconf 82' lang='lat' dir='ltr'><strong>minervalia</strong></span> <span class='ocrx_word' id='word_1_12' title='bbox 2026 681 2316 758; x_wconf 88' lang='lat' dir='ltr'>solvere</span> <span class='ocrx_word' id='word_1_13' title='bbox 2378 681 2814 782; x_wconf 83' lang='lat' dir='ltr'><strong>nequirent,</strong></span> <span class='ocrx_word' id='word_1_14' title='bbox 2870 677 3431 756; x_wconf 78' lang='lat' dir='ltr'>honestissimae</span> 
     </span>
     <span class='ocr_line' id='line_1_3' title="bbox 658 805 1843 885; baseline 0.002 -5"><span class='ocrx_word' id='word_1_15' title='bbox 658 805 1143 884; x_wconf 90' lang='lat' dir='ltr'>institutionis</span> <span class='ocrx_word' id='word_1_16' title='bbox 1181 805 1424 882; x_wconf 89' lang='lat' dir='ltr'>fructu</span> <span class='ocrx_word' id='word_1_17' title='bbox 1461 806 1843 885; x_wconf 78' lang='lat' dir='ltr'>carituros,</span> 
     </span>
    </p>
   </div>
   <div class='ocr_carea' id='block_1_3' title="bbox 659 929 3429 1404">
    <p class='ocr_par' dir='ltr' id='par_1_3' title="bbox 874 929 2093 1026">
     <span class='ocr_line' id='line_1_4' title="bbox 874 929 2093 1026; baseline -0.002 -18"><span class='ocrx_word' id='word_1_18' title='bbox 874 929 1312 1023; x_wconf 84' lang='lat' dir='ltr'>(Diodor.</span> <span class='ocrx_word' id='word_1_19' title='bbox 1366 929 1463 1007; x_wconf 85' lang='lat' dir='ltr'>Si</span> <span class='ocrx_word' id='word_1_20' title='bbox 1493 931 1670 1008; x_wconf 89' lang='lat' dir='ltr'>cul.</span> <span class='ocrx_word' id='word_1_21' title='bbox 1711 931 1883 1026; x_wconf 90' lang='lat' dir='ltr'>XII,</span> <span class='ocrx_word' id='word_1_22' title='bbox 1930 932 2093 1024; x_wconf 84' lang='lat'>12.)</span> 
     </span>
    </p>

    <p class='ocr_par' dir='ltr' id='par_1_4' title="bbox 659 1055 3429 1404">
     <span class='ocr_line' id='line_1_5' title="bbox 872 1055 3427 1157; baseline 0.001 -27"><span class='ocrx_word' id='word_1_23' title='bbox 872 1055 1141 1131; x_wconf 89' lang='lat' dir='ltr'>Rhodii</span> <span class='ocrx_word' id='word_1_24' title='bbox 1180 1069 1633 1157; x_wconf 89' lang='lat' dir='ltr'>acceperunt</span> <span class='ocrx_word' id='word_1_25' title='bbox 1670 1056 1987 1133; x_wconf 89' lang='lat' dir='ltr'>donatos</span> <span class='ocrx_word' id='word_1_26' title='bbox 2026 1059 2120 1133; x_wconf 89' lang='lat' dir='ltr'>ab</span> <span class='ocrx_word' id='word_1_27' title='bbox 2164 1059 2495 1133; x_wconf 86' lang='lat' dir='ltr'>Eumene</span> <span class='ocrx_word' id='word_1_28' title='bbox 2555 1057 2911 1132; x_wconf 87' lang='lat' dir='ltr'>ducentos</span> <span class='ocrx_word' id='word_1_29' title='bbox 2970 1069 3045 1132; x_wconf 89' lang='lat' dir='ltr'>et</span> <span class='ocrx_word' id='word_1_30' title='bbox 3099 1056 3427 1154; x_wconf 87' lang='lat' dir='ltr'>octagies</span> 
     </span>
     <span class='ocr_line' id='line_1_6' title="bbox 659 1179 3428 1282; baseline 0.001 -30"><span class='ocrx_word' id='word_1_31' title='bbox 659 1179 859 1255; x_wconf 90' lang='lat' dir='ltr'>mille</span> <span class='ocrx_word' id='word_1_32' title='bbox 899 1179 1246 1256; x_wconf 84' lang='lat' dir='ltr'><strong>frumenti</strong></span> <span class='ocrx_word' id='word_1_33' title='bbox 1288 1181 1576 1257; x_wconf 88' lang='lat' dir='ltr'>modios</span> <span class='ocrx_word' id='word_1_34' title='bbox 1602 1237 1624 1273; x_wconf 86' lang='lat'>,</span> <span class='ocrx_word' id='word_1_35' title='bbox 1683 1191 1765 1256; x_wconf 91' lang='lat' dir='ltr'>ut</span> <span class='ocrx_word' id='word_1_36' title='bbox 1820 1181 2139 1282; x_wconf 88' lang='lat' dir='ltr'>pretium</span> <span class='ocrx_word' id='word_1_37' title='bbox 2189 1209 2441 1258; x_wconf 90' lang='lat' dir='ltr'>eorum</span> <span class='ocrx_word' id='word_1_38' title='bbox 2481 1181 2557 1256; x_wconf 92' lang='lat' dir='ltr'>in</span> <span class='ocrx_word' id='word_1_39' title='bbox 2596 1182 2901 1256; x_wconf 84' lang='lat' dir='ltr'>foenore</span> <span class='ocrx_word' id='word_1_40' title='bbox 2938 1179 3428 1272; x_wconf 76' lang='lat' dir='ltr'>collocarent,</span> 
     </span>
     <span class='ocr_line' id='line_1_7' title="bbox 660 1303 3429 1404; baseline -0.001 -23"><span class='ocrx_word' id='word_1_41' title='bbox 660 1329 895 1404; x_wconf 88' lang='lat' dir='ltr'>eaque</span> <span class='ocrx_word' id='word_1_42' title='bbox 955 1331 1173 1382; x_wconf 89' lang='lat' dir='ltr'>usura</span> <span class='ocrx_word' id='word_1_43' title='bbox 1229 1305 1649 1382; x_wconf 78' lang='lat' dir='ltr'>mercedem</span> <span class='ocrx_word' id='word_1_44' title='bbox 1721 1306 2376 1382; x_wconf 70' lang='lat' dir='ltr'>educatoribus“et</span> <span class='ocrx_word' id='word_1_45' title='bbox 2434 1305 2966 1404; x_wconf 77' lang='lat' dir='ltr'>ludimagistris</span> <span class='ocrx_word' id='word_1_46' title='bbox 3020 1303 3429 1380; x_wconf 89' lang='lat' dir='ltr'>liberorum</span> 
     </span>
    </p>
   </div>
   <div class='ocr_carea' id='block_1_4' title="bbox 656 1430 3427 1906">
    <p class='ocr_par' dir='ltr' id='par_1_5' title="bbox 656 1430 2467 1530">
     <span class='ocr_line' id='line_1_8' title="bbox 656 1430 2467 1530; baseline 0 -24"><span class='ocrx_word' id='word_1_47' title='bbox 656 1455 956 1506; x_wconf 87' lang='lat' dir='ltr'>suorum</span> <span class='ocrx_word' id='word_1_48' title='bbox 995 1431 1389 1506; x_wconf 84' lang='lat' dir='ltr'>solverent.</span> <span class='ocrx_word' id='word_1_49' title='bbox 1451 1430 1826 1530; x_wconf 84' lang='lat' dir='ltr'>(Polyb.</span> <span class='ocrx_word' id='word_1_50' title='bbox 1868 1431 2151 1525; x_wconf 91' lang='lat' dir='ltr'>XXXI,</span> <span class='ocrx_word' id='word_1_51' title='bbox 2198 1431 2319 1518; x_wconf 84' lang='lat'>17,</span> <span class='ocrx_word' id='word_1_52' title='bbox 2360 1433 2467 1523; x_wconf 87' lang='lat' dir='ltr'>a.)</span> 
     </span>
    </p>

    <p class='ocr_par' dir='ltr' id='par_1_6' title="bbox 656 1551 3427 1906">
     <span class='ocr_line' id='line_1_9' title="bbox 872 1551 3425 1656; baseline -0.002 -25"><span class='ocrx_word' id='word_1_53' title='bbox 872 1551 987 1631; x_wconf 85' lang='lat' dir='ltr'>Of.</span> <span class='ocrx_word' id='word_1_54' title='bbox 1025 1551 1092 1629; x_wconf 91' lang='lat' dir='ltr'>O</span> <span class='ocrx_word' id='word_1_55' title='bbox 1115 1553 1162 1628; x_wconf 91' lang='lat' dir='ltr'>d</span> <span class='ocrx_word' id='word_1_56' title='bbox 1186 1585 1226 1632; x_wconf 93' lang='lat' dir='ltr'>o</span> <span class='ocrx_word' id='word_1_57' title='bbox 1250 1555 1352 1630; x_wconf 87' lang='lat' dir='ltr'>fr.</span> <span class='ocrx_word' id='word_1_58' title='bbox 1397 1555 1539 1631; x_wconf 92' lang='lat' dir='ltr'>Mu</span> <span class='ocrx_word' id='word_1_59' title='bbox 1562 1581 1600 1630; x_wconf 93' lang='lat' dir='ltr'>e</span> <span class='ocrx_word' id='word_1_60' title='bbox 1623 1555 1647 1630; x_wconf 96' lang='lat' dir='ltr'>l</span> <span class='ocrx_word' id='word_1_61' title='bbox 1673 1555 1756 1630; x_wconf 94' lang='lat' dir='ltr'>le</span> <span class='ocrx_word' id='word_1_62' title='bbox 1779 1581 1853 1629; x_wconf 89' lang='lat' dir='ltr'>r:</span> <span class='ocrx_word' id='word_1_63' title='bbox 1914 1555 2157 1649; x_wconf 82' lang='lat' dir='ltr'>Quam</span> <span class='ocrx_word' id='word_1_64' title='bbox 2206 1581 2457 1632; x_wconf 88' lang='lat' dir='ltr'>curam</span> <span class='ocrx_word' id='word_1_65' title='bbox 2499 1553 2923 1656; x_wconf 79' lang='lat' dir='ltr'>respublica</span> <span class='ocrx_word' id='word_1_66' title='bbox 2958 1553 3156 1654; x_wconf 91' lang='lat' dir='ltr'>apud</span> <span class='ocrx_word' id='word_1_67' title='bbox 3193 1553 3425 1628; x_wconf 80' lang='lat' dir='ltr'>Grae·</span> 
     </span>
     <span class='ocr_line' id='line_1_10' title="bbox 656 1677 3427 1780; baseline -0.002 -25"><span class='ocrx_word' id='word_1_68' title='bbox 656 1705 781 1755; x_wconf 89' lang='lat' dir='ltr'>cos</span> <span class='ocrx_word' id='word_1_69' title='bbox 821 1689 895 1754; x_wconf 91' lang='lat' dir='ltr'>et</span> <span class='ocrx_word' id='word_1_70' title='bbox 931 1679 1306 1755; x_wconf 88' lang='lat' dir='ltr'>Romanos</span> <span class='ocrx_word' id='word_1_71' title='bbox 1367 1680 1594 1755; x_wconf 91' lang='lat' dir='ltr'>literis</span> <span class='ocrx_word' id='word_1_72' title='bbox 1655 1679 2153 1780; x_wconf 82' lang='lat' dir='ltr'>doctrinisque</span> <span class='ocrx_word' id='word_1_73' title='bbox 2213 1681 2541 1756; x_wconf 89' lang='lat' dir='ltr'>colendis</span> <span class='ocrx_word' id='word_1_74' title='bbox 2596 1687 2669 1756; x_wconf 84' lang='lat' dir='ltr'>et</span> <span class='ocrx_word' id='word_1_75' title='bbox 2718 1677 3245 1779; x_wconf 86' lang='lat' dir='ltr'>promovendis</span> <span class='ocrx_word' id='word_1_76' title='bbox 3293 1678 3427 1751; x_wconf 87' lang='lat' dir='ltr'>im-</span> 
     </span>
     <span class='ocr_line' id='line_1_11' title="bbox 659 1803 2327 1906; baseline -0.001 -26"><span class='ocrx_word' id='word_1_77' title='bbox 659 1803 1040 1906; x_wconf 91' lang='lat' dir='ltr'>penderit,</span> <span class='ocrx_word' id='word_1_78' title='bbox 1101 1806 1502 1904; x_wconf 89' lang='lat' dir='ltr'>quaeritur.</span> <span class='ocrx_word' id='word_1_79' title='bbox 1563 1803 2013 1903; x_wconf 79' lang='lat' dir='ltr'>(Gottingae</span> <span class='ocrx_word' id='word_1_80' title='bbox 2064 1805 2327 1896; x_wconf 84' lang='lat'>1837.)</span> 
     </span>
    </p>
   </div>
   <div class='ocr_carea' id='block_1_5' title="bbox 1833 2013 2255 2096">
    <p class='ocr_par' dir='ltr' id='par_1_7' title="bbox 1833 2013 2255 2096">
     <span class='ocr_line' id='line_1_12' title="bbox 1833 2013 2255 2096; baseline 0 0"><span class='ocrx_word' id='word_1_81' title='bbox 1833 2013 1986 2096; x_wconf 74' lang='lat' dir='ltr'>Ad</span> <span class='ocrx_word' id='word_1_82' title='bbox 2024 2014 2255 2096; x_wconf 80' lang='grc'><strong>378.</strong></span> 
     </span>
    </p>
   </div>
   <div class='ocr_carea' id='block_1_6' title="bbox 656 2177 3429 2660">
    <p class='ocr_par' dir='ltr' id='par_1_8' title="bbox 656 2177 3429 2660">
     <span class='ocr_line' id='line_1_13' title="bbox 869 2177 3425 2280; baseline -0.002 -24"><span class='ocrx_word' id='word_1_83' title='bbox 869 2180 1330 2256; x_wconf 90' lang='lat' dir='ltr'>Democedes</span> <span class='ocrx_word' id='word_1_84' title='bbox 1367 2207 1635 2280; x_wconf 87' lang='lat' dir='ltr'>quum,</span> <span class='ocrx_word' id='word_1_85' title='bbox 1695 2179 1957 2256; x_wconf 90' lang='lat' dir='ltr'>relicta</span> <span class='ocrx_word' id='word_1_86' title='bbox 1994 2181 2363 2275; x_wconf 83' lang='lat' dir='ltr'>Crotone,</span> <span class='ocrx_word' id='word_1_87' title='bbox 2428 2181 2757 2280; x_wconf 81' lang='lat' dir='ltr'>Aeginae</span> <span class='ocrx_word' id='word_1_88' title='bbox 2796 2179 3053 2256; x_wconf 87' lang='lat' dir='ltr'>sedem</span> <span class='ocrx_word' id='word_1_89' title='bbox 3091 2204 3304 2256; x_wconf 88' lang='lat' dir='ltr'>suam</span> <span class='ocrx_word' id='word_1_90' title='bbox 3342 2177 3425 2250; x_wconf 88' lang='lat' dir='ltr'>fi-</span> 
     </span>
     <span class='ocr_line' id='line_1_14' title="bbox 659 2305 3425 2408; baseline -0.002 -26"><span class='ocrx_word' id='word_1_91' title='bbox 659 2305 925 2396; x_wconf 86' lang='lat' dir='ltr'>xisset,</span> <span class='ocrx_word' id='word_1_92' title='bbox 996 2306 1235 2406; x_wconf 91' lang='lat' dir='ltr'>primo</span> <span class='ocrx_word' id='word_1_93' title='bbox 1293 2331 1492 2379; x_wconf 89' lang='lat' dir='ltr'>anno</span> <span class='ocrx_word' id='word_1_94' title='bbox 1551 2305 1739 2380; x_wconf 89' lang='lat' dir='ltr'>alios</span> <span class='ocrx_word' id='word_1_95' title='bbox 1795 2331 2055 2382; x_wconf 88' lang='lat' dir='ltr'>omnes</span> <span class='ocrx_word' id='word_1_96' title='bbox 2112 2306 2495 2408; x_wconf 83' lang='lat' dir='ltr'>superavit</span> <span class='ocrx_word' id='word_1_97' title='bbox 2549 2306 2899 2382; x_wconf 88' lang='lat' dir='ltr'>medicos.</span> <span class='ocrx_word' id='word_1_98' title='bbox 2996 2307 3259 2404; x_wconf 87' lang='lat' dir='ltr'>Itaque</span> <span class='ocrx_word' id='word_1_99' title='bbox 3312 2329 3425 2378; x_wconf 91' lang='lat' dir='ltr'>se·</span> 
     </span>
     <span class='ocr_line' id='line_1_15' title="bbox 656 2427 3427 2533; baseline -0.003 -26"><span class='ocrx_word' id='word_1_100' title='bbox 656 2432 904 2508; x_wconf 92' lang='lat' dir='ltr'>cundo</span> <span class='ocrx_word' id='word_1_101' title='bbox 944 2457 1143 2506; x_wconf 92' lang='lat' dir='ltr'>anno</span> <span class='ocrx_word' id='word_1_102' title='bbox 1185 2430 1594 2530; x_wconf 85' lang='lat' dir='ltr'>Aeginetae</span> <span class='ocrx_word' id='word_1_103' title='bbox 1655 2432 1955 2533; x_wconf 88' lang='lat' dir='ltr'>publice</span> <span class='ocrx_word' id='word_1_104' title='bbox 2012 2459 2177 2510; x_wconf 90' lang='lat' dir='ltr'>eum</span> <span class='ocrx_word' id='word_1_105' title='bbox 2238 2434 2515 2510; x_wconf 92' lang='lat' dir='ltr'>talento</span> <span class='ocrx_word' id='word_1_106' title='bbox 2562 2433 3095 2510; x_wconf 82' lang='lat' dir='ltr'>conduxerunt.</span> <span class='ocrx_word' id='word_1_107' title='bbox 3170 2427 3427 2504; x_wconf 87' lang='lat' dir='ltr'>Tertio</span> 
     </span>
     <span class='ocr_line' id='line_1_16' title="bbox 657 2555 3429 2660; baseline -0.001 -28"><span class='ocrx_word' id='word_1_108' title='bbox 657 2584 854 2634; x_wconf 91' lang='lat' dir='ltr'>anno</span> <span class='ocrx_word' id='word_1_109' title='bbox 913 2556 1403 2634; x_wconf 85' lang='lat' dir='ltr'>Athenienses</span> <span class='ocrx_word' id='word_1_110' title='bbox 1462 2569 1762 2634; x_wconf 89' lang='lat' dir='ltr'>centum</span> <span class='ocrx_word' id='word_1_111' title='bbox 1822 2559 2102 2654; x_wconf 79' lang='lat' dir='ltr'>minis3</span> <span class='ocrx_word' id='word_1_112' title='bbox 2179 2571 2441 2660; x_wconf 89' lang='lat' dir='ltr'>quarto</span> <span class='ocrx_word' id='word_1_113' title='bbox 2499 2585 2677 2636; x_wconf 87' lang='lat' dir='ltr'>vero</span> <span class='ocrx_word' id='word_1_114' title='bbox 2736 2585 2935 2634; x_wconf 92' lang='lat' dir='ltr'>anno</span> <span class='ocrx_word' id='word_1_115' title='bbox 2992 2555 3429 2657; x_wconf 86' lang='lat' dir='ltr'>Polycrates</span> 
     </span>
    </p>
   </div>
   <div class='ocr_carea' id='block_1_7' title="bbox 656 2681 2305 2981">
    <p class='ocr_par' dir='ltr' id='par_1_9' title="bbox 656 2681 2305 2981">
     <span class='ocr_line' id='line_1_17' title="bbox 656 2681 2305 2779; baseline 0.001 -20"><span class='ocrx_word' id='word_1_116' title='bbox 656 2681 957 2760; x_wconf 90' lang='lat' dir='ltr'>duobus.</span> <span class='ocrx_word' id='word_1_117' title='bbox 986 2682 1306 2759; x_wconf 87' lang='lat' dir='ltr'>talentis.</span> <span class='ocrx_word' id='word_1_118' title='bbox 1365 2683 1480 2777; x_wconf 84' lang='lat' dir='ltr'>(H</span> <span class='ocrx_word' id='word_1_119' title='bbox 1501 2709 1539 2758; x_wconf 93' lang='lat' dir='ltr'>e</span> <span class='ocrx_word' id='word_1_120' title='bbox 1561 2709 1599 2758; x_wconf 91' lang='lat' dir='ltr'>r</span> <span class='ocrx_word' id='word_1_121' title='bbox 1621 2711 1662 2760; x_wconf 96' lang='lat' dir='ltr'>o</span> <span class='ocrx_word' id='word_1_122' title='bbox 1686 2683 1734 2760; x_wconf 89' lang='lat' dir='ltr'>d</span> <span class='ocrx_word' id='word_1_123' title='bbox 1757 2715 1797 2762; x_wconf 93' lang='lat' dir='ltr'>o</span> <span class='ocrx_word' id='word_1_124' title='bbox 1821 2695 1871 2760; x_wconf 88' lang='lat' dir='ltr'>t.</span> <span class='ocrx_word' id='word_1_125' title='bbox 1912 2687 2046 2779; x_wconf 93' lang='lat' dir='ltr'>III,</span> <span class='ocrx_word' id='word_1_126' title='bbox 2094 2686 2305 2778; x_wconf 88' lang='grc'><strong>131.)</strong></span> 
     </span>
     <span class='ocr_line' id='line_1_18' title="bbox 1833 2895 2255 2981; baseline 0.002 -1"><span class='ocrx_word' id='word_1_127' title='bbox 1833 2895 1985 2980; x_wconf 74' lang='lat' dir='ltr'>Ad</span> <span class='ocrx_word' id='word_1_128' title='bbox 2025 2897 2255 2981; x_wconf 75' lang='lat'>8⁷0.</span> 
     </span>
    </p>
   </div>
   <div class='ocr_carea' id='block_1_8' title="bbox 656 3057 3427 3287">
    <p class='ocr_par' dir='ltr' id='par_1_10' title="bbox 656 3057 3427 3287">
     <span class='ocr_line' id='line_1_19' title="bbox 865 3057 3427 3164; baseline -0.001 -27"><span class='ocrx_word' id='word_1_129' title='bbox 865 3062 1044 3137; x_wconf 82' lang='lat' dir='ltr'>Jam</span> <span class='ocrx_word' id='word_1_130' title='bbox 1089 3059 1612 3159; x_wconf 85' lang='lat' dir='ltr'>legumlatores</span> <span class='ocrx_word' id='word_1_131' title='bbox 1653 3074 1828 3139; x_wconf 88' lang='lat' dir='ltr'>ante</span> <span class='ocrx_word' id='word_1_132' title='bbox 1871 3063 2309 3141; x_wconf 82' lang='lat' dir='ltr'>Charondae</span> <span class='ocrx_word' id='word_1_133' title='bbox 2368 3074 2686 3140; x_wconf 86' lang='lat' dir='ltr'>aetatem</span> <span class='ocrx_word' id='word_1_134' title='bbox 2742 3063 3051 3164; x_wconf 90' lang='lat' dir='ltr'>publica</span> <span class='ocrx_word' id='word_1_135' title='bbox 3088 3057 3427 3135; x_wconf 88' lang='lat' dir='ltr'>mercede</span> 
     </span>
     <span class='ocr_line' id='line_1_20' title="bbox 656 3186 3427 3287; baseline -0.001 -25"><span class='ocrx_word' id='word_1_136' title='bbox 656 3186 988 3264; x_wconf 86' lang='lat' dir='ltr'>medicos</span> <span class='ocrx_word' id='word_1_137' title='bbox 1025 3186 1377 3262; x_wconf 86' lang='lat' dir='ltr'>sanandis</span> <span class='ocrx_word' id='word_1_138' title='bbox 1416 3188 1876 3287; x_wconf 88' lang='lat' dir='ltr'>privatorum</span> <span class='ocrx_word' id='word_1_139' title='bbox 1916 3190 2189 3267; x_wconf 90' lang='lat' dir='ltr'>morbis</span> <span class='ocrx_word' id='word_1_140' title='bbox 2230 3189 2752 3267; x_wconf 85' lang='lat' dir='ltr'>conducendos</span> <span class='ocrx_word' id='word_1_141' title='bbox 2794 3214 2951 3266; x_wconf 89' lang='lat' dir='ltr'>esse</span> <span class='ocrx_word' id='word_1_142' title='bbox 2992 3196 3427 3265; x_wconf 79' lang='lat' dir='ltr'>sanxerunt.</span> 
     </span>
    </p>
   </div>
   <div class='ocr_carea' id='block_1_9' title="bbox 651 3311 2251 3609">
    <p class='ocr_par' dir='ltr' id='par_1_11' title="bbox 651 3311 2251 3609">
     <span class='ocr_line' id='line_1_21' title="bbox 651 3311 1916 3410; baseline 0.004 -25"><span class='ocrx_word' id='word_1_143' title='bbox 651 3311 1101 3406; x_wconf 82' lang='lat' dir='ltr'>(Diodor.</span> <span class='ocrx_word' id='word_1_144' title='bbox 1163 3312 1458 3389; x_wconf 85' lang='lat' dir='ltr'>Sicul.</span> <span class='ocrx_word' id='word_1_145' title='bbox 1519 3314 1690 3410; x_wconf 91' lang='lat' dir='ltr'>XII,</span> <span class='ocrx_word' id='word_1_146' title='bbox 1753 3315 1916 3406; x_wconf 88' lang='grc'><strong>13.)</strong></span> 
     </span>
     <span class='ocr_line' id='line_1_22' title="bbox 1832 3524 2251 3609; baseline 0.005 -2"><span class='ocrx_word' id='word_1_147' title='bbox 1832 3524 1985 3608; x_wconf 73' lang='lat' dir='ltr'>Ad</span> <span class='ocrx_word' id='word_1_148' title='bbox 2041 3526 2251 3609; x_wconf 79' lang='grc'><strong>381.</strong></span> 
     </span>
    </p>
   </div>
   <div class='ocr_carea' id='block_1_10' title="bbox 653 3684 3427 4939">
    <p class='ocr_par' dir='ltr' id='par_1_12' title="bbox 653 3684 3427 4292">
     <span class='ocr_line' id='line_1_23' title="bbox 869 3684 3425 3787; baseline 0 -24"><span class='ocrx_word' id='word_1_149' title='bbox 869 3684 1360 3786; x_wconf 87' lang='lat' dir='ltr'>Anonymi</span> <span class='ocrx_word' id='word_1_150' title='bbox 1399 3714 1751 3787; x_wconf 85' lang='lat' dir='ltr'>argum.</span> <span class='ocrx_word' id='word_1_151' title='bbox 1790 3690 1884 3764; x_wconf 93' lang='lat' dir='ltr'>in</span> <span class='ocrx_word' id='word_1_152' title='bbox 1920 3692 2409 3769; x_wconf 89' lang='lat' dir='ltr'>Demosth.</span> <span class='ocrx_word' id='word_1_153' title='bbox 2452 3701 2689 3768; x_wconf 79' lang='lat' dir='ltr'>orat.</span> <span class='ocrx_word' id='word_1_154' title='bbox 2728 3717 2790 3768; x_wconf 89' lang='lat' dir='ltr'>c.</span> <span class='ocrx_word' id='word_1_155' title='bbox 2838 3689 3425 3767; x_wconf 85' lang='lat' dir='ltr'>Androtion.</span> 
     </span>
     <span class='ocr_line' id='line_1_24' title="bbox 661 3811 3427 3917; baseline 0.001 -33"><span class='ocrx_word' id='word_1_156' title='bbox 661 3812 854 3886; x_wconf 83' lang='lat'>588:</span> <span class='ocrx_word' id='word_1_157' title='bbox 915 3811 1123 3887; x_wconf 85' lang='lat' dir='ltr'>Varii</span> <span class='ocrx_word' id='word_1_158' title='bbox 1177 3812 1482 3888; x_wconf 87' lang='lat' dir='ltr'>fuerunt</span> <span class='ocrx_word' id='word_1_159' title='bbox 1533 3817 2013 3914; x_wconf 88' lang='lat' dir='ltr'>magistratus</span> <span class='ocrx_word' id='word_1_160' title='bbox 2072 3817 2271 3917; x_wconf 88' lang='lat' dir='ltr'>apud</span> <span class='ocrx_word' id='word_1_161' title='bbox 2328 3817 2864 3911; x_wconf 89' lang='lat' dir='ltr'>Athenienses,</span> <span class='ocrx_word' id='word_1_162' title='bbox 2936 3842 3247 3915; x_wconf 91' lang='lat' dir='ltr'>quorum</span> <span class='ocrx_word' id='word_1_163' title='bbox 3305 3814 3427 3890; x_wconf 92' lang='lat' dir='ltr'>alii</span> 
     </span>
     <span class='ocr_line' id='line_1_25' title="bbox 655 3936 3423 4043; baseline 0.001 -32"><span class='ocrx_word' id='word_1_164' title='bbox 655 3948 892 4031; x_wconf 88' lang='lat' dir='ltr'>sorte,</span> <span class='ocrx_word' id='word_1_165' title='bbox 935 3936 1059 4013; x_wconf 91' lang='lat' dir='ltr'>alii</span> <span class='ocrx_word' id='word_1_166' title='bbox 1097 3939 1498 4037; x_wconf 82' lang='lat' dir='ltr'>suffragiO,</span> <span class='ocrx_word' id='word_1_167' title='bbox 1542 3940 1664 4015; x_wconf 87' lang='lat' dir='ltr'>alii</span> <span class='ocrx_word' id='word_1_168' title='bbox 1703 3940 1999 4017; x_wconf 90' lang='lat' dir='ltr'>delectu</span> <span class='ocrx_word' id='word_1_169' title='bbox 2036 3943 2501 4018; x_wconf 88' lang='lat' dir='ltr'>creabantur.</span> <span class='ocrx_word' id='word_1_170' title='bbox 2562 3942 2815 4037; x_wconf 87' lang='lat' dir='ltr'>Sorte,</span> <span class='ocrx_word' id='word_1_171' title='bbox 2858 3943 2984 4043; x_wconf 92' lang='lat' dir='ltr'>qui</span> <span class='ocrx_word' id='word_1_172' title='bbox 3022 3942 3281 4017; x_wconf 88' lang='lat' dir='ltr'>sortito</span> <span class='ocrx_word' id='word_1_173' title='bbox 3320 3940 3423 4017; x_wconf 91' lang='lat' dir='ltr'>le-</span> 
     </span>
     <span class='ocr_line' id='line_1_26' title="bbox 653 4061 3425 4169; baseline 0.002 -34"><span class='ocrx_word' id='word_1_174' title='bbox 653 4061 1067 4159; x_wconf 86' lang='lat' dir='ltr'>gebantur,</span> <span class='ocrx_word' id='word_1_175' title='bbox 1110 4074 1183 4137; x_wconf 92' lang='lat' dir='ltr'>et</span> <span class='ocrx_word' id='word_1_176' title='bbox 1208 4062 1546 4163; x_wconf 85' lang='lat' dir='ltr'>judices;</span> <span class='ocrx_word' id='word_1_177' title='bbox 1601 4065 1999 4163; x_wconf 83' lang='lat' dir='ltr'>suffragiO,</span> <span class='ocrx_word' id='word_1_178' title='bbox 2040 4066 2163 4165; x_wconf 91' lang='lat' dir='ltr'>qui</span> <span class='ocrx_word' id='word_1_179' title='bbox 2200 4067 2485 4169; x_wconf 90' lang='lat' dir='ltr'>populo</span> <span class='ocrx_word' id='word_1_180' title='bbox 2521 4070 3020 4167; x_wconf 85' lang='lat' dir='ltr'>suffragante,</span> <span class='ocrx_word' id='word_1_181' title='bbox 3077 4076 3161 4141; x_wconf 92' lang='lat' dir='ltr'>ut</span> <span class='ocrx_word' id='word_1_182' title='bbox 3195 4067 3425 4167; x_wconf 88' lang='lat' dir='ltr'>impe-</span> 
     </span>
     <span class='ocr_line' id='line_1_27' title="bbox 659 4186 2603 4292; baseline 0.005 -31"><span class='ocrx_word' id='word_1_183' title='bbox 659 4196 980 4283; x_wconf 89' lang='lat' dir='ltr'>ratores;</span> <span class='ocrx_word' id='word_1_184' title='bbox 1037 4186 1368 4282; x_wconf 89' lang='lat' dir='ltr'>delectu,</span> <span class='ocrx_word' id='word_1_185' title='bbox 1411 4188 1534 4287; x_wconf 93' lang='lat' dir='ltr'>qui</span> <span class='ocrx_word' id='word_1_186' title='bbox 1574 4189 2123 4290; x_wconf 86' lang='lat' dir='ltr'>deligebantur,</span> <span class='ocrx_word' id='word_1_187' title='bbox 2166 4205 2244 4269; x_wconf 91' lang='lat' dir='ltr'>ut</span> <span class='ocrx_word' id='word_1_188' title='bbox 2280 4193 2603 4292; x_wconf 89' lang='lat' dir='ltr'>choragi.</span> 
     </span>
    </p>

    <p class='ocr_par' dir='ltr' id='par_1_13' title="bbox 657 4328 3425 4801">
     <span class='ocr_line' id='line_1_28' title="bbox 869 4328 3425 4427; baseline 0.002 -24"><span class='ocrx_word' id='word_1_189' title='bbox 869 4328 1044 4405; x_wconf 91' lang='lat' dir='ltr'>Non</span> <span class='ocrx_word' id='word_1_190' title='bbox 1081 4341 1304 4407; x_wconf 88' lang='lat' dir='ltr'>recte.</span> <span class='ocrx_word' id='word_1_191' title='bbox 1381 4332 1684 4410; x_wconf 88' lang='lat' dir='ltr'>Nullam</span> <span class='ocrx_word' id='word_1_192' title='bbox 1724 4333 1923 4409; x_wconf 88' lang='lat' dir='ltr'>enim</span> <span class='ocrx_word' id='word_1_193' title='bbox 1960 4333 2460 4413; x_wconf 86' lang='lat' dir='ltr'>intercessisse</span> <span class='ocrx_word' id='word_1_194' title='bbox 2502 4337 2995 4414; x_wconf 86' lang='lat' dir='ltr'>differentiam</span> <span class='ocrx_word' id='word_1_195' title='bbox 3027 4337 3225 4413; x_wconf 91' lang='lat' dir='ltr'>inter</span> <span class='ocrx_word' id='word_1_196' title='bbox 3250 4360 3425 4427; x_wconf 75' lang='grc' dir='ltr'>χει-</span> 
     </span>
     <span class='ocr_line' id='line_1_29' title="bbox 658 4446 3424 4566; baseline 0.005 -43"><span class='ocrx_word' id='word_1_197' title='bbox 658 4446 1124 4549; x_wconf 79' lang='grc' dir='ltr'><strong><em>ροτονητούς</em></strong></span> <span class='ocrx_word' id='word_1_198' title='bbox 1162 4467 1236 4531; x_wconf 90' lang='lat' dir='ltr'>et</span> <span class='ocrx_word' id='word_1_199' title='bbox 1276 4452 1668 4554; x_wconf 59' lang='grc' dir='ltr'><strong><em>αἱρετούς,</em></strong></span> <span class='ocrx_word' id='word_1_200' title='bbox 1727 4468 1936 4558; x_wconf 88' lang='lat' dir='ltr'>patet</span> <span class='ocrx_word' id='word_1_201' title='bbox 1986 4484 2025 4535; x_wconf 94' lang='lat' dir='ltr'>e</span> <span class='ocrx_word' id='word_1_202' title='bbox 2067 4460 2317 4538; x_wconf 91' lang='lat' dir='ltr'>verbis</span> <span class='ocrx_word' id='word_1_203' title='bbox 2354 4462 2880 4539; x_wconf 87' lang='lat' dir='ltr'>Demosthenis</span> <span class='ocrx_word' id='word_1_204' title='bbox 2938 4466 3113 4566; x_wconf 86' lang='lat' dir='ltr'>(pro</span> <span class='ocrx_word' id='word_1_205' title='bbox 3152 4460 3424 4539; x_wconf 72' lang='lat' dir='ltr'>Conon.</span> 
     </span>
     <span class='ocr_line' id='line_1_30' title="bbox 657 4576 3425 4691; baseline 0.003 -38"><span class='ocrx_word' id='word_1_206' title='bbox 657 4576 854 4669; x_wconf 84' lang='lat'>310)</span> <span class='ocrx_word' id='word_1_207' title='bbox 880 4605 896 4653; x_wconf 73' lang='grc' dir='ltr'>ε</span> <span class='ocrx_word' id='word_1_208' title='bbox 956 4576 1203 4651; x_wconf 69' lang='grc' dir='ltr'>ἔπειθ’</span> <span class='ocrx_word' id='word_1_209' title='bbox 1263 4606 1309 4652; x_wconf 90' lang='grc' dir='ltr'><strong><em>α</em></strong></span> <span class='ocrx_word' id='word_1_210' title='bbox 1331 4579 1358 4653; x_wconf 83' lang='grc' dir='ltr'><strong><em>ἱ</em></strong></span> <span class='ocrx_word' id='word_1_211' title='bbox 1379 4608 1420 4677; x_wconf 83' lang='grc' dir='ltr'><strong><em>ρ</em></strong></span> <span class='ocrx_word' id='word_1_212' title='bbox 1444 4608 1484 4653; x_wconf 92' lang='lat' dir='ltr'>o</span> <span class='ocrx_word' id='word_1_213' title='bbox 1509 4576 1557 4654; x_wconf 88' lang='grc' dir='ltr'>ύ</span> <span class='ocrx_word' id='word_1_214' title='bbox 1576 4612 1640 4677; x_wconf 81' lang='grc' dir='ltr'>,ιι</span> <span class='ocrx_word' id='word_1_215' title='bbox 1665 4611 1698 4657; x_wconf 76' lang='grc' dir='ltr'><em>ε</em></span> <span class='ocrx_word' id='word_1_216' title='bbox 1720 4608 1766 4656; x_wconf 80' lang='grc' dir='ltr'><em>ν</em></span> <span class='ocrx_word' id='word_1_217' title='bbox 1789 4610 1831 4658; x_wconf 88' lang='lat' dir='ltr'>o</span> <span class='ocrx_word' id='word_1_218' title='bbox 1855 4612 1889 4669; x_wconf 86' lang='grc' dir='ltr'><strong>ς</strong></span> <span class='ocrx_word' id='word_1_219' title='bbox 1946 4578 2271 4675; x_wconf 78' lang='grc' dir='ltr'>σιτώνην</span> <span class='ocrx_word' id='word_1_220' title='bbox 2324 4588 2416 4660; x_wconf 77' lang='grc' dir='ltr'>ἐκ</span> <span class='ocrx_word' id='word_1_221' title='bbox 2475 4581 2787 4663; x_wconf 80' lang='grc' dir='ltr'><strong><em>πάντων</em></strong></span> <span class='ocrx_word' id='word_1_222' title='bbox 2840 4593 2913 4691; x_wconf 82' lang='lat' dir='ltr'>y&#39;</span> <span class='ocrx_word' id='word_1_223' title='bbox 2970 4586 3096 4687; x_wconf 78' lang='grc' dir='ltr'>ἐμὲ</span> <span class='ocrx_word' id='word_1_224' title='bbox 3166 4591 3279 4681; x_wconf 80' lang='grc' dir='ltr'>ἐχ</span> <span class='ocrx_word' id='word_1_225' title='bbox 3298 4616 3332 4662; x_wconf 76' lang='grc' dir='ltr'>ε</span> <span class='ocrx_word' id='word_1_226' title='bbox 3354 4616 3425 4661; x_wconf 92' lang='grc' dir='ltr'>ι-</span> 
     </span>
     <span class='ocr_line' id='line_1_31' title="bbox 657 4694 1611 4801; baseline 0.009 -27"><span class='ocrx_word' id='word_1_227' title='bbox 657 4697 1211 4801; x_wconf 75' lang='grc' dir='ltr'><strong><em>ροτόνησεν</em></strong></span> <span class='ocrx_word' id='word_1_228' title='bbox 1267 4694 1308 4779; x_wconf 86' lang='lat' dir='ltr'>o‘</span> <span class='ocrx_word' id='word_1_229' title='bbox 1353 4702 1611 4800; x_wconf 79' lang='grc' dir='ltr'><strong>δῆμος.</strong></span> 
     </span>
    </p>

    <p class='ocr_par' dir='ltr' id='par_1_14' title="bbox 872 4824 2321 4939">
     <span class='ocr_line' id='line_1_32' title="bbox 872 4824 2321 4939; baseline 0.006 -34"><span class='ocrx_word' id='word_1_230' title='bbox 872 4826 991 4907; x_wconf 84' lang='lat' dir='ltr'>Of.</span> <span class='ocrx_word' id='word_1_231' title='bbox 1033 4824 1280 4909; x_wconf 87' lang='lat' dir='ltr'>Schol.</span> <span class='ocrx_word' id='word_1_232' title='bbox 1321 4832 1398 4907; x_wconf 95' lang='lat' dir='ltr'>in</span> <span class='ocrx_word' id='word_1_233' title='bbox 1440 4831 1781 4912; x_wconf 83' lang='lat' dir='ltr'>A&#39;esohin.</span> <span class='ocrx_word' id='word_1_234' title='bbox 1825 4836 2156 4939; x_wconf 84' lang='lat' dir='ltr'>Ctesiph.</span> <span class='ocrx_word' id='word_1_235' title='bbox 2202 4838 2321 4914; x_wconf 89' lang='grc'>13.</span> 
     </span>
    </p>
   </div>
   <div class='ocr_carea' id='block_1_11' title="bbox 1825 5048 2255 5132">
    <p class='ocr_par' dir='ltr' id='par_1_15' title="bbox 1825 5048 2255 5132">
     <span class='ocr_line' id='line_1_33' title="bbox 1825 5048 2255 5132; baseline 0.002 -1"><span class='ocrx_word' id='word_1_236' title='bbox 1825 5048 1978 5131; x_wconf 76' lang='lat' dir='ltr'>Ad</span> <span class='ocrx_word' id='word_1_237' title='bbox 2023 5049 2255 5132; x_wconf 79' lang='grc'><strong>383.</strong></span> 
     </span>
    </p>
   </div>
   <div class='ocr_carea' id='block_1_12' title="bbox 869 5210 3421 5325">
    <p class='ocr_par' dir='ltr' id='par_1_16' title="bbox 869 5210 3421 5325">
     <span class='ocr_line' id='line_1_34' title="bbox 869 5210 3421 5325; baseline 0.006 -39"><span class='ocrx_word' id='word_1_238' title='bbox 869 5210 1146 5286; x_wconf 78' lang='lat' dir='ltr'>Fontes</span> <span class='ocrx_word' id='word_1_239' title='bbox 1205 5210 1407 5289; x_wconf 90' lang='lat' dir='ltr'>citati</span> <span class='ocrx_word' id='word_1_240' title='bbox 1466 5212 1720 5291; x_wconf 91' lang='lat' dir='ltr'>dicunt</span> <span class='ocrx_word' id='word_1_241' title='bbox 1775 5216 1913 5294; x_wconf 91' lang='lat' dir='ltr'>hos</span> <span class='ocrx_word' id='word_1_242' title='bbox 1960 5219 2436 5318; x_wconf 83' lang='lat' dir='ltr'>magistratus</span> <span class='ocrx_word' id='word_1_243' title='bbox 2472 5220 2701 5303; x_wconf 82' lang='lat' dir='ltr'>fuisse</span> <span class='ocrx_word' id='word_1_244' title='bbox 2738 5222 3093 5325; x_wconf 80' lang='lat' dir='ltr'>suffragio</span> <span class='ocrx_word' id='word_1_245' title='bbox 3130 5236 3421 5305; x_wconf 90' lang='lat' dir='ltr'>creatos</span> 
     </span>
    </p>
   </div>
  </div>
 </body>
</html>
