3725 5850
1023 498 1640 551 COMMENTARIUS
1681 499 1787 548 ‚AD
1826 495 1954 550 704.
1993 496 2118 553 707.
2157 495 2281 553 703.
2877 474 3030 549 509

258 688 530 763 mentis
588 691 839 768 statim
900 691 1119 769 eximi
1172 688 1545 791 cupiebat.
1623 688 1779 765 Vos
1834 715 2094 768 omnes
2139 691 2318 768 mihi
2379 691 2731 769 videmini
2767 718 3028 787 nosse,

254 836 489 911 penes
527 840 711 915 quos
752 817 1140 893 arbitrium
1177 825 1714 891 tormentorum
1750 843 1888 918 pro
1925 829 2138 919 parte
2178 818 2562 921 potissima
2596 820 2730 915 sit,
2791 818 2882 893 iis
2919 818 3027 895 fa-

255 948 521 1015 ventes
578 941 1031 1043 torquendos
1082 951 1303 1041 grata
1358 939 1609 1017 auditu
1667 944 1919 1020 omnia
1973 944 2448 1046 praedicare3
2503 944 2599 1020 ab
2659 943 2773 1019 his
2828 945 3028 1020 enim

256 1067 835 1145 emolumentum
888 1078 1235 1171 sperant,
1303 1069 1737 1169 praesertim
1791 1070 1856 1147 si
1914 1080 2244 1149 torturae
2301 1096 2453 1150 non
2508 1070 2855 1148 intersint
2909 1068 3024 1167 hi,

255 1216 445 1290 quos
482 1194 677 1272 servi
716 1194 899 1272 falso
938 1220 1073 1272 suo
1110 1194 1533 1273 testimonio
1570 1194 1898 1275 laedant.

1436 1369 1586 1452 Ad
1628 1373 1856 1456 704.

470 1514 888 1594 Scholiasta
923 1518 1017 1594 ad
1058 1516 1579 1618 Aristophanis
1614 1518 1866 1595 Ranas
1909 1520 2126 1613 (521.
2171 1524 2284 1613 v.)
2323 1519 2538 1615 dicit,
2602 1516 2804 1620 apud
2847 1516 3023 1594 Cre-

256 1652 505 1717 tenses
528 1643 937 1721 obtinuisse
960 1643 1510 1721 Rhadamanthi
1530 1645 1797 1744 legem,
1838 1671 1933 1721 ne
1969 1646 2133 1746 quis
2171 1671 2308 1748 per
2346 1644 2526 1722 deos
2551 1644 2872 1745 juraret,
2896 1642 3029 1720 sed

256 1790 396 1867 per
432 1793 776 1844 anserem
816 1769 939 1846 vel
978 1795 1114 1871 per
1151 1793 1452 1863 canem,
1492 1767 1796 1845 arietem
1834 1779 1910 1845 et
1945 1770 2092 1845 alia
2127 1768 2510 1871 ejusmodi.

470 1892 818 1971 Socrates
875 1921 1171 1995 quoque
1216 1892 1501 1995 juravit
1558 1920 1692 1996 per
1762 1918 2020 1971 canem
2097 1894 2537 1989 (Platon.
2617 1893 3025 1996 Apolog.

254 2017 378 2111 22,
423 2016 555 2116 A),
595 2020 743 2095 imo
783 2031 968 2097 teste
1007 2019 1289 2122 cyrillo
1330 2019 1839 2097 Alexandrino
1881 2021 2102 2097 etiam
2142 2045 2280 2122 per
2317 2046 2660 2098 anserem
2697 2031 2772 2096 et
2810 2043 3025 2120 quer-

253 2168 463 2239 cum,
525 2146 723 2243 quod
797 2147 1157 2223 noluisset
1227 2145 1775 2224 Rhadamanthi
1852 2147 2197 2248 exemplo
2228 2157 2333 2224 ,et
2389 2148 2826 2223 auctoritate
2892 2170 3030 2247 per

254 2267 435 2345 deos
473 2269 750 2370 jurare.

1426 2374 1577 2458 Ad
1630 2377 1857 2459 707.

469 2521 1139 2625 Harpocratio
1187 2522 1497 2599 ibidem:
1562 2516 1898 2607 ἐπακτὸς
1955 2512 2192 2620 ὅρκος
2236 2522 2766 2625 jusjurandum
2821 2521 3020 2622 quod

252 2646 415 2745 quis
476 2673 611 2723 sua
665 2660 933 2749 sponte
992 2647 1339 2749 suscipit,
1398 2647 1517 2723 vel
1572 2675 1719 2749 quo
1777 2649 1943 2749 quis
1999 2648 2196 2725 ultro
2253 2674 2334 2725 se
2383 2649 2804 2747 obstringit.
2882 2646 3028 2725 Alii

251 2783 513 2847 contra
550 2774 656 2848 sic
695 2784 967 2850 vocant
991 2771 1523 2874 jusjurandum
1560 2772 1886 2851 delatum
1944 2766 2448 2870 (ἀλλαχόθεν
2483 2766 3030 2869 ἐπιφερόμενος

253 2888 557 2996 ὅρκος),
618 2927 769 2976 non
808 2898 988 2976 illud
1025 2926 1171 3000 quo
1211 2900 1375 3001 quis
1413 2927 1550 2979 sua
1585 2912 1853 3005 sponte
1894 2927 1972 2978 se
2011 2901 2437 3000 obstringit.

1432 3075 1583 3158 Ad
1625 3079 1855 3162 708.

469 3217 827 3301 Suidas
874 3251 933 3302 s.
972 3251 1042 3300 v.
1084 3215 1528 3320 ἀντωμοσία
1552 3252 1577 3296 .·
1633 3222 1886 3321 Actio,
1937 3252 2163 3326 quam
2186 3226 2481 3326 juratus
2521 3222 2882 3301 adversus
2921 3221 3026 3300 al-

248 3362 493 3426 terum
548 3351 865 3426 instituit
920 3350 1013 3425 de
1070 3350 1401 3452 injuriis,
1477 3351 1745 3452 quibus
1808 3379 1888 3430 se
1943 3353 2295 3428 affectum
2349 3349 2548 3426 dicit.
2637 3348 3028 3445 Διωμοσία

250 3502 431 3553 vero
469 3486 779 3552 vocatur
804 3475 1329 3575 jusjurandum
1352 3531 1371 3568 ‚
1422 3477 1619 3575 quod
1657 3477 2040 3577 utriusque
2080 3485 2503 3578 praestatur
2537 3473 2633 3552 ab
2671 3474 2859 3570 illis,
2901 3472 3028 3576 qui

248 3605 325 3679 in
352 3602 643 3704 judicio
682 3600 1011 3700 litigant:
1069 3627 1388 3702 quorum
1422 3601 1609 3678 alter
1646 3603 1854 3700 dicit,
1895 3628 1976 3680 se
2015 3603 2578 3681 commissorum
2611 3625 2818 3677 reum
2857 3624 3022 3703 per-

248 3755 477 3830 agere
502 3787 521 3824 ,
562 3709 749 3805 alter
784 3753 965 3804 vero
1003 3754 1082 3804 se
1119 3728 1385 3806 fecisse
1423 3740 1674 3828 negat.

465 3856 655 3933 Item
694 3847 1139 3947 ἀντωμοσία
1178 3864 1354 3931 sunt
1389 3855 1633 3956 capita
1667 3853 1847 3950 litis,
1908 3879 2096 3955 quae
2150 3864 2358 3931 actor
2412 3864 2486 3930 et
2543 3878 2712 3930 reus
2748 3853 3026 3954 scripto

250 3983 795 4086 comprehensa
847 3979 943 4056 ad
1001 3979 1524 4078 magistratum
1578 3981 1946 4058 deferunt.
2019 3981 2313 4058 Dicitur
2367 3989 2617 4056 autem
2653 3977 2758 4053 ita
2778 4037 2796 4074 ,
2855 3978 3028 4077 quia

250 4123 566 4210 utraque
606 4133 779 4212 pars
813 4107 1157 4210 jurabat,
1218 4118 1424 4184 actor
1482 4105 1783 4209 quidem
1820 4134 1899 4184 se
1925 4108 2211 4208 justam
2251 4107 2348 4182 ob
2388 4131 2688 4182 causam
2722 4128 3024 4179 accusa-

244 4248 534 4329 turum,
593 4259 763 4311 reus
804 4259 983 4310 vero
1022 4259 1099 4310 se
1127 4235 1333 4336 justa
1369 4234 1805 4311 defensione
1844 4259 2149 4310 usurum
2190 4257 2372 4308 esse.

461 4362 650 4438 Item
690 4353 1135 4456 ἀντωμοσία
1178 4371 1289 4437 est
1314 4358 1846 4461 jusjurandum
1884 4359 2292 4436 adversarii
2327 4359 2408 4433 in
2432 4354 2736 4458 judicic.

464 4485 891 4564 Secundum
929 4485 1393 4588 Hesychium
1439 4477 1887 4583 ἀντωμοσία
1943 4496 2104 4563 erat
2157 4484 2536 4584 utriusque
2594 4481 2828 4584 partis
2883 4481 3026 4558 lifi-

250 4614 503 4712 gantis
528 4613 1075 4716 jusjurandum.
1154 4611 1575 4690 Accusatus
1610 4637 1880 4714 nempe
1912 4611 2216 4712 juravit,
2257 4637 2338 4687 se
2370 4607 2552 4685 nihil
2587 4607 3026 4710 deliquisse3

256 4751 647 4817 accusator
680 4750 931 4817 autem
955 4737 1277 4839 juravit,
1333 4738 1543 4815 illum
1579 4736 1928 4815 delictum
1963 4736 2438 4814 commisisse.

464 4864 581 4942 Of.
620 4866 903 4943 Lexica
938 4863 1250 4966 Seguer.
1290 4891 1363 4967 p.
1402 4866 1580 4941 200.

458 4991 732 5069 Pollux
791 4991 999 5088 VIII,
1046 4991 1239 5066 122:
1296 4992 1352 5068 J
1354 4981 1815 5069 udicantium
1874 5001 1949 5068 et
2003 4988 2454 5087 litigantium
2496 4981 3026 5085 jusjurandum

248 5129 563 5196 vocatur
600 5111 1059 5215 ἀμφιορκία.

462 5246 751 5325 Eadem
788 5245 1043 5322 dicunt
1080 5245 1354 5324 Lexica
1392 5243 1699 5342 Seguer.
1737 5271 1811 5345 p.
1856 5241 2027 5318 184.
