3725 5850
1361 487 1486 559 ni:
1525 497 1858 560 mmmm
2903 491 3009 570 93

262 717 378 791 μαι
416 691 526 768 ἐπ’
564 685 892 791 ὠφελείῃ
950 689 1417 793 καμνόντων
1468 689 1674 769 κατά
1735 690 2077 794 δύναμιν
2112 701 2249 772 καὶ
2286 699 2553 803 κρίσιν
2588 698 2785 801 ἐμήν
2805 729 2822 747 ·
2879 709 3003 782 ἐπὶ

269 815 526 910 δηλήσει
566 815 646 896 δὲ
683 825 822 896 καὶ
859 815 1131 918 ἀδικίῃ
1169 820 1448 923 εἴρξειν
1469 848 1484 867 ·
1527 817 1622 897 ού
1664 816 1881 896 δώσω
1918 817 1999 897 δὲ
2039 818 2221 900 οὐδὲ
2260 829 2695 928 φάρμακον
2730 824 3001 907 οὐδενί

268 945 578 1034 αἰτηθεὶς
673 943 1118 1046 θανάσιμον
1157 1003 1179 1036 ,
1275 943 1456 1024 οὐδὲ
1526 938 2032 1050 ύφηγήσομαι
2104 953 2585 1050 ξυμβουλίην
2653 953 2959 1047 τοιήνδε
2982 983 3003 1002 ·

263 1062 518 1167 ὅμοίως
573 1068 654 1147 δὲ
711 1067 894 1148 οὐδὲ
951 1077 1276 1178 γυναικὶ
1333 1069 1617 1149 πεσσόν
1672 1070 2022 1173 φθόριον
2076 1071 2295 1153 δώσω
2316 1105 2333 1121 ·
2410 1069 2670 1184 ἀγνῶς
2726 1077 2805 1156 δὲ
2861 1087 3003 1157 καὶ

264 1187 460 1284 ἆσίως
495 1193 914 1296 διατηρήσω
946 1200 1138 1297 βίον
1171 1193 1315 1275 τόν
1359 1194 1556 1297 ἐμὸν
1613 1202 1752 1273 καὶ
1807 1203 2087 1295 τέχνην
2136 1195 2283 1292 τήν
2338 1201 2531 1302 ε’μήν
2557 1231 2575 1248 ·
2631 1199 2729 1281 ού
2769 1209 3005 1304 τεμέω

262 1318 326 1397 δὲ
359 1317 540 1397 οὐδέ
562 1318 730 1422 μήν
763 1322 1226 1414 λιθιῶντας,
1284 1320 1692 1423 ἐκχωρήσω
1750 1319 1828 1400 δὲ
1888 1329 2299 1430 ἐργάτῃσιν
2336 1324 2656 1428 ἀνδράσι
2695 1328 3005 1431 πρήξιος

259 1443 444 1536 τῆςδε
465 1474 482 1490 ·
541 1451 650 1536 εἰς
705 1451 964 1538 οἰκίας
1020 1445 1097 1526 δὲ
1158 1442 1446 1540 ὁκόσας
1501 1443 1610 1526 ἄν
1662 1451 1840 1526 ἐσίω
1863 1506 1886 1540 ,
1954 1447 2441 1553 ἐσελεύσομαι
2497 1461 2615 1532 ἐπ’
2670 1451 3003 1556 ὠφελείῃ

258 1569 740 1672 καμνόντων,
797 1571 1020 1662 ἐκτὸς
1075 1571 1226 1652 ἔων
1280 1572 1524 1666 ποῖσης
1579 1571 1885 1666 ἀδικίης
1933 1579 2288 1670 ἑκουσίης
2324 1583 2463 1656 καὶ
2502 1583 2841 1680 φθορίης
2876 1579 3035 1685 τῆς

257 1727 322 1774 τε
351 1691 576 1791 ἄλλης
612 1705 751 1776 καὶ
789 1695 1268 1799 ἀφροδισίων
1307 1701 1554 1804 ἔργων
1570 1757 1594 1790 ,
1655 1701 1780 1776 ἐπί
1825 1729 1907 1776 τε
1943 1705 2420 1804 γυναικείων
2454 1704 2827 1805 σωμάτων
2862 1711 3003 1783 καὶ

258 1819 672 1926 ἀνθρώπων
725 1830 1151 1924 ἐλευθέρων
1195 1855 1278 1901 τε
1311 1829 1452 1902 καὶ
1492 1822 1836 1902 δούλων·
1895 1818 1953 1898 δι’
1988 1822 2061 1901 δ’
2100 1821 2205 1909 ὃν
2238 1834 2327 1906 ἐν
2366 1834 2736 1930 θεραπείῃ
2776 1827 2825 1926 ἢ
2861 1829 3003 1908 ἴδω
3120 1921 3125 1928 .

257 1943 630 2038 ἢάκούσω
650 2006 673 2041 ,
733 1945 783 2043 ἢ
834 1955 974 2026 καὶ
1032 1943 1228 2027 ἄνευ
1287 1949 1687 2050 θεραπείης
1741 1945 1947 2024 κατὰ
2004 1953 2193 2050 βίον
2250 1949 2734 2055 ἀνθρώπων,
2792 1950 2845 2029 ἃ
2878 1953 3000 2056 μή

98 2099 100 2180 ξ
249 2073 376 2174 χρή
427 2105 614 2152 ποτε
668 2081 1180 2154 ἐκκαλέεσθαι
1233 2077 1375 2168 ἔξω
1395 2132 1419 2167 ,
1479 2072 1881 2180 σιγήσομαι
1902 2130 1926 2165 ,
1985 2067 2272 2176 ἄρρητα
2330 2072 2745 2183 ἡγεύμενος
2800 2077 3001 2158 εἷνάι

98 2193 100 2228 ⁵
253 2197 329 2274 τοὶ
365 2201 708 2278 τοιαῦτα.
767 2198 1078 2301 ’Όρκον
1105 2203 1259 2299 μὲν
1295 2191 1447 2276 οὖν
1474 2230 1618 2300 μοι
1653 2195 1881 2278 τόνδε
1934 2206 2269 2278 ἐπιτελέα
2324 2209 2661 2282 ποιέοντι
2722 2211 2860 2282 καὶ
2886 2203 2994 2306 μή

251 2333 628 2430 ξιητχέοντι
666 2327 782 2421 εἴη
820 2323 1308 2426 ἐπαύρασθαι
1346 2327 1488 2401 καὶ
1523 2312 1712 2424 Ιβίου
1750 2353 1889 2401 και
1945 2329 2209 2422 τέχνης
2229 2385 2252 2418 ,
2312 2326 2807 2433 δοξαζομένῳ
2845 2362 3000 2409 πα·-

250 2446 326 2550 ρά
381 2451 564 2529 πᾶσι
621 2449 1071 2553 ἀνθρώποις
1125 2453 1234 2539 εἰς
1288 2447 1436 2528 τὸν
1491 2446 1612 2527 ἀεὶ
1658 2449 2013 2550 χρόνον,
2090 2458 2656 2556 παραβαίνοντι
2723 2454 2802 2536 δὲ
2859 2461 2999 2552 καὶ

249 2579 723 2677 ἐπιορκοῦντι
759 2577 1139 2657 τάναντία
1177 2583 1528 2658 τουτέων.
1649 2579 2134 2685 (Hippocrat.
2172 2583 2229 2661 J
2230 2583 2783 2686 usjurandum).

1518 2723 1696 2800 380.

431 2851 1039 2933 Medicorum
1081 2847 1805 2956 jusjurandum.
1858 2848 2008 2926 Per
2044 2845 2473 2952 Apollinem
2510 2851 2883 2933 medicum
2920 2865 2995 2935 et

92 2982 94 3047 i
245 2976 751 3082 Aesculapium
808 2976 1367 3078 Sanitatemque
1425 2985 1502 3051 et
1554 2975 1979 3051 Panaceam
2018 2971 2509 3077 jurejurando
2564 2979 2857 3057 affirmo
2921 2991 2999 3060 et

246 3102 398 3180 deos
455 3102 787 3205 deasque
843 3128 1104 3180 omnes
1159 3112 1431 3194 testor,
1489 3122 1610 3175 me
1629 3156 1650 3193 ‚
1709 3108 2069 3199 quantum
2116 3100 2399 3177 viribus
2436 3114 2513 3179 et
2537 3101 2823 3205 judicio
2862 3131 2992 3183 va·

245 3228 430 3305 luero
451 3286 470 3323 ‚
513 3226 716 3331 quod
749 3252 954 3305 nunc
978 3227 1152 3328 juro
1191 3233 1268 3303 et
1305 3250 1398 3302 ex
1435 3224 1716 3325 scripto
1752 3221 2096 3324 spondeo
2132 3222 2359 3325 plane
2396 3226 2995 3307 observaturum:

243 3364 790 3455 praeceptorem
824 3351 1122 3454 quidem
1141 3409 1162 3446 ‚
1201 3350 1328 3451 qui
1364 3374 1486 3426 me
1525 3349 1720 3425 hanc
1755 3359 1993 3423 artem
2026 3346 2350 3443 edocuit,
2389 3365 2791 3451 parentum
2823 3355 2995 3433 loco

92 3482 94 3589 ]
242 3476 650 3557 habiturum
704 3477 918 3580 eique
973 3502 1144 3554 cum
1199 3476 1297 3553 ad
1351 3477 1632 3553 victum
1688 3486 1852 3549 tum
1905 3473 2130 3551 etiam
2164 3474 2261 3551 ad
2296 3500 2515 3553 usum
2568 3480 2995 3557 necessaria

243 3613 434 3701 grato
469 3604 724 3681 animo
759 3602 1474 3679 communicaturum
1521 3608 1598 3677 et
1645 3598 2299 3702 suppeditaturum
2316 3658 2337 3695 ‚
2394 3602 2703 3704 ejusque
2738 3616 2991 3706 ponte.

92 3724 94 3771 ³
243 3754 346 3805 ros
395 3728 602 3831 apud
657 3755 778 3807 me
835 3727 1096 3805 eodem
1147 3726 1316 3805 loco
1377 3752 1526 3828 quo
1580 3750 1981 3827 germanos
2036 3724 2305 3803 fratres
2350 3725 2509 3804 fore
2533 3784 2552 3823 ‚
2612 3754 2889 3829 eosque
2926 3730 2989 3807 si

243 3850 414 3931 hanc
447 3864 692 3933 artem
726 3853 1108 3932 addiscere
1143 3854 1405 3931 volent
1419 3910 1438 3948 ,
1494 3851 1783 3954 absque
1835 3851 2183 3931 mercede
2230 3860 2307 3930 et
2342 3852 2783 3956 syngrapha
2816 3854 2989 3932 edo·

243 3988 510 4059 cturum
529 4036 550 4075 ‚
605 3980 1224 4083 praeceptionum
1261 4002 1554 4081 quoque
1592 3988 1669 4057 et
1706 3976 2177 4056 auditionum
2226 3978 2603 4081 totiusque
2656 3980 2989 4081 reliquae

243 4102 658 4208 disciplinae
710 4131 884 4184 cum
935 4131 1142 4184 meos
1199 4116 1276 4183 et
1331 4107 1491 4207 ejus
1544 4106 1670 4205 qui
1703 4112 1826 4183 me
1863 4102 2169 4183 edocuit
2204 4102 2517 4198 liberos,
2570 4114 2733 4181 tum
2768 4102 3021 4183 disci·-

241 4228 432 4329 pulos
471 4232 602 4333 qui
637 4230 928 4309 medico
951 4230 1446 4333 jurejurando
1481 4256 1760 4308 nomen
1819 4230 2195 4332 fidemque
2251 4227 2589 4307 dederint
2606 4284 2629 4322 ‚
2690 4230 2987 4333 partici-

242 4380 356 4454 pes
393 4356 770 4435 facturum
789 4412 812 4451 ,
867 4355 1184 4434 aliorum
1227 4366 1616 4459 praeterea
1649 4356 2049 4432 neminem.
2125 4354 2389 4431 Victus
2424 4378 2723 4455 quoque
2760 4355 2983 4433 ratio·
3014 4402 3023 4435 -.

239 4504 390 4557 nem
407 4540 426 4577 ‚
477 4494 839 4583 quantum
873 4482 1226 4559 facultate
1264 4492 1342 4559 et
1365 4480 1646 4583 judicio
1686 4482 2044 4581 consequi
2081 4492 2345 4582 potero
2366 4536 2384 4573 ‚
2441 4480 2689 4578 aegris
2726 4481 2983 4558 utilem

240 4630 338 4683 me
371 4608 1006 4711 praescripturum
1023 4662 1044 4701 ‚
1103 4630 1379 4707 eosque
1435 4604 1534 4682 ab
1591 4605 1794 4683 omni
1851 4630 2054 4683 noxa
2108 4615 2187 4680 et
2238 4604 2513 4706 injuria
2568 4604 2979 4683 vindicatu-

236 4756 396 4809 rum.
469 4734 740 4833 Neque
775 4733 1211 4835 cujusquam
1264 4731 1616 4834 precibus
1674 4729 2041 4808 adductus
2096 4729 2318 4807 alicui
2354 4730 2983 4807 medicamentum

239 4852 490 4934 lethale
523 4858 988 4960 propinabo,
1043 4882 1284 4959 neque
1337 4854 1562 4957 hujus
1618 4856 1726 4932 rei
1782 4866 2041 4934 auctor
2076 4880 2225 4934 ero.
2299 4856 2565 4957 Neque
2604 4854 2831 4934 simili
2862 4881 2977 4933 ra·

235 4980 412 5059 tione
449 4984 748 5060 mulieri
799 5008 1103 5086 pessum
1149 4980 1616 5059 subdititium
1652 4979 1750 5060 ad
1784 4982 2073 5060 foetum
2106 4980 2737 5083 corrumpendum
2773 4978 2977 5058 exhi-

237 5096 410 5183 bebo
428 5166 450 5203 ,
499 5108 634 5186 sed
681 5118 966 5185 castam
1001 5118 1080 5184 et
1113 5107 1208 5184 ab
1245 5104 1452 5185 omni
1487 5107 1768 5184 scelere
1809 5130 2077 5209 puram
2110 5116 2271 5183 tum
2306 5104 2543 5181 vitam
2578 5116 2739 5181 tum
2772 5098 2973 5183 aeta-

239 5238 366 5306 tem
419 5256 669 5311 meam
721 5242 1088 5335 perpetuo
1143 5228 1568 5333 praestabo.
1641 5230 1907 5332 Neque
1962 5254 2147 5308 vero
2199 5228 2489 5306 calculo
2545 5230 2975 5309 laborantes
