3725 5850
2922 466 3054 535 VH

490 665 852 754 Aooedit
893 668 1122 779 quod
1165 666 1530 751 Petito
1593 668 1891 780 ignota
1932 667 2245 756 fuerint
2291 670 2553 757 multa
2582 670 3047 759 Anecdota

295 806 609 895 Graeca
628 874 655 913 ,
697 818 988 897 nostra
1031 813 1376 897 demum
1421 819 1696 897 aetate
1741 812 1971 897 edita
1991 877 2013 916 ,
2072 842 2425 925 quorum
2452 816 3047 927 principatum

287 952 520 1039 facile
561 951 1166 1067 Inscriptiones
1230 950 1608 1040 Graecae
1677 954 2090 1042 obtinent.
2188 956 2319 1043 Ita
2378 958 2699 1047 factum
2742 968 2913 1061 est,
2956 968 3048 1043 ut

287 1096 702 1182 Potitus
757 1096 1068 1183 multas
1119 1097 1764 1183 Atheniensium
1805 1099 2043 1211 leges
2086 1128 2263 1187 non
2326 1102 2761 1215 colligeret
2780 1168 2799 1204 ,
2868 1100 3047 1188 col·-

286 1240 542 1325 lectae
587 1268 790 1327 vero
837 1268 1256 1327 summam
1305 1244 1957 1355 quingentarum
2000 1272 2172 1329 non
2220 1248 2749 1331 excederent.

489 1398 801 1487 Omnia
844 1402 1060 1487 haec
1103 1432 1242 1487 me
1285 1404 1585 1489 decem
1627 1404 1800 1489 fere
1844 1404 2155 1491 abhinc
2199 1409 2445 1491 annis
2488 1404 3041 1509 adduxerunt,

282 1552 368 1627 ut
430 1572 728 1629 omnes
798 1555 1206 1657 quantum
1265 1546 1448 1631 fieri
1509 1556 1806 1659 posset
1844 1548 2486 1637 Atheniensium
2530 1552 2767 1662 leges
2810 1550 3043 1635 colli-

282 1714 612 1801 gerem3
677 1690 1202 1801 contigitque
1265 1690 1472 1773 mihi
1531 1690 1617 1773 in
1681 1696 1919 1773 tanta
1972 1691 2539 1777 subsidiorum
2583 1695 2845 1779 seculi
2884 1722 3045 1781 no·
3094 1728 3101 1733 ·

279 1830 422 1915 stri
469 1832 718 1940 copia
737 1896 758 1935 ,
805 1840 898 1915 ut
939 1830 1160 1915 ultra
1185 1832 1432 1917 ¹mille
1476 1834 1989 1945 quingentas
2033 1836 2512 1944 reperirem.

487 1990 765 2103 Leges
809 1999 1094 2076 autem
1137 1993 1292 2077 has
1336 1994 1423 2077 in
1488 1994 1699 2079 duos
1765 1994 2012 2079 divisi
2083 1993 2343 2080 libros
2364 2062 2383 2099 ,
2446 2012 2700 2109 prout
2741 2008 2889 2083 aut
2930 1998 3044 2083 ad

267 2134 400 2243 jus
444 2134 882 2245 publicum
925 2144 1074 2219 aut
1137 2136 1248 2220 ad
1307 2138 1731 2248 privatum
1795 2144 2207 2249 spectant.
2300 2137 2521 2225 Satis
2566 2144 2788 2226 enim
2837 2171 3041 2227 con-

276 2284 439 2359 stat
485 2306 532 2361 e
577 2276 1060 2362 clarissimis
1103 2276 1704 2365 Demosthenis
1749 2282 2063 2386 verbis,
2110 2312 2323 2400 quae
2366 2286 2450 2367 in
2496 2312 2686 2371 meo
2730 2286 3044 2370 Prooe-

277 2420 446 2504 mio
493 2418 732 2533 (pag.
788 2421 861 2503 1.
909 2418 978 2533 ξ.
1025 2417 1145 2530 2.)
1187 2421 1380 2535 legi·
1403 2432 1802 2535 possunt,
1870 2453 2118 2508 omne
2142 2428 2288 2541 jus
2330 2426 2707 2511 Atticum
2750 2428 2838 2511 in
2882 2456 3043 2540 pu-

276 2562 595 2647 blicum
639 2572 726 2647 et
766 2566 1196 2676 privatum
1240 2564 1496 2649 fuisse
1542 2566 1930 2651 divisum.

486 2724 1024 2813 Editionibus
1067 2754 1268 2811 usus
1314 2754 1526 2831 sum,
1573 2754 1785 2840 quas
1828 2736 2063 2813 aetas
2097 2739 2389 2815 nostra
2418 2732 2629 2836 tulit,
2676 2733 3040 2845 optimis.

483 2884 941 2976 Exstantes
1017 2891 1448 2976 versiones
1535 2888 1845 2980 latinas
1931 2919 2284 3003 operum
2353 2888 2875 2982 Graecorum
2956 2895 3045 2978 in

269 3059 554 3117 meam
597 3061 779 3118 rem
825 3035 1197 3118 converti
1217 3098 1239 3137 ,
1286 3035 1489 3148 quin
1531 3035 1692 3120 illis
1741 3047 2050 3120 temere
2096 3065 2489 3124 assensus
2532 3037 2903 3122 fuissem.

483 3191 1092 3306 Inscriptiones
1137 3204 1420 3280 autem
1470 3192 1884 3300 Graecas,
1950 3195 2315 3302 scholia,
2360 3200 2787 3284 rhetorum
2832 3228 3037 3311 ope-

266 3365 398 3442 ra,
447 3367 812 3450 quorum
855 3337 1130 3426 nullas
1174 3339 1444 3452 reperi
1489 3340 1964 3446 versiones,
2010 3342 2193 3457 ipse
2238 3342 2545 3427 redditi
2590 3342 2869 3427 latine.

479 3497 797 3584 Fontes
842 3501 1244 3614 denique,
1291 3529 1338 3586 e
1381 3499 1686 3616 quibus
1727 3504 1963 3616 leges
2008 3513 2092 3588 et
2130 3505 2784 3590 commentarios
2827 3504 3057 3590 hau-.

263 3667 545 3725 seram
567 3705 592 3744 ,
635 3655 832 3726 sunt
873 3655 1359 3756 sequentes:
1424 3647 1792 3731 Achilles
1836 3645 2132 3731 Tatius
2156 3711 2175 3748 ,
2228 3645 2625 3732 Aelianus
2646 3711 2667 3751 ,
2712 3650 3043 3754 Aeneas

265 3777 665 3868 Gazaeus
685 3849 708 3888 ,
752 3787 1214 3873 Aeschines
1258 3799 1577 3892 orator,
1620 3788 2133 3899 Aeschylus,
2201 3787 2743 3894 AmmoniuS,
2802 3791 3035 3874 Ana-

259 3929 672 4034 ximenes,
714 3927 1228 4036 Andocides,
1273 3931 1716 4016 Anecdota
1761 3927 2093 4016 Graeca
2140 3931 2531 4038 Bekkeri,
2576 3934 3035 4048 Anonymi,

259 4071 752 4184 Antiphon,
815 4072 1393 4186 Aphthonius,
1455 4071 2065 4185 Apollodorus,
2122 4074 2656 4188 Apostolius,
2700 4075 3034 4187 Archy-

259 4223 388 4299 tas
411 4279 434 4318 ,
504 4215 960 4321 Aristides,
1023 4216 1638 4328 Aristophanes
1703 4215 2122 4319 comicus,
2186 4217 2796 4331 Aristophanes
2856 4219 3032 4331 By-

261 4359 627 4460 zantiu8,
667 4359 1189 4464 Aristoteles,
1233 4360 1841 4462 Artemidorus,
1888 4359 2409 4463 Athenaeus,
2454 4357 2754 4448 Cicero
2775 4427 2796 4466 ,
2834 4356 3031 4446 Ole-

256 4527 504 4586 mens
565 4501 1229 4606 Alexandrinus,
1295 4500 1760 4607 Cornutus,
1827 4499 2148 4615 Cyrus,
2215 4500 2790 4606 Democritus,
2854 4504 3030 4588 De·

255 4643 756 4731 mosthenes
777 4709 802 4748 ,
856 4645 1431 4732 Dicaearchus
1451 4711 1471 4748 ,
1525 4645 2007 4732 Dinarchus
2028 4711 2050 4750 ,
2122 4645 2287 4732 Dio
2334 4644 2987 4758 Orhysostomus
3008 4710 3029 4751 ,

257 4783 694 4872 Diodorus
739 4784 1070 4874 Siculus
1091 4854 1111 4893 ,
1164 4788 1599 4904 Diogenes
1643 4791 2027 4877 Laertius
2052 4852 2075 4896 ,
2148 4791 2730 4904 Diogenianus
2754 4855 2773 4891 ,
2820 4789 3030 4875 Dio-

249 4930 556 5039 nysius
619 4929 1432 5036 HalicarnassensiS,
1513 4933 2014 5036 'Dositheus,
2099 4933 2591 5045 Doxopater
2613 4992 2638 5036 ,
2702 4933 3030 5044 Ecloga

249 5070 550 5184 legum
596 5074 683 5157 in
726 5071 1123 5184 Epitome
1185 5076 1758 5187 expositarum
1822 5077 1989 5188 (ed.
2048 5076 2514 5160 Zachariae
2558 5107 2611 5162 a
2654 5077 3027 5189 Lingeu-

253 5213 506 5319 thal),
549 5213 924 5329 Eclogae
967 5217 1514 5302 Basilicorum
1537 5283 1560 5322 ,
1607 5217 2074 5330 Epictetus,
2122 5217 2808 5331 Etymologicum
2843 5215 3025 5301 Ma·-
