3725 5850
1419 408 1520 464 ns
1554 406 1835 461 sncnts,
2859 386 3012 467 103

1539 598 1716 675 421.

461 743 897 821 Sacerdotes
933 770 1171 821 mares
1209 745 1721 845 faeminaeque
1759 745 2171 821 rationibus
2193 744 2591 823 reddendis
2615 744 3010 847 subjician-

262 886 406 966 tur,
444 882 521 947 et
548 870 969 968 generatim
1013 896 1269 947 omnes
1307 882 1383 947 et
1419 871 1926 970 unusquisque
1965 870 2440 969 singillatim,
2491 872 2615 972 qui
2652 871 3014 947 duntaxat

263 996 721 1073 honorarium
756 994 1053 1096 aliquod
1090 996 1470 1097 accipiunt
1506 1006 1581 1071 et
1616 1006 1794 1071 vota
1829 1022 1966 1096 pro
2008 996 2311 1077 civitate
2349 995 2488 1073 diis
2533 996 2854 1073 faciunt:
2901 993 3010 1070 id-

264 1147 393 1223 que
430 1148 581 1197 non
629 1121 984 1222 privatim
1037 1131 1369 1216 tantum,
1428 1121 1559 1196 sed
1617 1121 2113 1198 communiter
2171 1123 2396 1197 etiam
2453 1131 2652 1199 totae
2708 1132 3010 1219 gentes,

268 1244 737 1349 Eumolpidae
760 1304 779 1342 ,
819 1244 1141 1345 Ceryces
1180 1255 1255 1321 et
1288 1246 1555 1346 reliqui
1595 1270 1870 1321 omnes.

1543 1422 1721 1496 422.

473 1560 582 1639 Τά
623 1570 1056 1663 προσακτέα
1098 1562 1396 1663 θύσιμα
1434 1567 1667 1665 ἱερεῖα
1705 1555 1972 1663 ἄρτια,
2013 1554 2299 1665 ἄτομα,
2342 1556 2762 1665 ὁλόκληρα,
2801 1556 3009 1669 ὖγιῆ,

270 1685 521 1789 ἅπηρα,
559 1689 936 1792 παμμελῆ,
977 1686 1356 1792 ἇρτιμελῆ,
1391 1687 1499 1790 μή
1544 1688 1849 1791 κολοβὰ
1871 1748 1892 1781 ,
1923 1688 2114 1790 μηδὲ
2154 1694 2444 1791 ἔμπηρα
2464 1748 2489 1783 ,
2520 1688 2708 1790 μηδὲ
2751 1686 3008 1794 ἠκρω-

271 1822 741 1919 τηριασμένα,
773 1814 961 1917 μηδὲ
1004 1813 1449 1915 διάστροφα.
1538 1926 1691 2003 422
1943 1933 1950 1941 ι
2178 1820 2489 1914 (Pollux
2526 1822 2584 1917 I,
2626 1821 2792 1913 29.)

459 2070 963 2151 Adducendae
1020 2073 1364 2147 victimae
1420 2096 1675 2147 sacrae
1742 2071 1894 2147 sint
1946 2071 2327 2169 integrae,
2403 2099 2558 2150 non
2616 2082 2960 2150 exsectae
2988 2133 3006 2169 ,

271 2198 613 2299 perfectae
636 2256 655 2295 ,
715 2224 943 2275 sanae
964 2256 983 2293 ,
1040 2199 1403 2273 innocuae
1426 2256 1444 2293 ,
1520 2198 1773 2273 omnia
1830 2206 1906 2273 et
1957 2207 2165 2273 recta
2216 2199 2556 2275 membra
2607 2198 3008 2291 habentes,

272 2348 407 2399 non
438 2324 737 2401 mutilae
760 2382 779 2421 ,
838 2346 979 2399 nec
1014 2321 1539 2424 imperfectae,
1594 2347 1837 2421 neque
1877 2332 2307 2418 truncatae,
2345 2348 2590 2424 neque
2629 2323 3006 2417 distortae.

1530 2500 1707 2576 423.

458 2639 625 2745 Χρὴ
668 2642 898 2724 θύειν
932 2640 1068 2731 τοὶς
1111 2648 1387 2731 θυσίας
1422 2639 1557 2730 τὰς
1593 2649 1685 2719 ἐκ
1722 2641 1881 2723 τῶν
1933 2642 2295 2745 κύρβεων
2351 2650 2487 2721 καὶ
2524 2643 2680 2720 τῶν
2717 2642 3011 2737 στηλῶν

275 2766 453 2848 κατὰ
488 2765 621 2857 τὰς
658 2768 1125 2875 συγγραφάς.
1486 2771 1796 2871 (Lysias
1835 2771 2006 2849 adv.
2048 2772 2474 2852 Nicomaoh.
2515 2769 2582 2873 ξ’.
2627 2774 2794 2867 17.)

1538 2953 1715 3030 423.

463 3097 689 3175 Sacra
727 3121 767 3172 e
805 3097 1155 3200 cyrbibus
1196 3109 1271 3173 et
1326 3099 1531 3176 stelis
1589 3097 1935 3192 definita,
1983 3097 2204 3197 juxta
2257 3099 2721 3200 praescripta
2773 3098 3006 3176 literis

278 3225 723 3323 consignata,
760 3221 1103 3302 facienda
1135 3234 1327 3300 sunt.

1539 3348 1715 3424 424.

463 3488 849 3590 Δημοτελῆ
898 3492 1037 3563 καὶ
1096 3462 1475 3588 δημοτικοὶ.
1533 3492 1765 3588 ἱερεῖα
1822 3486 2179 3588 διαφέρει.
2273 3485 2385 3564 Τὰ
2432 3491 2585 3587 μὲν
2641 3486 3002 3589 δημοτελῆ

284 3614 564 3715 θύματα
602 3607 645 3707 ἦ
690 3614 904 3702 πόλις
942 3611 1293 3692 δίδωσιν·
1351 3613 1447 3691 τὰ
1488 3613 1565 3691 δὲ
1608 3610 1981 3714 δημοτικοὶ
2023 3617 2096 3690 οἱ
2135 3611 2474 3713 δημόται.

1514 3745 1857 3836 (Bekker
1895 3742 2173 3823 Anecd.
2213 3769 2323 3844 gr.
2361 3745 2418 3823 Ι.
2457 3771 2529 3846 p.
2570 3743 2787 3837 240.)

1532 3923 1708 3997 424.

460 4067 691 4146 Sacra
746 4064 1047 4167 publiea
1104 4074 1180 4141 et
1232 4065 1606 4165 paganica
1660 4065 1855 4142 inter
1891 4090 1970 4141 se
2008 4063 2378 4142 differunt.
2456 4062 2772 4142 Publica
2807 4067 3002 4142 enim

276 4194 607 4272 sacrificia
644 4190 903 4269 civitas
938 4188 1105 4286 dat,
1160 4190 1533 4291 paganica
1575 4215 1753 4267 vero
1790 4190 1990 4290 pagi.
