3725 5850
627 504 782 577 534
1548 523 2168 577 COMMENTARIUS
2211 522 2314 571 Au
2355 522 2480 573 904.

627 717 833 791 1000
854 718 1253 810 (200><5)
1276 717 1684 793 drachmas.
1716 714 1794 790 Si
1822 716 1982 814 jam
2017 714 2096 787 in
2136 715 2470 813 qualibet
2509 716 2745 790 classe
2785 706 3398 815 quinquagesima

623 844 1064 919 facultatum
1101 868 1276 944 pars
1313 842 1572 917 fuisset
1610 837 2105 929 conferenda,
2166 838 2450 911 minimi
2489 850 2894 939 proventus
2933 839 3398 941 pentacosio-

2141 958 2386 1019 500><12

625 1002 1042 1079 medimnus
1080 1004 1425 1078 solvisset
1471 1001 1621 1074 120
1659 998 2045 1075 drachmas
2088 976 2127 1121 (
2317 1042 2385 1051 -
2469 1053 2492 1091 ‚
2533 1026 2759 1099 eques
2797 1012 3041 1075 autem
3065 1024 3231 1073 cum
3251 1023 3400 1073 ma-

2143 1042 2308 1117 *56

626 1163 827 1241 ximo
869 1163 1021 1235 499
1063 1161 1577 1237 drachmartun
1616 1171 1991 1263 proventu
2029 1160 2326 1235 nonnisi
2388 1162 2541 1247 997⁵
2603 1159 2993 1236 drachmas
3052 1157 3400 1234 contulis-

627 1335 771 1421 set,
864 1283 1115 1443 &agg—w
1186 1379 1205 1413 ‚
1261 1320 1335 1396 id
1398 1334 1511 1396 est
1568 1346 1719 1396 una
1772 1334 1847 1397 et
1899 1321 2164 1419 viginti
2211 1320 2586 1397 drachmis
2623 1321 2864 1399 miuus
2903 1347 3127 1422 quam
3167 1320 3403 1395 dictus

628 1482 1512 1585 pentacosiomedininu8‚
1570 1481 1909 1581 quamvis
1968 1482 2087 1556 hic
2136 1508 2288 1557 una
2326 1493 2616 1557 tantum
2655 1482 3006 1559 drachma
3043 1486 3408 1584 majorem

628 1611 1014 1687 habuisset
1050 1608 1392 1685 reditum.
1470 1608 1703 1681 Porro
1762 1632 1988 1705 eques
2045 1606 2313 1705 aliquis
2362 1609 2646 1683 minimi
2685 1621 3100 1709 proventus
3139 1608 3403 1685 solvis-

630 1782 744 1848 set
786 1772 888 1845 60
927 1770 1317 1847 drachmas
1358 1728 1657 1893 (3⁰⁰Xw

1500 1837 1569 1887 50

632 1972 772 2047 nisi
814 1972 915 2045 29
956 1970 1343 2047 drachmas
1384 1938 1429 2091 (

1436 1927 1646 1988 299><5

1508 2035 1577 2085 50

632 2160 855 2235 quam
894 2156 1161 2231 eques,
1226 2129 1566 2229 quamvis
1623 2128 1841 2227 hujus
1901 2140 2309 2226 proventus
2365 2154 2514 2203 una
2559 2140 2850 2205 tantum
2891 2128 3244 2203 drachma
3283 2150 3406 2199 su-

632 2258 1045 2359 peravisset
1080 2254 1401 2331 reditum
1428 2252 1823 2353 jugatoris.

1660 1747 1747 1885 ),
1786 1767 2081 1866 jugator
2121 1777 2368 1842 autem
2410 1768 2709 1845 maximi
2748 1780 3180 1870 proventus,
3219 1794 3408 1843 non-

1652 1945 1751 2086 );
1805 1967 2037 2062 igitur
2092 1992 2242 2043 una
2297 1979 2368 2041 et
2415 1968 2724 2064 triginta
2759 1966 3128 2043 drachmis
3165 1965 3412 2039 minus

848 2400 963 2473 Ex
999 2398 1113 2473 his
1151 2396 1329 2470 satis
1382 2405 1627 2494 patet,
1687 2419 2154 2493 nequaquam
2213 2395 2370 2469 fieri
2429 2397 2796 2495 potuisse,
2858 2407 2942 2470 ut
2975 2396 3106 2470 illa
3141 2418 3416 2468 census

635 2552 843 2626 parS,
903 2523 995 2598 de
1052 2546 1199 2621 qua
1254 2520 1607 2595 tributum
1668 2529 1825 2592 erat
1881 2517 2436 2607 conferendum,
2477 2520 2878 2596 secundum
2915 2518 3276 2595 Boeckhii
3345 2529 3418 2592 et

638 2650 899 2727 Grotei
938 2645 1355 2722 doctrinam
1391 2653 1964 2743 computaretur.

854 2792 948 2867 Et
984 2816 1201 2883 sane,
1254 2788 1432 2890 quid
1470 2817 1658 2890 opus
1696 2790 1956 2865 fuisset
1995 2792 2133 2865 hac
2173 2792 2722 2891 computatione
2745 2792 2786 2863 ?
2859 2792 3172 2868 Constat
3210 2790 3416 2865 enim

636 2950 677 2998 e
716 2919 1307 3022 possessionibus
1346 2916 1855 2994 duodecimam
1900 2918 2116 3018 pretii
2177 2931 2459 3017 partem
2500 2932 2682 3018 quot
2720 2921 2936 2995 annis
2975 2920 3258 2994 fructus
3303 2916 3416 2992 in-

638 3057 793 3122 star
829 3045 1155 3120 rediisse.
1215 3041 1676 3138 (Boeckh.
1721 3041 2043 3118 Staatsh.
2082 3045 2140 3138 I,
2183 3043 2306 3118 24.
2349 3070 2421 3143 p.
2468 3042 2705 3140 199);
2780 3071 2918 3120 nec
2973 3044 3266 3144 uspiam
3312 3042 3418 3118 le-

637 3173 882 3270 gimus
937 3195 1267 3246 annuum
1325 3170 1659 3269 equitum
1713 3179 1841 3242 aut
1885 3169 2321 3267 jugatorum
2382 3168 2704 3244 fructum
2763 3171 3128 3245 minorem
3187 3168 3420 3243 fuisse

640 3293 1080 3373 duodecima
1134 3295 1685 3396 possessionum
1739 3293 1955 3393 pretii
1995 3305 2250 3391 parte3
2307 3294 2486 3392 quin
2527 3296 2748 3368 etiam
2787 3292 3151 3386 arbitror,
3211 3293 3420 3392 equi-

640 3421 837 3496 tibus
876 3432 949 3495 et
971 3419 1449 3520 jugatoribus
1488 3419 1845 3518 majorem
1905 3417 2256 3514 obtigisse
2312 3418 2676 3515 fructum3
2733 3421 2906 3518 quia
2941 3418 3420 3520 pentacosio-

642 3544 1033 3638 medimni,
1091 3553 1170 3618 ut
1204 3543 1763 3620 latifundiorum
1802 3567 2306 3641 possessores,
2365 3543 2668 3616 elocatis
2703 3544 2857 3618 suis
2898 3543 3222 3643 praediis
3259 3567 3424 3616 non

644 3669 1086 3745 obtinebant
1141 3667 1310 3768 plus
1362 3667 1583 3742 solito
1645 3665 1964 3759 locario,
2025 3665 2224 3766 quod
2283 3664 2800 3741 duodecimam
2855 3666 3424 3768 possessionum

646 3795 865 3898 pretii
902 3804 1190 3893 partem
1230 3818 1383 3866 non
1422 3790 1843 3890 superabat.
1926 3791 2233 3890 Equites
2293 3803 2366 3866 et
2413 3794 2795 3892 jugatores
2852 3804 3102 3868 autem
3157 3791 3423 3868 verisi-

644 3921 818 3995 mile
878 3933 989 3994 est
1040 3919 1246 4018 ipsos
1304 3918 1455 3992 ruri
1513 3942 1699 4014 opus
1757 3916 2059 4010 fecisse,
2135 3928 2218 3992 ut
2275 3917 2603 4012 luorum,
2663 3917 2861 4017 quod
2921 3918 3426 3994 conductores

646 4048 977 4147 ipsorum
1016 4041 1488 4134 habuissent,
1546 4041 1684 4116 sibi
1724 4043 1908 4142 ipsis
1945 4044 2372 4118 retinerent.

863 4184 1242 4262 Gravibus
1298 4184 1523 4282 igitur
1579 4185 1817 4260 causis
1877 4184 2181 4260 adducti
2219 4185 2630 4280 credimus,
2691 4187 2976 4287 equites
3015 4199 3091 4261 et
3119 4191 3426 4287 jugato-

651 4340 767 4389 res
804 4312 893 4388 de
933 4309 1132 4386 omni
1171 4335 1439 4405 censu,
1497 4337 1647 4385 non
1705 4323 1954 4385 autem
1993 4310 2084 4385 de
2123 4336 2388 4386 census
2427 4322 2641 4412 parte
2689 4312 2938 4410 aliqua
2993 4314 3427 4388 contulisse.

862 4456 1028 4531 Hoc
1064 4453 1532 4530 commendat
1574 4453 1907 4553 justitiae
1965 4463 2039 4528 et
2094 4455 2487 4552 aequitatis
2544 4455 2773 4548 ratio,
2833 4480 3238 4554 omnesque
3287 4481 3430 4532 ex-

652 4579 884 4656 cludit
938 4579 1450 4668 difficultates,
1511 4605 1694 4677 quas
1750 4579 1828 4654 in
1889 4579 2438 4680 computatione
2479 4579 2836 4655 Boeckhii
2892 4589 2964 4656 ct
3002 4580 3258 4658 Grotei
3317 4581 3430 4656 vi-

653 4705 912 4781 dimus.

866 4849 1171 4948 Equites
1231 4860 1303 4924 et
1345 4851 1734 4948 jugatores
1792 4850 2090 4926 minime
2151 4861 2450 4949 poterat
2507 4851 2888 4950 poenitere
2915 4909 2932 4944 ‚
2989 4852 3188 4950 quod
3227 4879 3427 4926 nun-

654 5001 875 5078 quam
916 4975 1149 5074 majus
1190 4973 1546 5048 tributum
1602 4976 2088 5070 contulerint,
2148 5001 2366 5074 quam
2426 4975 2626 5073 quod
2682 5003 2846 5052 cum
2901 4979 3168 5052 annuis
3222 4977 3425 5076 ipso-

654 5126 818 5174 rum
856 5097 1251 5185 reditibus,
1310 5098 1589 5175 scilicet
1642 5101 1845 5200 apud
1905 5101 2186 5198 equites
2243 5127 2288 5175 a
2328 5102 2482 5174 300
2521 5127 2754 5202 usque
2795 5101 2948 5173 499
2989 5101 3426 5196 drachmaS,

658 5239 731 5300 et
766 5223 965 5323 apud
992 5225 1379 5324 jugatores
1417 5251 1463 5298 a
1502 5224 1657 5298 200
1694 5251 1930 5322 usque
1970 5226 2123 5298 299
2165 5224 2554 5302 drachmas
2577 5283 2593 5316 ,
2651 5226 3142 5303 convenisset.
