3725 5850
1349 495 1448 546 ns·
1485 491 2009 550 com-omnus.
2906 463 3061 552 295

301 678 436 757 τῶν
489 679 1044 787 γεγαμηκότων
1097 688 1234 759 καὶ
1293 680 1496 758 κατὰ
1555 683 1714 760 τῶν
1769 683 2069 762 παίδων
2125 697 2284 775 τοῖς
2322 684 2639 791 γονεῦσι
2678 689 2815 764 καὶ
2851 681 3058 760 κατὰ

301 807 436 881 τῶν
469 805 898 907 ἐπιτρόπων
932 819 1092 895 τοῖς
1129 801 1320 910 ὑπὲρ
1349 805 1510 883 τῶν
1541 805 1917 907 ὀρφανῶν
1950 811 2330 902 ἐπεξιοῦσι
2372 809 2783 910 διδομένης.
2822 805 3055 901 ’Ἑξε-

302 958 396 1006 στι
437 929 518 1006 δὲ
557 938 696 1008 καὶ
735 939 965 1010 παντὶ
1005 935 1114 1034 τῷ
1153 939 1608 1036 βουλομένῳ
1647 934 2089 1040 γράφεσθαι
2140 934 2553 1023 κακώσεως
2590 943 2887 1040 γονέων
2922 941 3061 1010 καὶ

302 1057 922 1162 ταῖς-ἐπικλήροις
953 1063 1303 1160 βοηθεῖν.
1358 1054 1580 1133 ’Ἐστι
1625 1059 1702 1135 δὲ
1743 1067 1880 1135 καὶ
1922 1055 2116 1136 ἄνευ
2152 1051 2457 1148 ὕδατος.

2243 1192 2843 1293 (Harpocratio.)

1563 1297 1600 1371 1
1624 1295 1790 1374 164.

497 1437 810 1516 Malae
863 1441 1567 1537 tractationis,
1624 1465 1899 1519 nomen
1972 1454 2089 1519 est
2160 1444 2513 1540 actionis,
2562 1466 2759 1544 quae
2832 1443 3049 1519 datur

303 1564 552 1665 puellis
590 1563 990 1641 heredibus
1030 1567 1389 1643 adversus
1430 1568 1773 1663 maritos,
1835 1580 1909 1644 et
1936 1567 2399 1670 'parentibus
2439 1567 2799 1646 adversus
2836 1569 3053 1666 filice,

305 1702 366 1764 et
415 1687 872 1792 pupillorum
928 1687 1446 1769 defensoribus
1515 1691 1877 1769 adversus
1941 1703 2243 1770 tutores.
2340 1692 2588 1769 Etiam
2645 1695 3059 1795 cuicunque

303 1815 570 1892 volenti
607 1816 1060 1918 permittitur
1119 1828 1512 1919 parentum
1567 1817 1806 1894 malae
1847 1820 2312 1896 tractationis
2350 1845 2700 1897 accusare
2740 1831 2814 1896 et
2852 1819 3061 1920 puel-

303 1939 378 2014 lis
411 1925 861 2018 haeredibus
896 1942 1370 2044 patrocinari.
1443 1943 1536 2021 Id
1593 1971 1775 2022 vero
1817 1944 2182 2047 judicium
2220 1947 2379 2022 sine
2420 1969 2611 2048 aqua
2646 1946 2809 2024 fieri
2845 1945 3059 2020 solet.

1567 2102 1605 2178 1
1628 2102 1796 2182 165.

510 2235 710 2332 Tov‘g
747 2252 832 2320 ἐν
869 2238 980 2344 τῷ
1017 2241 1391 2344 συνεδρίῳ
1429 2243 1989 2346 λοιδοροῦντας
2028 2245 2379 2347 ζημιοῦν.

1812 2377 2119 2478 (Lysias
2160 2391 2295 2480 p'ro
2333 2375 2582 2452 milite.
2625 2369 2693 2475 ξ.
2735 2377 2848 2468 9.)

1569 2519 1796 2596 1165.

503 2660 650 2754 Qui
684 2661 762 2738 in
801 2661 966 2763 ipso
997 2661 1353 2740 tribunali
1391 2663 1734 2740 convicia
1769 2662 2085 2740 fecerint
2104 2719 2125 2758 ‚
2162 2662 2635 2742 mulctentur.

1558 2823 1785 2898 1166.

479 2938 644 3020 ’'A-11
691 2946 841 3043 μὲν
898 2943 1214 3040 ἰδιώτην
1267 2940 1460 3025 ὄντα
1517 2944 1694 3052 τινᾲ
1734 2946 1893 3023 τῶν
1931 2946 2441 3046 θεσμοθετῶν
2476 2938 2758 3046 ὑβρίζῃ
2797 2974 2955 3034 τις,
3014 2940 3063 3036 ἢ

309 3070 552 3157 κακῶς
590 3072 764 3167 εἴπῃ
789 3128 808 3160 ,
865 3071 1176 3176 γραφήν
1211 3071 1501 3175 ὕβρεως
1557 3079 1694 3150 καὶ
1747 3072 1979 3163 δίκην
2014 3073 2489 3175 κακηγορίας
2529 3068 2745 3146 ἰδίαν
2782 3066 3059 3165 φεύξε-

307 3225 452 3271 ται·
492 3193 632 3272 ἐὰν
671 3193 748 3270 δὲ
793 3203 1299 3298 θεσμοθέτην,
1342 3193 1614 3297 ἄτιμος
1648 3201 1854 3273 ἔσται
1889 3196 2285 3287 καθάπαξ.
2331 3203 2483 3271 Καὶ
2523 3194 2757 3271 πάλιν
2789 3224 2879 3299 γε
2912 3192 3059 3271 τὸν

310 3317 682 3419 ἄρχοντα,
723 3320 962 3398 ταύτὸ
1001 3324 1272 3415 τοῦτο,
1314 3322 1454 3400 ἐὰν
1485 3326 1634 3423 μὲν
1673 3329 2302 3422 ἐστεφανωμένον
2339 3320 2671 3417 πατάξῃς
2712 3316 2759 3413 ἢ
2795 3319 3060 3407 κακῶς

311 3448 544 3545 εἴπῃς,
603 3442 915 3547 ἄτιμος,
975 3444 1115 3523 ἐὰν
1169 3448 1237 3523 δ’
1295 3446 1644 3541 ἰδιώτην,
1725 3446 1889 3547 ἰδίᾳ
1948 3440 2347 3536 ὗπὸδικος.
2438 3452 2593 3521 Καὶ
2654 3442 2749 3521 οὐ
2800 3443 3059 3544 μόνον

311 3581 455 3672 περὶ
507 3568 812 3649 τούτων
868 3568 1074 3649 οὕτω
1132 3572 1350 3649 ταῦτ’
1410 3578 1566 3671 {yet
1590 3632 1612 3664 ,
1671 3572 1867 3651 ἀλλά
1910 3580 2049 3649 καὶ
2088 3580 2253 3675 περὶ
2294 3572 2644 3663 πάντων,
2706 3570 2818 3660 οἷς
2856 3568 2959 3648 ὂῖν
2999 3565 3041 3663 ἦ

313 3697 506 3786 πόλις
541 3696 716 3774 τινὰ
759 3692 1032 3778 ἄδειαν
1069 3696 1116 3793 ἢ
1153 3699 1782 3799 στεφανηφορίαν
1823 3692 1872 3790 ἢ
1908 3696 2081 3773 τινὰ
2121 3698 2350 3798 τιμὴν
2389 3697 2518 3797 δῷ.

1409 3828 1835 3921 (Demosth.
1874 3829 1951 3901 in
1992 3828 2315 3904 Midiam.
2360 3827 2841 3920 mat—525.)

1567 3990 1796 4065 1166.

505 4116 584 4194 Si
621 4119 784 4218 quis
822 4117 1487 4195 thesmothetarum
1543 4140 1807 4218 quem,
1868 4116 2047 4194 dum
2101 4115 2434 4216 privatus
2492 4126 2645 4209 est,
2703 4115 2823 4191 vel
2860 4114 3051 4217 inju-

315 4243 422 4317 riis
473 4245 595 4320 vel
649 4244 1005 4319 conviciis
1061 4243 1488 4340 incesserit,
1547 4241 1988 4344 injuriarum
2026 4251 2102 4315 et
2138 4239 2455 4315 convicii
2511 4241 2867 4341 privatim
2919 4269 3051 4342 po-

315 4370 726 4467 stulabitur3
781 4372 898 4445 sin
935 4368 1544 4459 thesmothetam‚
1585 4366 1994 4465 ignominia
2029 4364 2258 4465 plena
2293 4363 2694 4441 notabitur.
2762 4366 2860 4439 Et
2897 4392 3053 4441 rur-

317 4519 420 4571 sus
457 4496 924 4593 archontem,
985 4496 1243 4571 eodem
1293 4494 1435 4573 hoc
1472 4494 1737 4586 modo,
1796 4492 1858 4567 si
1896 4501 2333 4569 coronatum
2371 4490 2884 4565 verberaveris
2923 4500 3053 4565 aut

319 4622 650 4697 conviciis
685 4620 1114 4713 incesseriS,
1171 4620 1472 4697 infamis
1511 4644 1632 4719 es;
1689 4621 1806 4695 sin
1845 4619 2265 4719 privatum,
2322 4617 2619 4716 privato
2654 4615 2927 4715 judicio
2974 4644 3052 4691 es

319 4744 682 4822 obnoxius.
755 4744 1010 4846 Neque
1049 4746 1312 4822 horum
1348 4755 1638 4823 tantum
1676 4771 1761 4819 ea
1798 4742 1987 4818 ratio
2026 4753 2167 4836 est,
2209 4740 2339 4816 sed
2378 4740 2705 4815 omnium
2728 4796 2745 4831 ‚
2785 4742 3052 4840 quibus

319 4869 586 4966 publice
626 4871 876 4970 aliqua
914 4872 1268 4949 securitas
1308 4882 1436 4947 aut
1491 4896 1814 4947 coronae
1857 4868 1985 4968 jus
2026 4878 2153 4942 aut
2190 4864 2375 4941 alius
2414 4866 2777 4967 quispiam
2814 4864 3052 4940 honor

319 4992 734 5071 conceditur.
2334 5007 2343 5016 ’

1567 5100 1794 5178 1167.

515 5225 688 5303 Τῶν
739 5220 1069 5328 ρητόρων
1121 5222 1259 5304 ἐάν
1311 5256 1421 5313 τις
1471 5216 1556 5301 ἐν
1588 5224 1835 5327 βουλῇ
1878 5216 1925 5314 ἢ
1960 5230 2047 5300 ἐν
2084 5218 2297 5325 δήμῳ
2334 5216 2772 5321 λοιδορῆται
2808 5210 2857 5312 ἢ
2894 5246 3049 5297 κα·-
