3725 5850
1543 405 1643 454 ns
1681 403 1951 456 roENA.
2978 377 3137 456 257

1633 593 1854 672 1022.

563 733 750 816 “On
808 734 1141 826 πολλοὺς
1197 732 1859 828 καταδικάζουσιν
1899 739 1973 812 οἱ
2014 734 2371 812 δικασταὶ
2431 733 2911 829 ἀποθανεῖν,
2974 733 3129 814 οὐκ

369 869 470 950 εἰς
499 870 695 963 μίαν
735 856 1016 966 ἡμέραν
1055 861 1323 950 πάντες
1363 860 1867 960 φονεύονται,
1912 859 2079 936 ἀλλ’
2116 869 2435 952 ἕκαστος
2473 863 2891 964 κληροῦται
2931 869 3125 940 καθ’

373 981 652 1095 ἡμέραν
671 1047 696 1080 ,
755 994 895 1066 καὶ
931 989 1041 1092 τῷ
1081 995 1555 1090 κληρωθέντι
1597 985 1941 1076 θάνατος
1979 995 2259 1067 ἐπιέτω.

1513 1117 1804 1212 (Schol.
1845 1118 1923 1196 in
1968 1115 2439 1221 Aristophan.
2480 1119 2650 1196 Pac.
2695 1119 2913 1213 364.)

1636 1299 1866 1375 1022.

575 1445 826 1539 Quum
850 1443 1144 1546 judices
1183 1447 1455 1520 multos
1494 1443 1994 1520 condemnant
2030 1445 2313 1545 capitis,
2335 1470 2487 1519 non
2524 1468 2673 1518 una
2708 1443 2827 1519 die
2869 1469 3126 1519 omnes

363 1571 901 1647 interficiuntur
925 1629 942 1662 ,
1002 1571 1132 1646 sed
1171 1568 1484 1669 quilibet
1521 1569 1723 1646 omni
1764 1569 1883 1646 die
1924 1570 2265 1663 sortitur,
2306 1579 2380 1645 et
2416 1569 2540 1670 qui
2584 1577 2858 1645 sortem
2898 1566 3123 1644 duxe-

367 1697 458 1770 rit
480 1754 498 1790 ,
559 1719 728 1771 eum
765 1705 1204 1798 assequatur
1239 1722 1459 1772 mors.
1635 1803 1838 1879 1⁰23

566 1938 977 2035 Ἐκεῖνον,
1057 1933 1156 2020 οὗ
1219 1941 1570 2020 θάνατον
1626 1937 1668 2034 ἦ
1729 1941 1941 2030 πόλις
2014 1951 2405 2048 κατέγνω,
2486 1948 2606 2018 ἐπὶ
2663 1940 2803 2036 τρν
2858 1939 3128 2041 βωμὸν

363 2068 517 2145 τῶν
573 2065 872 2145 δώδεκα
947 2069 1157 2146 θεῶν
1227 2069 1791 2174 καταφυγόντα
1847 2066 2083 2145 οὐδὲν
2144 2059 2373 2160 ἧττον
2426 2061 2583 2144 ὑπὸ
2642 2069 2771 2160 τῆς
2846 2066 3125 2154 πόλεως

367 2191 836 2274 ἀποθανεῖν·
893 2194 982 2271 τὸ
1041 2194 1188 2300 γὰρ
1240 2198 1396 2274 τῶν
1453 2195 1715 2295 νόμων
1767 2206 1927 2284 τοῖς
1983 2193 2394 2288 ἠδικηκόσι
2439 2206 2747 2292 τυχεῖν,
2804 2199 3125 2295 τιμωρία

364 2324 588 2399 ἐστίν.
1752 2324 2113 2428 (Lycurg.
2153 2351 2215 2400 c.
2256 2324 2593 2402 Leocrat.
2634 2319 2701 2424 ξ.
2744 2324 2911 2417 93.)

1637 2503 1861 2579 1023.

568 2643 684 2741 Is,
744 2674 964 2748 quem
1023 2648 1284 2725 civitas
1341 2649 1604 2749 capitis
1665 2647 2335 2744 comdemnaverit‚
2396 2650 2532 2724 etsi
2571 2647 2663 2723 ad
2705 2674 2905 2724 aram
2942 2646 3122 2723 duo-

365 2769 594 2847 decim
633 2771 942 2849 deorum
979 2773 1437 2873 confugerit,
1477 2771 1957 2851 nihilominus
1998 2801 2041 2850 a
2080 2775 2377 2850 civitate
2417 2776 2637 2850 morti
2678 2773 2913 2851 detur.
2972 2773 3122 2848 Eos

365 2896 592 2993 onim,
671 2899 796 2998 qui
849 2899 1124 3002 injuste
1182 2911 1532 2997 egerunt,
1607 2899 1813 2999 leges
1874 2900 2267 3000 consequi,
2330 2910 2441 2977 est
2497 2899 2865 3001 supplicio
2921 2899 3122 3001 ipsos

364 3021 572 3099 affici.

1620 3132 1846 3210 1024.

549 3268 758 3350 ‘'Oo‘a
813 3274 968 3348 τῶν
1024 3268 1514 3371 ἀδικημάτων
1569 3268 1802 3370 νόμος
1840 3306 1950 3363 τις
1979 3274 2087 3374 μή
2134 3272 2427 3373 σφόδρα
2488 3276 2963 3373 περιείληφεν
3007 3278 3121 3351 tvi

365 3394 677 3495 ὀνόματι
737 3398 1390 3502 προσαγορεύσας,
1459 3402 1698 3496 μείζω
1755 3397 1829 3474 δὲ
1891 3398 2189 3477 τούτων
2242 3432 2350 3487 τις
2413 3396 2824 3492 ἠδίκηκεν,
2884 3396 3118 3476 ἅπασι

367 3521 438 3596 δὲ
497 3514 780 3621 ὁμοίιος
840 3520 1111 3619 ἔνοχός
1170 3530 1416 3612 ἐστιν,
1495 3520 1939 3627 ἀναγκαῖον
1993 3524 2133 3617 τὴν
2190 3528 2343 3605 τῶν
2403 3524 2787 3604 δικαστῶν
2860 3536 3120 3627 κρίσιν

365 3654 956 3728 καταλείπεσθαι
1003 3648 1475 3755 παράδειγμα
1513 3660 1676 3740 τοῖς.
1709 3658 2333 3758 ἐπιγιγνομένοις.

1791 3782 2153 3881 (Lycurg.
2196 3808 2254 3857 c.
2298 3782 2637 3859 Leocrat.
2680 3776 2745 3883 ξ.
2790 3784 2902 3877 9.)

1628 3961 1851 4037 1024.

571 4104 1070 4205 Quaecunque
1130 4106 1413 4181 scelera
1469 4107 1589 4183 lex
1647 4107 2011 4207 quaedam
2068 4107 2481 4185 accuratius
2537 4132 2689 4183 non
2738 4107 3115 4205 definivit,

363 4228 491 4304 sed
527 4256 670 4306 uno
711 4230 1012 4306 nomine
1053 4232 1424 4332 appellat,
1489 4233 1550 4307 si
1607 4234 1769 4332 quis
1808 4234 1884 4307 in
1922 4232 2036 4308 his
2074 4232 2357 4333 majora
2390 4258 2615 4331 quam
2652 4234 2944 4331 legibus
2984 4262 3106 4313 ex·

367 4354 722 4454 plicantur
779 4354 1126 4455 deliquit,
1185 4357 1674 4457 omnibusque
1735 4356 2027 4457 legibus
2086 4383 2177 4433 ex
2234 4382 2471 4457 aequo
2532 4359 2899 4439 obnoxius
2956 4373 3105 4455 est,

367 4490 652 4579 oportet
675 4477 1014 4579 judicum
1040 4479 1397 4581 judicium
1433 4481 1752 4581 relinqui
1793 4481 2217 4582 exemplum
2253 4482 2591 4582 posteris.

2594 5272 2673 5339 17
