3725 5850
605 367 760 468 3'06
1695 407 1819 458 ms
1857 402 2279 456 PUBLICUM.

605 609 748 683 nisi
789 609 995 708 prius
1035 604 1504 680 decreverint
1543 597 2036 680 Athenienses
2075 619 2206 670 sex
2245 595 2572 671 millibus
2619 621 2774 670 non
2811 592 3233 694 paucioreS‚
3296 591 3383 666 li·

608 759 776 810 cere
814 733 890 806 id
915 791 932 826 ,
991 731 1260 832 quibus
1315 727 1602 803 occulte
1661 721 2233 799 decernentibus
2270 719 2377 795 ita
2414 719 2635 796 fuerit
2672 719 2912 794 visum
2934 775 2952 812 ‚
3012 727 3166 792 tum
3202 741 3382 792 vero

608 886 835 960 agere
875 859 1090 950 licet,
1151 863 1517 955 quatenus
1555 847 1845 926 senatui
1882 845 2309 947 populoque
2346 844 2589 919 visum
2628 844 2872 920 fuerit.

1894 1007 1930 1079 1
1951 1005 2121 1080 198.

801 1153 950 1246 “09
989 1151 1095 1232 ἂν
1135 1155 1241 1254 θῇ
1282 1157 1679 1255 ἱκετηρίαν
1714 1151 2158 1248 μυστηρίοις
2194 1145 2592 1226 τεθνάναι.

1931 1277 2333 1373 (Andocid.
2375 1277 2466 1354 de
2506 1287 2804 1378 myster.
2845 1270 2911 1376 ξ.
2955 1275 3169 1369 110.)

1894 1439 2122 1516 1198.

827 1593 974 1688 Qui
1014 1591 1412 1668 Eleusiniis
1451 1615 1732 1665 ramum
1787 1584 2405 1688 supplicatorium
2462 1582 2830 1685 posuerit,
2888 1582 3108 1659 morti
3144 1581 3388 1657 detur.

1810 1885 2037 1975 ΠΙέρος
2084 1883 2203 1970 ιγ’.

1667 2017 1744 2082 ΙΙ
1771 2041 1800 2082 ε
1833 2038 1873 2102 ρ
1909 2010 1935 2076 i,
2012 2011 2045 2091 ξ
2078 2007 2109 2076 ἑ
2142 2034 2179 2076 ν
2211 2037 2261 2075 ω
2296 2033 2347 2075 ν.

1902 2167 2103 2175 -------------

1828 2267 2026 2332 Pars
2077 2262 2179 2328 13.

1584 2393 1717 2460 De
1793 2389 2439 2479 peregrinis·

1904 2577 2128 2652 1199.

833 2718 972 2812 Μὴ
1001 2719 1365 2820 χορεύειν
1402 2727 1672 2818 ξένον,
1734 2715 1777 2809 ἢ
1805 2725 2068 2815 χιλίας
2108 2717 2510 2794 ἀποτίνειν
2547 2717 2689 2794 τὸν
2716 2716 3083 2820 χορηγόν.

1890 2958 2095 3032 1199
2197 2849 2613 2943 (Plutarch.
2652 2847 2957 2925 Phoci0.
3008 2847 3175 2938 30.)

835 3100 947 3177 Ne
987 3103 1148 3201 quis
1187 3103 1628 3203 peregrinus
1667 3102 1909 3196 saltet,
1951 3112 2077 3177 aut
2116 3100 2481 3199 choragus
2520 3102 2765 3177 solvat
2802 3102 3152 3176 mulctam
3190 3098 3403 3173 millc

622 3226 1154 3304 drachmarum.

1902 3336 1936 3407 1
1952 3334 2129 3410 200.

845 3474 1020 3551 Τῶν
1045 3474 1448 3575 χορευτῶν
1485 3470 1785 3577 ἐξάγειν
1823 3468 1920 3549 ὃν
1958 3468 2059 3550 ἄν
2097 3507 2205 3563 τις
2262 3474 2630 3573 βούληται
2690 3482 2954 3565 ξένον,
3015 3472 3407 3579 ἀγωνιζό-

589 3612 866 3699 ’μενον
903 3596 1059 3675 οὐκ
1096 3597 1274 3693 ἐξὸν
1309 3598 1883 3699 ἐπιχειρήσαντα
1921 3602 2273 3677 κωλύειν.

2071 3729 2471 3823 (Andocid.
2512 3754 2571 3803 c.
2617 3726 2976 3807 Alcibiad.
3016 3729 3183 3821 20.)

1910 3890 2136 3967 1200.

841 4034 1386 4109 Choreutarum
1439 4036 2004 4135 peregrinorum
2066 4062 2290 4136 quem
2340 4036 2502 4137 quis
2540 4036 2701 4111 vult
2737 4035 2831 4110 ab
2874 4037 3249 4113 orchestra
3289 4062 3411 4112 ar-

631 4171 834 4253 ceat,
881 4161 1042 4261 jam
1082 4172 1486 4236 certantem
1525 4173 1774 4236 autem
1813 4161 1885 4234 vi
1927 4162 2261 4237 adhibita
2298 4188 2393 4235 ne
2432 4160 2847 4261 prohibeat.

850 4458 1026 4537 Οὐκ
1065 4464 1355 4553 ἔξεστιν
1394 4455 1650 4549 ἆπλῶς
1690 4462 1846 4538 τῶν
1874 4462 2242 4567 χορηγῶν
2281 4461 2543 4538 οὐδενί
2587 4468 3188 4563 προσκαλέσαντι
3220 4463 3418 4552 τούς

623 4584 1002 4684 χορευτάς
1059 4600 1418 4679 σκοπεῖν,
1477 4584 1644 4661 ἀλλ’
1701 4584 1843 4663 ε’ἀν
1890 4590 2039 4687 μὲν
2094 4596 2419 4685 καλέσῃ,
2499 4586 2975 4679 πεντήκοντα
3033 4586 3417 4690 δραχμὰς,

633 4708 773 4788 ἐὰν
810 4708 886 4787 δὲ·
925 4714 1401 4804 καθίζεσθαι
1439 4710 1802 4811 κελεύσῃ,
1851 4718 2115 4809 χιλίας
2156 4712 2573 4793 ἀποτίνειν.

2022 4847 2445 4940 (Demosth.
2486 4850 2563 4924 in
2601 4849 2925 4925 Midiam.
2980 4846 3190 4939 532)

1922 5008 2144 5084 1201.

851 5148 1022 5225 Non
1063 5150 1514 5257 permittitur
1554 5152 2049 5251 choragorum
2086 5153 2255 5249 ulli,
2315 5167 2397 5229 ut
2450 5155 2845 5255 fungentes
2904 5154 3291 5231 choreutas
3330 5154 3419 5227 in
