3725 5850
735 436 889 512 474
1653 458 2274 513 οοΜΜεΝΤΑΜυε
2318 458 2419 509 An
2460 456 2585 512 423.

951 645 1100 729 Alii
1163 650 1508 730 dicebant
1565 652 1837 756 cyrbes
1898 652 2127 729 fuisse
2186 650 2478 726 tabulas
2528 650 3061 749 triangulares,
3118 650 3197 726 in
3236 650 3495 750 quibus

735 778 943 877 leges
1002 777 1110 853 de
1168 774 1464 855 rebus
1518 778 1834 855 sacris
1889 784 1983 852 et
2040 774 2529 852 civilibus
2583 774 2983 876 inscriptae
3022 786 3274 867 erant,
3330 800 3493 851 axo-

733 931 868 980 nas
907 928 1082 979 vero
1123 904 1415 981 tabulas
1472 903 1913 1005 quadratas,
1971 926 2164 1002 quae
2220 900 2429 999 leges
2502 899 2612 976 de
2687 901 2981 978 rebus
3064 900 3494 1003 privatis

731 1029 1045 1130 scriptas
1112 1030 1614 1108 continebant.
1711 1027 1860 1105 Sed
1919 1024 2461 1127 Aristophanes
2530 1026 2933 1126 Byzantius
3006 1024 3277 1129 cyrbes
3350 1024 3492 1098 axi-

732 1157 870 1231 bus
907 1154 1180 1230 similes
1219 1152 1448 1231 fuisse
1488 1155 1705 1250 dicit,
1765 1154 1907 1230 hoc
1954 1152 2374 1229 discrimine
2397 1208 2416 1243 ,
2474 1152 2669 1253 quod
2727 1176 3006 1229 axones
3062 1148 3336 1227 conti
3360 1174 3490 1224 ne·

737 1291 962 1354 rent
1013 1278 1332 1377 legeS,
1389 1278 1656 1381 cyrbes
1711 1302 1895 1355 vero
1952 1278 2206 1353 ritus
2260 1276 3027 1353 sacrificiorum.
3086 1272 3381 1368 (Schol.
3425 1273 3493 1346 in

733 1402 1021 1479 Platon.
1065 1403 1478 1479 Politicum.
1521 1430 1592 1504 p.
1635 1402 1812 1478 335.
1853 1402 1966 1477 ed.
2008 1401 2249 1478 Bekk.
2308 1402 2406 1477 Et
2442 1400 2712 1479 Suidas
2750 1428 2808 1477 s.
2848 1428 2919 1475 v.
2957 1392 3331 1496 κύρβεις).
3388 1396 3491 1473 Si-

731 1528 1006 1605 militer
1046 1527 1548 1629 Apollodorus
1589 1552 1883 1630 quoque
1922 1526 2147 1620 dixit,
2208 1525 2563 1627 oyrbibus
2600 1526 2826 1603 fuisse
2862 1516 3262 1626 inscriptas
3298 1524 3495 1622 leges

732 1654 914 1731 deos
951 1664 1396 1754 spectantes.
1455 1652 1994 1755 (Harpocratio
2030 1678 2087 1727 s.
2128 1678 2199 1727 v.
2238 1643 2615 1748 κύρβεις.)

948 1793 1068 1870 Ad
1107 1822 1260 1871 rem
1300 1793 1814 1891 dirimendam,
1853 1794 2391 1895 investigemus
2426 1805 2871 1896 argumenta
2908 1794 3162 1893 legum
3182 1791 3489 1869 Solonis.

945 1937 1196 2014 Primo
1255 1962 1495 2014 axone
1553 1937 1738 2013 haec
1791 1938 1912 2014 lex
1971 1936 2431 2015 continetur:
2488 1963 2530 2013 e
2586 1937 2951 2014 fructibus
2988 1934 3173 2011 nihil
3207 1944 3491 2035 praeter

731 2065 982 2139 oleum
1015 2062 1241 2138 ‚vendi
1277 2062 1736 2163 peregrinis:
1795 2073 2047 2139 cetera
2086 2062 2461 2164 exportari
2498 2062 2707 2139 nefas
2745 2073 2905 2139 esto
2928 2120 2946 2157 ,
3006 2060 3490 2162 princepsque

730 2188 1190 2290 reipublicae
1226 2186 1308 2262 in
1346 2197 1575 2287 caput
1610 2186 1806 2286 ejus,
1849 2187 1978 2289 qui
2014 2188 2157 2264 alio
2197 2189 2451 2290 fruges
2489 2189 2866 2283 avexerit,
2908 2195 3334 2278 execretur,
3374 2197 3491 2259 aut

731 2313 1016 2389 aerario
1075 2305 1317 2388 solvat
1365 2319 1665 2388 centum
1703 2311 2117 2391 drachmas.
2177 2309 2715 2405 (Plutarch.
2756 2311 2807 2389 S
2832 2312 3084 2388 olon.
3126 2312 3296 2402 24.)
3369 2306 3487 2384 At-

732 2436 856 2536 qui
896 2437 1082 2512 haec
1119 2436 1242 2511 lex
1280 2462 1454 2537 pars
1491 2434 1631 2511 fuit
1655 2438 1850 2537 juris
1900 2437 2219 2538 publici3
2275 2464 2451 2514 nam
2506 2450 3094 2536 transgressores
3151 2436 3311 2536 ejus
3364 2460 3487 2536 pu·

730 2560 928 2637 blica
967 2561 1302 2655 actione,
1361 2555 1590 2652 φάσις
1625 2561 1862 2655 dicta,
1915 2562 2460 2639 deferebantur.
2538 2564 3028 2663 Nequaquam
3062 2561 3295 2660 igitur
3328 2586 3487 2636 vere

731 2686 1015 2762 dictum
1050 2697 1201 2783 est,
1260 2686 1527 2765 axibus
1583 2684 1884 2764 Solonis
1938 2688 2406 2766 solummodo
2462 2690 2669 2787 leges
2717 2688 2907 2791 juris
2964 2686 3239 2790 privati
3278 2686 3487 2763 fuisse

728 2812 1146 2913 inscriptas.

945 2957 1168 3057 Legis
1211 2968 1520 3034 octavae
1543 2957 1891 3034 edecima
1930 2960 2149 3035 tertia
2167 2958 2465 3037 Solonis
2504 2960 2766 3036 tabula
2802 2959 2986 3035 haec
3024 2970 3202 3034 sunt
3237 2957 3482 3032 verba:

728 3107 986 3158 omnes
1022 3082 1148 3184 qui
1186 3093 1359 3158 ante
1399 3079 1696 3162 Solonis
1733 3083 2251 3183 magistratum
2285 3084 2699 3183 ignominia
2734 3085 3034 3162 fuerunt
3070 3083 3344 3176 notati,
3403 3082 3479 3156 li-

729 3207 888 3283 beri
924 3209 1334 3309 ignominia
1370 3217 1614 3285 sunto,
1675 3207 2214 3301 (Plutarch.
2256 3208 2579 3287 Solon.
2622 3211 2788 3303 19.)
2864 3207 3043 3285 Jam
3101 3234 3281 3284 vero
3334 3233 3481 3280 mo-

729 3333 903 3408 dum
957 3333 1408 3434 irrogandas
1461 3333 1917 3434 ignominiae
1977 3334 2433 3412 definiebant
2482 3335 2688 3438 leges
2730 3337 2859 3436 jus
2912 3333 3297 3436 publicum
3329 3357 3479 3432 spe-

729 3471 1038 3536 ctantes,
1113 3457 1501 3536 Axonibus
1535 3458 1764 3556 igitur
1802 3460 2025 3537 etiam
2060 3462 2267 3559 leges
2306 3461 2646 3562 publicae
2686 3469 2901 3536 erant
2934 3461 3352 3560 inscriptae.

944 3605 1034 3680 In
1070 3603 1357 3679 decima
1391 3613 1603 3679 sexta
1641 3603 1935 3697 tabula,
1970 3627 2102 3680 seu
2140 3627 2313 3697 axe,
2350 3604 2588 3705 pretia
2624 3604 3155 3681 sacrificiorum
3194 3600 3475 3678 eximio-

732 3755 898 3804 rum
939 3727 1275 3804 definivit
1308 3726 1560 3846 Solon.
1619 3727 1722 3822 (P
1742 3729 1834 3804 lu
1855 3739 1887 3804 t
1909 3727 2160 3806 arch.
2198 3728 2317 3806 So
2338 3728 2363 3805 l
2385 3759 2427 3805 o
2448 3755 2520 3806 n.
2561 3729 2746 3824 23);
2802 3729 3001 3806 unde
3036 3739 3249 3832 patet
3283 3750 3475 3828 prac-

732 3867 954 3957 cepta
1009 3879 1128 3932 res
1185 3879 1435 3930 sacras
1491 3854 1909 3955 spectantia
1963 3855 2124 3955 pari
2183 3853 2403 3932 modo
2442 3856 2808 3933 axonibus
2848 3857 3074 3934 fuisse
3113 3853 3473 3951 inscripta.

939 3998 1281 4098 Denique
1321 4024 1364 4074 e
1400 3996 1929 4073 Demosthenis
1968 3998 2300 4075 oratione
2338 4009 2601 4074 contra
2639 3995 3165 4076 Aristocratem
3204 4001 3314 4096 (p.
3334 3993 3473 4068 629

639 4157 646 4170 ’
733 4119 798 4222 ξ.
839 4124 981 4217 28)
1018 4124 1292 4222 liquet,
1347 4123 1591 4220 legem
1631 4122 1722 4198 de
1763 4119 2149 4199 homicidis
2194 4121 2275 4196 in
2332 4147 2573 4200 axone
2624 4123 3173 4224 promulgatam
3229 4120 3472 4209 fuisse,

732 4273 922 4346 quae
961 4257 1214 4325 tamen
1252 4247 1582 4322 omnium
1621 4272 1993 4326 consensu
2028 4249 2125 4324 ad
2152 4249 2277 4349 jus
2315 4248 2701 4350 publicum
2739 4248 3153 4351 spectabat.

942 4387 1057 4466 Ex
1077 4389 1210 4467 'his
1235 4391 1398 4492 jam
1432 4392 1610 4470 satis
1649 4403 1947 4470 constat
1965 4452 1984 4487 ,
2040 4394 2408 4471 axonibus
2463 4420 2617 4470 non
2652 4393 2896 4472 solum
2931 4394 3302 4496 privatas,
3355 4386 3469 4465 sed

731 4515 955 4591 etiam
991 4515 1334 4617 publicas
1368 4518 1574 4619 leges
1611 4519 1840 4596 fuisse
1877 4519 2301 4622 inscriptas.

944 4658 1172 4736 Miror
1207 4657 1260 4735 S
1282 4686 1327 4735 a
1347 4689 1423 4736 m
1443 4689 1492 4737 u
1513 4686 1552 4737 e
1577 4661 1602 4736 l
1626 4687 1665 4738 e
1689 4689 1763 4738 m
1818 4661 1897 4740 M
1916 4689 1963 4739 a
1978 4691 2029 4765 y
2052 4689 2090 4739 e
2112 4691 2149 4739 r
2168 4689 2217 4740 u
2237 4692 2313 4738 m
2368 4665 2550 4756 (Die
2586 4663 2869 4740 Rechte
2909 4664 3042 4759 der
3082 4663 3467 4750 Israeliten,

729 4786 1066 4863 Athener
1101 4782 1252 4860 und
1287 4777 1974 4889 Roemer,'Leipzig
2016 4787 2265 4883 1862)
2304 4789 2525 4866 Petiti
2560 4791 2992 4890 opinionem
3030 4789 3372 4891 amplecti
3406 4795 3469 4859 et

727 4923 1086 5006 statuere,
1147 4909 1498 4988 Solonem
1551 4912 1840 4990 nullum
1898 4914 2164 4992 fecisse
2222 4913 2615 4990 discrimen
2662 4915 2867 5002 inter
2910 4915 3117 5014 leges
3152 4913 3468 5016 publicas

729 5049 802 5116 et
836 5038 1187 5139 privatas.
