3725 5850
746 487 904 566 430
1331 511 1947 565 commem-smus
1984 511 2091 564 An
2128 507 2222 564 oo.
2262 507 2351 566 91.
2392 507 2482 565 92.
2522 509 2614 564 94.
2656 510 2745 566 98.
2788 510 2912 565 10¹7.
2956 473 2961 476 ¹

745 729 1060 805 eumque
1118 729 1567 782 consensum
1617 703 1951 781 tribuum
2005 729 2306 782 suarum
2358 703 2661 781 nomine
2734 713 3205 782 testarentur.
3302 702 3525 780 Sorte

744 842 996 908 autem
1052 831 1542 934 capiebantur
1581 842 1657 908 et
1691 831 1788 909 ad
1835 829 2363 910 brevissimum
2414 841 2713 933 tempus
2732 889 2751 926 ‚
2814 857 2964 932 quo
3020 829 3269 907 minor
3320 839 3523 904 esset

741 955 1052 1034 fallendi
1109 983 1237 1035 eos
1273 968 1403 1034 aut
1437 955 2001 1058 corrrumpendi
2056 957 2389 1034 facultas.
2475 955 2877 1034 Paullatim
2928 967 3185 1035 tamen
3240 955 3527 1033 factum

747 1108 907 1162 esse
945 1081 1280 1180 videtur,
1337 1093 1422 1159 ut
1456 1081 1534 1160 hi
1571 1109 1622 1160 n
1645 1109 1689 1160 o
1711 1111 1764 1160 n
1801 1082 2374 1162 contribule
2396 1109 2431 1159 s
2469 1081 2851 1184 praesides
2887 1083 3307 1186 promiscue
3346 1106 3525 1157 cum

742 1207 1188 1309 prytanibus
1245 1207 1506 1286 officiis
1564 1207 2008 1309 quibusdam
2062 1206 2587 1307 fungerentur,
2648 1233 2838 1308 quae
2894 1208 3305 1310 antiquitus
3354 1205 3521 1283 illo-

741 1359 905 1410 rum
939 1335 1248 1437 propria
1284 1334 1623 1432 fuerant3
1680 1361 1828 1436 quo
1868 1333 1945 1410 id
2011 1359 2307 1435 quoque
2361 1334 2729 1435 pertinet,
2788 1335 3111 1435 posteris
3164 1331 3527 1434 tempori-

739 1459 879 1536 bus
917 1459 1279 1560 suffragia
1313 1459 1601 1538 senatui
1641 1471 1716 1537 et
1751 1461 2037 1564 populo
2076 1460 2253 1538 data
2290 1483 2452 1538 esse
2490 1461 2585 1538 ab
2634 1460 2751 1540 his
2802 1459 3270 1563 praesidibus
3324 1483 3523 1533 non

741 1585 1521 1664 contribulibus.

1945 1688 2098 1773 Ad
2157 1691 2319 1774 00.

953 1855 1444 1958 Harpocratio
1484 1858 1600 1952 (in
1636 1857 1876 1956 κυρία
1914 1859 2335 1957 ἐκκλησία)
2396 1857 2661 1938 eadem
2715 1857 3007 1956 dicens,
3065 1856 3263 1934 diem
3299 1855 3522 1933 nefa-

742 1992 943 2060 stum
977 2007 1134 2060 non
1171 1995 1393 2061 vocat
1427 1971 1724 2076 ὂῖφετον
1760 1987 1895 2066 sed
1933 1977 2339 2081 ἀφέσιμον.

1949 2197 2103 2282 Ad
2162 2199 2302 2282 ΘΙ..

953 2357 1198 2436 Schol.
1257 2361 1336 2438 in
1389 2361 1777 2439 Demosth.
1835 2361 1929 2439 de
1982 2361 2143 2441 fals.
2202 2361 2647 2461 legat.'419,
2706 2362 2847 2438 26:
2892 2351 2997 2434 ‘O
3030 2355 3262 2446 τόπος
3302 2359 3523 2434 ἔνθα

741 2474 1187 2557 δειπνοῦσιν
1223 2485 1297 2558 οἱ
1336 2482 1784 2588 πρυτάνεις,
1843 2489 1983 2560 καὶ
2027 2481 2263 2572 θάλος
2310 2489 2681 2562 καλεῖται.
2762 2487 3090 2584 (Locus,
3145 2487 3276 2564 ubi
3336 2513 3522 2588 pry-

738 2617 947 2685 tanes
985 2621 1343 2707 coenant,
1400 2613 1626 2690 etiam
1660 2613 1909 2691 tholus
1947 2614 2321 2707 vocatur.)

1938 2823 2092 2908 Ad
2149 2827 2308 2945 02.

955 2984 1264 3064 Suidas:
1305 2992 1404 3060 M
1421 2984 1468 3060 ἆ
1495 2994 1542 3079 ζ
1556 3016 1604 3061 α
1629 3009 1646 3030 ·
1685 2992 1971 3089 κυρίως
2005 2981 2047 3081 ἦ
2086 2984 2333 3087 τροφή
2377 2980 2418 3080 ἦ
2462 2983 2616 3061 ἀπὸ
2656 2984 3045 3091 γάλακτος
3083 2994 3217 3065 καὶ
3260 2992 3517 3077 σίτου,

739 3102 941 3206 παρὰ
980 3105 1068 3183 τὸ
1098 3107 1509 3208 μάζεσθαι.
1591 3116 1943 3215 (Maza,
2003 3117 2306 3220 proprie
2364 3116 2572 3194 cibus
2611 3140 2650 3191 e
2689 3116 2884 3195 lacte
2927 3130 3001 3195 et
3037 3118 3277 3195 farina
3334 3142 3517 3195 con-

737 3236 1013 3335 fectus,
1056 3264 1102 3315 a
1136 3239 1568 3342 pinsend0.)

1947 3344 2100 3429 Ad
2158 3348 2319 3431 04.

949 3506 1253 3587 Bekker
1305 3508 1589 3589 Anecd.
1646 3538 1757 3612 gr.
1815 3514 1875 3591 I.
1931 3541 2004 3615 p.
2066 3514 2259 3591 245:
2335 3506 2767 3609 Εἰσιτὴρια·
2845 3512 3125 3598 θυσίας
3210 3504 3520 3610 ὄνομα,

734 3622 931 3707 ὅταν
964 3628 1372 3729 βουλεύειν
1409 3628 1458 3726 ἢ
1494 3629 1688 3711 ὅταν
1725 3628 2001 3735 ἄρχειν
2036 3668 2147 3724 τις
2195 3634 2715 3739 χειροτονηθῇ
2743 3659 2759 3678 ·
2814 3640 2989 3712 τότε
3023 3632 3171 3741 γὰρ
3211 3637 3474 3713 ἔθυον
3497 3666 3511 3679 ·

739 3759 981 3831 θυσία
1039 3755 1185 3862 γάρ
1239 3765 1394 3835 ἐστι
1450 3764 1812 3865 γινομένη
1866 3752 2024 3836 ὑπὸ
2082 3760 2215 3853 τῆς
2257 3760 2549 3863 βουλῆς
2584 3758 2960 3853 εἰσιούσης
2997 3764 3105 3848 εἰς
3140 3759 3230 3837 τὸ
3274 3759 3521 3837 δικα-

735 3878 1065 3981 στήριον.
1145 3884 1575 3980 (Aditialiaz
1635 3887 1990 3966 Sacrificii
2045 3916 2349 3987 nomen,
2410 3918 2637 3993 quum
2692 3891 2853 3993 quis
2888 3890 2969 3967 in
3004 3903 3348 3968 senatum
3396 3893 3525 3969 vel

736 4010 832 4086 ad
889 4012 1407 4111 magistratum
1465 4013 1861 4113 quemdam
1916 4014 2231 4115 eligitur.
2323 4017 2539 4093 Tunc
2597 4017 2794 4093 enim
2849 4042 3061 4093 sacra
3114 4016 3525 4095 faciebant.

736 4134 929 4212 Nam
967 4136 1290 4215 intrante
1327 4138 1405 4217 in
1451 4140 1727 4219 curiam
1767 4154 2031 4221 senatu
2070 4144 2299 4219 fiebat
2334 4142 2480 4221 hoc
2519 4144 3021 4233 sacrificium.)

1932 4352 2083 4437 Ad
2142 4356 2301 4438 08.

947 4511 1212 4614 Lysias
1249 4524 1510 4591 contra
1545 4513 1907 4594 Andocid.
1949 4515 2042 4596 de
2079 4520 2463 4622 impietate
2502 4514 2570 4621 ξ.
2612 4519 2735 4597 33.
2773 4548 2847 4621 p.
2890 4518 3037 4594 231
3072 4547 3089 4593 ε
3146 4518 3519 4617 συμβου-

731 4628 932 4708 λεύει
973 4636 1079 4721 εἰς
1115 4632 1258 4727 τὴν
1291 4634 1590 4738 βουλὴν
1626 4636 1888 4716 εἰσιών
1925 4646 2090 4743 περὶ
2134 4640 2434 4719 θυσιῶν
2471 4648 2608 4718 καί
2649 4640 3047 4743 προσόδων
3075 4647 3214 4718 καὶ
3244 4638 3523 4739 εὐχῶν

731 4762 869 4833 καὶ
895 4758 1303 4860 μαντειῶν.
1381 4764 1788 4859 (Senatum
1841 4769 2223 4868 ingressus
2279 4797 2497 4847 suum
2551 4771 2790 4874 aperit
2828 4772 3218 4849 consilium
3256 4770 3351 4848 de
3394 4800 3517 4850 sa-

729 4886 1064 4985 crifieiis„
1104 4888 1196 4966 de
1233 4891 1766 4991 vectigalibuS,
1816 4893 1909 4973 de
1949 4894 2292 4997 precibus
2333 4916 2407 4973 et
2444 4898 2825 4990 oraculis)

1905 5103 2058 5188 Ad
2108 5108 2324 5192 10⁷.

943 5264 1368 5368 Xenophon
1425 5268 1676 5349 histor.
1734 5296 1843 5371 gr.
1882 5274 1981 5371 ΙΙ,
2042 5276 2110 5372 3,
2152 5277 2293 5351 48:
2352 5274 2515 5375 Ego
2572 5276 2714 5353 illis
2770 5301 3059 5378 semper
3118 5278 3509 5375 adversor,
