3725 5850
625 437 772 514 184
1733 459 1856 507 svs
1896 455 2319 505 mmmmm.-

831 775 973 852 Ἐν
1009 775 1121 874 τῷ
1173 771 1384 878 λόγῳ
1440 771 1566 862 τῆς
1625 774 1987 868 τιμωρίας
2046 769 2374 870 προτιμᾷ
2434 762 2479 845 ὅ
2538 768 2887 860 διώκων,
2946 766 3107 844 εἶτα
3164 767 3400 859 ἔξεστι

626 905 736 1003 τῷ
768 901 1149 1006 φεύγοντι
1189 895 1676 997 ἀντιτιμῆσαι
1715 892 1933 995 αὐτῷ
1972 891 2093 970 ὅτι
2132 893 2364 972 τοῦδέ
2400 901 2557 994 εἰμι
2597 890 2829 988 ἄξιος.
2908 891 3215 970 Λοιπὸν
3252 919 3405 966 πα·-

628 1028 722 1128 ρά
763 1029 872 1130 τῷ
911 1025 1238 1125 δικαστῇ
1275 1033 1484 1104 ἐστιν
1519 1015 1560 1115 ἦ
1603 1025 1852 1119 κρίσις
1888 1022 2037 1096 τοῦ
2076 1018 2557 1118 ἀνασχέσθαι
2603 1018 2647 1115 ἢ
2685 1019 2805 1102 οὐ.

831 1201 858 1232 .
1482 1151 1768 1244 (Schol.
1807 1150 1887 1226 in
1926 1149 2311 1226 Demosth.
2352 1149 2756 1228 Timocrat.
2798 1148 2979 1246 713,
3020 1148 3188 1239 21.)

1936 1310 2116 1384 748.

845 1447 934 1522 In
973 1441 1308 1517 oratione
1349 1463 1642 1541 poenae
1683 1435 2207 1537 praeaestimat
2244 1443 2486 1528 actor,
2536 1434 2808 1512 deinde
2845 1435 3022 1511 lieet
3058 1459 3186 1510 reo
3222 1459 3397 1508 oon-

630 1571 1136 1647 traaestimare
1159 1625 1176 1659 ‚
1218 1593 1297 1641 se
1335 1565 1478 1640 hoo
1518 1563 1808 1639 mereri.
1885 1559 2231 1638 Tandem
2272 1583 2505 1662 penes
2532 1559 2866 1662 judicem
2902 1569 3017 1636 est
3052 1559 3400 1636 dirimere

633 1723 732 1774 an
771 1695 912 1770 hoo
949 1689 1386 1769 admittatur
1421 1713 1561 1764 neo
1599 1711 1716 1762 ne.
1928 1794 2083 1868 749

824 1934 1048 2018 ’Ἐστι
1079 1945 1227 2038 μέν
1263 1942 1558 2012 uva-dv
1598 1945 1754 2020 τοῖς
1815 1930 2081 2029 νόμοις
2138 1925 2523 2030 ὦρισμένα
2564 1930 2779 2018 ,κατὰ
2828 1933 2985 2010 τῶν
3022 1929 3409 2010 ἀδικούν-

634 2096 825 2156 των,
889 2069 1042 2140 ἔστι
1085 2062 1160 2139 δὲ
1203 2066 1338 2136 καὶ
1382 2055 1580 2136 ὅλλα
1619 2055 1670 2134 ἅ
1711 2055 2215 2156 προστιμᾶται
2254 2055 2345 2131 τὸ
2387 2056 2903 2159 δικαστήριον.

1901 2187 2486 2289 (Harpocratioz
2546 2188 3195 2284 προστιμήματα.)

1932 2348 2111 2424 749.

846 2478 1039 2554 Sunt
1059 2479 1378 2553 mulctae
1417 2475 1782 2576 quaedam
1823 2475 2121 2572 legibus
2156 2474 2597 2575 praefinitae
2639 2472 2996 2550 adversus
3030 2473 3211 2574 juris
3249 2475 3411 2549 vio-

631 2608 904 2682 latores
927 2661 946 2698 ,
1003 2603 1328 2702 itemque
1369 2602 1600 2696 aliae,
1663 2627 1847 2701 quas
1888 2599 2213 2678 tribunal
2252 2599 2782 2699 superirrogat.

1931 2760 2111 2835 750.

847 2880 1020 2985 Χρὴ
1074 2882 1318 2983 μηδὲν
1368 2887 1658 2984 τίμημα
1698 2876 2083 2983 ὖπάρχειν
2120 2885 2245 2961 ἐπὶ
2298 2889 2545 2983 κρίσει
2588 2887 2822 2960 πλέον
2861 2879 2906 2976 ἢ
2942 2890 3069 2975 ἓν,
3127 2877 3415 2961 ὁπότ-ε-

634 3042 776 3109 ρον
810 3004 917 3087 ἂν
953 3008 1042 3085 τὸ
1083 3008 1582 3110 δικαστήριον
1620 3010 1939 3112 τιμήσῃ,
2000 3018 2291 3087 παθεῖν
2328 3006 2378 3101 ἢ
2428 3008 2789 3086 ἀποτῖσαι
2814 3034 2830 3051 ·
2889 3008 3287 3110 ἀμφότερα
3328 3008 3415 3083 δὲ

625 3133 736 3236 μὴ
775 3140 1064 3228 ἐξέστω.
1958 3138 2385 3235 (Demosth.
2425 3138 2593 3216 adv.
2634 3138 2930 3240 Leptin.
2974 3139 3195 3231 504.)

1931 3302 2109 3379 750.

847 3425 1168 3527 Oportet
1225 3452 1318 3501 ne
1375 3427 1542 3526 plus
1613 3454 1765 3503 una
1837 3428 2392 3519 aestimatione,
2467 3436 3007 3526 utramcunque
3080 3426 3425 3503 tribunal

637 3552 1183 3643 aestimaverit,
1243 3551 1324 3627 in
1371 3552 1656 3652 judicio
1713 3553 2069 3631 luendum
2124 3563 2252 3630 aut
2306 3549 2748 3628 solvendum
2800 3551 2914 3628 sit.
2994 3552 3425 3651 Utrumque

639 3704 820 3754 voro
861 3703 1014 3754 non
1054 3676 1246 3752 lieet.

1943 3786 2121 3862 751.

859 3902 1061 3993 Τούς
1100 3902 1466 3995 δικαστὰς
1501 3914 1588 3983 ἐν
1626 3912 1967 4009 πινακίῳ
2028 3900 2189 3999 ἤτοι
2230 3912 2351 3983 ἐπὶ
2392 3905 2705 3995 σανίδος
2744 3907 2957 4007 κηρῷ
2994 3903 3431 4006 ἀληλιμμέ-

639 4062 809 4122 νης,
889 4024 1124 4107 ὁπότε
1180 4031 1860 4130 καταλαμβάνοιέν
1916 4060 2089 4108 τινα
2143 4032 2257 4131 τῷ
2312 4031 2714 4130 τιμήματι,
2790 4037 3044 4109 ἕλκειν
3090 4032 3439 4132 μακρὰν

640 4155 1039 4260 γραμμὴν,
1107 4149 1340 4233 ὁπότε
1383 4154 1456 4233 δὲ
1499 4155 1963 4247 ἀπολύοιεν,
2024 4158 2422 4256 βραχεῖαν.

1742 4284 2031 4379 (Schol.
2070 4286 2148 4361 in
2190 4284 2665 4387 Aristophan.
2708 4283 2935 4390 Vesp.
2984 4289 3197 4381 106.)

1946 4449 2124 4526 751.

851 4570 1157 4649 Judiccs
1195 4574 1274 4651 in
1314 4574 1591 4652 tabella
1629 4575 1783 4651 sive
1839 4576 2119 4675 pagina
2174 4587 2460 4671 cerata,
2522 4576 2701 4651 dum
2740 4577 3131 4675 quomdam
3168 4578 3247 4651 in
3288 4604 3437 4654 ae·

638 4697 1140 4773 stimationem
1177 4700 1719 4793 condemnant,
1780 4701 2065 4777 faciant
2120 4702 2425 4799 longam
2475 4702 2787 4796 lineam,
2849 4701 3027 4777 dum
3064 4728 3243 4777 vero
3282 4705 3439 4781 ab·

639 4824 942 4899 solvunt
959 4882 980 4919 ,
1017 4823 1347 4901 brevem.

1932 4934 2110 5011 752.

843 5050 986 5131 Ἐν
1023 5053 1118 5153 τῇ
1154 5053 1384 5150 φάσει
1421 5052 1511 5131 τὸ
1551 5060 1877 5153 τιμηθέν
1912 5061 2257 5162 γίγνεται
2319 5056 2475 5133 τῶν
2512 5054 3105 5156 ἀδικουμένων,
3164 5060 3238 5132 εἰ
3270 5067 3437 5137 καὶ

639 5172 868 5269 ἄλλος
907 5173 1098 5282 ὑπὲρ
1137 5176 1402 5255 αὐτῶν
1439 5177 1767 5277 φήνειεν.
2426 5186 2737 5279 (Pollux
2777 5185 2984 5278 VIII,
3024 5185 3195 5278 48.)
