3725 5850
706 431 859 507 336
1799 458 1924 509 ms
1959 450 2377 509 rnamenta.

1880 750 2297 851 Τμῆμας’.

1563 900 1863 999 Περὶ
1957 892 2604 973 ἀποικιῶν.

1921 1058 2231 1073 mmm

1887 1150 2136 1228 Sentio
2195 1151 2264 1227 6.

1666 1298 1815 1373 De
1908 1293 2480 1371 coloniis,

1957 1472 2182 1549 1302.

913 1617 1007 1691 Οἱ
1058 1608 1378 1691 ἄποικοι
1435 1610 1594 1690 οὐκ
1649 1619 1771 1691 ἐπὶ
1817 1612 1928 1715 τῷ
1970 1611 2239 1690 δοῦλοι
2277 1609 2446 1690 ἀλλ’
2484 1616 2606 1689 ἐπὶ
2642 1610 2752 1713 τῷ
2791 1603 3056 1709 ὅμοιοι
3093 1620 3249 1697 τοῖς
3283 1614 3450 1687 λει-

699 1746 1052 1839 πομένοις
1088 1736 1286 1817 εἶναι
1323 1745 1857 1840 ἐκπέμπονται.
2479 1738 2936 1843 (Thucydid.
2976 1741 3034 1833 I,
3077 1739 3240 1831 34.)

1956 1866 2183 1943 1302.

909 2008 1177 2088 Coloni
1231 2035 1383 2088 non
1438 2010 1874 2086 emittuntur
1928 2033 2018 2086 ea
2071 2008 2538 2103 conditione,
2598 2019 2681 2084 ut
2717 2008 2867 2085 sint
2903 2009 3099 2085 servi
3122 2066 3142 2105 ,
3196 2006 3322 2085 sed
3365 2018 3450 2083 ut

696 2162 862 2214 eum
898 2135 1027 2232 iis,
1086 2136 1209 2238 qui
1250 2135 1448 2211 domi
1484 2136 2005 2235 relinquuntur
2041 2134 2330 2237 aequali
2357 2136 2528 2237 jure
2565 2133 2968 2233 gaudeant.

1968 2302 2196 2378 1303.

906 2438 1047 2532 Μὴ
1108 2447 1568 2542 παραμελεῖν
1623 2439 1776 2518 τῶν
1832 2440 2206 2518 οἰκιστῶν
2259 2439 2441 2531 τούς
2477 2438 2903 2533 ἀποίκους,
2959 2448 3045 2518 ἐν
3083 2438 3162 2515 δὲ
3202 2468 3441 2530 πανη-

696 2563 952 2671 γύρεσι
1010 2576 1170 2655 ταῖς
1224 2578 1529 2655 κοιναῖς
1587 2564 1886 2643 διδόναι
1943 2574 2120 2671 γέρα
2176 2564 2270 2643 τοὶ
2328 2566 2796 2667 νομιζόμενα
2853 2572 2990 2641 καὶ
3029 2563 3252 2666 ἀνδρὶ
3289 2562 3440 2640 τῶν

696 2692 1065 2767 οἰκιστῶν
1100 2690 1778 2795 προκατάρχεσθαι
1815 2690 1972 2769 τῶν
2007 2691 2246 2792 ἱερῶν.
2465 2695 2924 2796 (Thucydid.
2964 2696 3023 2792 Ῑ,
3063 2696 3234 2787 25.)

1963 2856 2192 2934 1303.

907 2999 1172 3078 Coloni
1211 3024 1305 3076 ne
1342 2999 1758 3104 despiciant
1815 3028 1987 3078 suos
2045 3001 2464 3079 conditores
2486 3059 2506 3098 ,
2561 3001 2693 3078 sed
2729 3002 2807 3077 in
2845 2999 3167 3102 publicis
3205 2999 3432 3077 solen-

692 3126 1049 3203 nitatibus
1088 3136 1481 3204 eonsvetos
1520 3127 1842 3206 honores
1882 3128 2064 3232 ipsis
2100 3129 2466 3222 tribuant,
2521 3138 2597 3204 et
2629 3127 2708 3203 in
2745 3126 3163 3223 sacrifieiis,
3219 3149 3432 3228 quum

694 3253 981 3328 viscera
1016 3250 1504 3350 distribuant,
1562 3279 1609 3330 a
1643 3252 1804 3330 viro
1840 3255 2096 3330 matris
2135 3254 2454 3330 civitatis
2491 3254 2990 3356 auspicentur.

1965 3414 2193 3490 1304.

894 3546 1039 3626 Ἐν
1073 3561 1230 3640 τοῖς
1268 3555 1866 3643 Παναθηναίοις
1903 3551 2137 3629 πᾶσαι
2175 3555 2256 3629 αἱ
2308 3545 2467 3630 rino*
2524 3551 2681 3629 τῶν
2725 3548 3178 3644 Ἀθηναίων
3213 3546 3427 3628 ἀποι-

692 3682 1081 3754 κισθεῖσαι
1118 3675 1371 3766 πόλεις
1403 3677 1615 3778 βοῦν
1650 3675 2187 3777 τυθησόμενον
2222 3684 2618 3777 πέμπουσι.

1747 3805 2030 3900 (Schol.
2067 3808 2146 3883 in
2183 3805 2658 3911 Aristophan.
2696 3807 2976 3884 Nubes.
3016 3805 3234 3899 386.)

1964 3968 2193 4046 1304.

904 4091 1023 4171 Ad
1069 4095 1265 4172 festa
1308 4095 1836 4175 Panathenaea
1891 4121 2148 4175 omnes
2187 4098 2282 4173 ab
2321 4095 2904 4178 Atheniensibus
2941 4095 3280 4173 conditae
3314 4117 3418 4170 eo·

690 4219 1058 4296 loniarum
1094 4220 1313 4298 urbes
1350 4221 1625 4299 bovem
1662 4223 2139 4300 mactandum
2173 4224 2492 4300 mittunt.
