3725 5850
635 426 742 504 36
1723 449 1848 502 1th
1888 442 2215 502 Pmlmcn
2226 445 2313 502 Μ.

1944 641 2123 720 140.

845 791 943 860 M
945 783 988 876 ἡ
1027 782 1494 864 ἀπελαύνειν
1549 782 1706 861 ἀπὸ
1761 782 1907 860 τοῦ
1964 779 2305 884 βήματος
2361 781 2440 859 εἴ
2483 813 2596 870 τις
2647 781 2753 874 ur)
2806 779 3223 887 προγόνων
3252 785 3426 858 ἐστι

629 907 787 986 τῶν
832 909 1407 1010 ἐστρατηκότων
1427 969 1450 1003 ,
1509 908 1698 989 ούδέ
1731 939 1815 1016 γε
1855 913 1931 986 εἰ
1962 913 2242 1006 τέχνην
2292 906 2471 988 τινά
2520 906 2916 1014 ἐργάζεται
2974 905 3431 1006 ἐπικουρῶν

630 1032 726 1134 τῇ
761 1029 1160 1142 ἀναγκαίᾳ
1198 1035 1470 1138 τροφῇ.
1946 1035 2342 1134 (Aeschin.
2378 1063 2442 1116 c.
2481 1035 2855 1115 'l'imaroh-
2896 1031 2967 1140 ᾗ.
3006 1035 3197 1129 27..)

1938 1199 2117 1276 140.

843 1344 1246 1422 Neminem
1280 1346 1503 1426 liceat
1540 1371 1588 1423 a
1621 1322 1983 1448 suggestu
2018 1341 2383 1448 repellere
2406 1399 2425 1438 ,
2482 1342 2610 1442 qui
2666 1342 2829 1420 viro
2860 1341 3241 1445 praetorio
3276 1365 3416 1420 na-

633 1468 770 1541 tus'
789 1491 943 1544 non
981 1463 1131 1564 est,
1193 1480 1321 1547 aut
1373 1469 1498 1572 qui
1555 1481 1794 1554 artem
1827 1467 2158 1570 aliquam
2196 1477 2493 1548 exercet
2526 1467 2771 1547 victus
2806 1467 3123 1570 parandi
3160 1491 3413 1546 causa.

1937 1629 2113 1706 141.

841 1765 1036 1846 Ἐάν
1078 1797 1189 1856 τις
1225 1775 1408 1874 λέγῃ
1448 1775 1536 1848 ἐν
1571 1767 1682 1872 τῷ
1723 1767 1939 1872 δήμῳ
1974 1766 2122 1848 τὸν
2168 1773 2451 1868 πατέρα
2484 1767 2797 1846 τύπτων
2846 1761 2896 1860 ἢ
2928 1765 3070 1860 τὴν
3095 1773 3414 1868 μητέρα,

637 1887 818 1992 ἢμή
857 1899 1158 1994 τρέφων
1176 1951 1198 1985 ,
1257 1889 1308 1988 ἢ
1348 1892 1460 1994 μὴ
1520 1900 1876 1996 παρέχων
1931 1895 2243 1986 οἴκησιν
2261 1949 2287 1985 ,
2341 1892 2599 1996 τούτῳ
2644 1889 2756 1998 μὴ
2816 1898 3083 1986 ἐξέστω
3118 1898 3371 2000 λέγειν
3392 1917 3415 1936 ·

637 2015 1038 2119 δεύτερον,
1113 2023 1188 2096 εἰ
1238 2017 1374 2108 τὰς
1430 2023 1820 2122 στρατείας
1878 2015 1988 2120 μή
2052 2024 2677 2122 ἐστρατευμένος,
2760 2011 2937 2094 ὅσαι
3012 2047 3118 2096 αν
3190 2014 3417 2124 αὐτῷ

637 2143 1238 2244 προσταχθωσιν
1257 2203 1280 2237 ,
1340 2177 1382 2236 η
1438 2141 1580 2237 τήν
1635 2142 1925 2221 ἀσπίδα
1982 2140 2575 2246 ἀποβεβληκώς·
2625 2147 2935 2242 τρίτον,
2994 2147 3068 2220 εἰ
3120 2173 3412 2248 moq-

635 2275 997 2370 νευμένος
1036 2264 1084 2362 ἢ
1120 2263 1581 2370 ἦταιρηκως·
1635 2276 2043 2370 τέταρτον,
2098 2273 2175 2346 εἰ
2204 2266 2301 2346 τά
2352 2266 2670 2370 πατρῷα
2722 2267 3303 2362 κατεδηδοκως,
3366 2302 3411 2362 η

636 2424 746 2471 ων
783 2423 886 2471 αν
917 2393 1402 2496 κληρονόμος
1448 2403 1778 2500 γένηται.
1861 2394 2209 2482 Τούτους
2244 2399 2611 2499 ἐξείργειν
2649 2391 2806 2471 ἀπὸ
2843 2393 2987 2472 τοῦ
3024 2392 3413 2496 βήματος,

633 2516 958 2607 τούτους
985 2518 1094 2618 μή
1137 2519 1612 2624 δημηγορεῖν.

1458 2649 1845 2745 (Aeschin.
1886 2676 1957 2740 c„
1984 2649 2358 2738 Tlimarch.
2400 2645 2468 2750 ξ.
2508 2649 2633 2726 28.
2672 2649 2798 2726 29.
2838 2650 2963 2728 30.
3004 2651 3197 2744 32.).

1941 2809 2114 2885 141.

851 2954 931 3033 Si
979 2954 1144 3057 quis
1205 2954 1503 3059 publice
1563 2957 1797 3033 verba
1853 2954 2101 3032 facere
2158 2955 2340 3032 velit
2358 3010 2377 3047 ‚
2438 2956 2564 3055 qui
2602 2942 2894 3059 patrem
2932 2966 3062 3033 aut
3096 2966 3415 3035 matrem

635 3080 1020 3177 verberat,
1077 3092 1206 3159 aut
1241 3106 1394 3159 non
1432 3080 1598 3175 alit,
1656 3092 1786 3158 aut
1847 3082 1955 3157 eis
2012 3078 2315 3159 domum
2368 3106 2523 3159 non
2559 3080 2917 3185 praebet;
2972 3080 3087 3159 his
3126 3106 3281 3161 non
3316 3084 3415 3159 sit

633 3207 919 3283 licitum
955 3208 1188 3285 verba
1224 3207 1492 3285 facere.
1569 3204 1955 3302 Secundo,
2015 3206 2076 3283 si
2133 3206 2298 3306 quis
2354 3205 2756 3310 imperatas
2803 3206 2947 3285 sibi
3005 3206 3413 3313 expeditio-

635 3360 772 3411 nes
809 3357 962 3409 non
998 3331 1309 3429 obierit,
1367 3342 1496 3409 aut
1551 3331 1906 3435 clypeum
1961 3330 2339 3409 abiecerit.
2414 3332 2709 3427 Tertio,
2770 3333 2831 3409 si
2870 3333 3037 3433 quis
3074 3334 3411 3413 meretri-

636 3460 830 3543 cium
887 3470 1278 3559 quaestum
1336 3460 1640 3555 fecerit,
1697 3469 1828 3535 aut
1896 3456 2330 3558 pudicitiam
2387 3458 2872 3560 prostituerit.
2964 3458 3291 3557 Quam,
3350 3462 3413 3539 si

633 3584 798 3684 quis
854 3583 1381 3685 patrimonium
1433 3594 1563 3661 aut
1618 3582 2121 3661 haereditaria
2176 3582 2371 3659 bona
2428 3609 2564 3685 per
2627 3561 2886 3663 luxum
2941 3583 3429 3695 absumserit5

635 3708 735 3786 Hi
774 3735 820 3785 a
855 3722 1213 3813 suggestu
1251 3710 1752 3811 repellantur3
1807 3709 1883 3785 hi
1923 3710 2407 3788 concionibus
2445 3708 3006 3789 interdicantur.

1939 3870 2115 3953 142.

859 4008 1024 4089 Τόν
1061 4007 1334 4111 ῥήτορα
1385 4006 1532 4101 τήν
1589 4005 1792 4109 παρά
1846 4008 1991 4087 τοῦ
2054 4007 2301 4109 δήμου
2361 4012 2621 4087 πίστιν
2678 4006 3055 4103 ἀξιοῦντα
3100 4010 3411 4116 λαμβά-

637 4167 804 4215 νειν
821 4192 845 4227 ,
903 4134 1532 4215 παιδοποιεῖσθαι
1582 4130 1790 4213 κατά
1847 4133 2037 4222 τούς
2090 4134 2379 4235 νόμους
2399 4192 2421 4226 ,
2478 4134 2629 4240 γῆν
2682 4135 2899 4225 ἐντὸς
2950 4134 3163 4239 ὅρων
3214 4171 3415 4221 m·-

633 4262 918 4363 τῆσθαι
939 4320 962 4354 ,
1037 4263 1280 4349 πάσας
1349 4259 1484 4348 τάς
1557 4260 1867 4347 δικαίας
1942 4265 2227 4347 πίστεις
2298 4269 3047 4363 παρακαταθέμενον
3066 4324 3089 4355 ,
3168 4260 3426 4353 οὕτως,

639 4384 921 4481 ἀξιοῦν
959 4388 1415 4491 προεστάναι
1453 4389 1596 4467 τοῦ
1640 4384 1911 4487 δῆμον.

2016 4498 2439 4595 (Dimarch.
2478 4527 2539 4579 c.
2577 4495 2961 4581 Demosth.
3002 4502 3197 4598 710.

1942 4662 2119 4741 142.

853 4804 1160 4899 Orator,
1219 4777 1281 4879 si
1320 4803 1544 4882 fidem
1581 4830 1626 4881 a
1663 4804 1941 4907 populo
1981 4804 2242 4881 haberi
2280 4802 2422 4881 sibi
2462 4806 2679 4902 velit,
2736 4805 3017 4885 liberos
3055 4808 3414 4913 suscipiat

623 4930 844 5032 juxta
883 4920 1445 5033 'praescriptum
1498 4928 1752 5030 leg-um
1774 4988 1792 5025 ‚
1870 4928 2191 5007 fundum
2248 4929 2446 5007 intra
2510 4931 2783 5011 limites
2843 4933 3260 5035 possideat,
3338 4946 3414 5010 et

635 5055 976 5134 omnibus
1018 5058 1272 5155 aequis
1309 5055 1751 5159 pignoribus
1787 5055 2181 5157 depositis,
2242 5058 2347 5133 sic
2395 5055 2697 5135 demum
2738 5085 3085 5161 praeesse
3124 5061 3409 5162 populo

633 5181 990 5260 instituat.
