3725 5850
653 411 810 494 ΜΘ
1455 439 2074 492 commun-ramus
2112 441 2219 492 An
2258 436 2423 493 nso.
2466 437 2625 494 uss.

1815 643 1970 728 Ad
2004 648 2271 730 1180.

865 810 1089 913 Apud
1126 810 1758 888 Lacedaemonios
1796 811 2240 913 permissum
2280 823 2438 887 erat
2470 834 2722 887 amare
2746 832 3017 911 pueros
3053 807 3434 910 praeclara

649 933 896 1012 indole
936 935 1344 1039 praeditos:
1402 935 1533 1013 sed
1573 948 1789 1037 turpe
1826 935 2351 1035 judicabatur,
2413 937 2473 1011 si
2513 936 2675 1035 quis
2716 935 2812 1009 ab
2854 935 3105 1010 animo
3146 931 3239 1008 ad
3278 958 3431 1008 cor-

647 1087 790 1162 pus
846 1087 1177 1140 amorem
1235 1060 1712 1138 transferret:
1769 1071 1842 1136 et
1880 1062 2005 1162 qui
2043 1062 2397 1160 polluisse
2457 1061 2783 1160 aliquem
2842 1058 3275 1136 crederetur
3298 1117 3316 1152 ,
3375 1058 3434 1132 is

645 1186 950 1264 infamis
1009 1215 1143 1288 per
1201 1216 1497 1267 omnem
1557 1190 1786 1264 vitam
1833 1186 2267 1266 habebatur.
2328 1189 2551 1284 (Plu
2577 1200 2671 1264 ta
2690 1217 2725 1264 r
2746 1214 2786 1264 c
2807 1189 2879 1266 h.
2936 1191 2974 1266 Ι
3000 1217 3051 1266 n
3070 1215 3107 1264 s
3128 1190 3254 1264 tit
3276 1199 3433 1262 uta

648 1309 712 1385 L
732 1339 779 1388 a
797 1339 838 1388 c
859 1341 903 1388 o
929 1341 980 1390 n
1002 1316 1024 1392 i
1044 1342 1084 1392 c
1103 1343 1148 1392 a
1187 1317 1308 1410 ⁷.)

1803 1435 1957 1520 Ad
2000 1437 2268 1519 1183.

861 1601 1367 1704 Theophrasti
1423 1613 1666 1678 aetate
1725 1629 1881 1678 non
1934 1602 2258 1706 amplius
2314 1601 2616 1700 vigebat
2674 1603 2861 1680 haec
2916 1600 3217 1680 Solonis
3276 1599 3428 1695 lex,

646 1725 770 1804 ille
810 1728 1008 1804 enim
1065 1729 1322 1804 scribit
1377 1727 1472 1804 de
1529 1727 1841 1826 loquace
1900 1729 2249 1820 (Notatio
2286 1753 2575 1804 morum
2613 1724 2867 1819 VII.):
2923 1727 3137 1803 ludos
3175 1752 3268 1801 ac
3306 1751 3427 1826 pa-

647 1853 956 1930 laestras
1015 1851 1429 1952 ingressus,
1501 1863 1586 1928 ut
1643 1877 1736 1928 ne
1794 1864 2087 1928 tantum
2144 1852 2356 1954 pueri
2412 1851 2797 1928 addiscant
2852 1852 3147 1928 efficere
3203 1850 3427 1943 solet,

650 1979 881 2055 verba
917 1979 1204 2066 interea
1239 2003 1412 2054 cum
1457 2001 1856 2078 corporum
1918 1979 2539 2056 exercitatoribus
2579 1990 2654 2053 et
2691 1977 3224 2076 ludimagistris
3264 1977 3425 2050 fun-

649 2103 918 2182 ditans.

865 2231 1224 2307 Nonnulli
1279 2241 1549 2331 putant
1612 2229 1815 2330 apud
1878 2228 2373 2307 Athenienses
2448 2229 2671 2304 etiam
2742 2226 3071 2304 coelibes
3128 2226 3431 2328 punitos

649 2354 876 2431 fuisse
911 2355 1340 2434 introducta
1375 2365 1638 2430 contra
1693 2381 1823 2430 eos
1872 2353 2451 2430 coelibatus
2508 2355 2913 2428 actione
2970 2343 3424 2454 (ἀγαμίου).

649 2477 924 2554 Scribit
959 2480 1158 2554 enim
1199 2479 1639 2556 Plutarchus
1687 2479 1822 2570 (de
1863 2505 2091 2554 amor.
2134 2479 2323 2579 prol.
2382 2503 2543 2579 cap.
2586 2480 2699 2553 2.:
2758 2471 2851 2549 τοὶ
2898 2475 3053 2566 ζῶα
3094 2535 3108 2550 .
3154 2537 3171 2555 .
3217 2539 3233 2553 .
3277 2469 3431 2550 οὐκ

649 2596 1008 2698 ἀναμένει
1061 2598 1350 2698 νόμους
1406 2599 1719 2705 ἀγάμου
1775 2607 1913 2676 καὶ
1972 2597 2417 2705 ὀψιγάμου,
2498 2599 2863 2699 καθάπερ
2920 2604 2994 2675 οἱ
3056 2599 3430 2698 Λυκούρ-

649 2753 796 2829 γου
835 2731 1135 2816 πολῖται
1175 2733 1314 2804 καὶ
1354 2725 1743 2814 Σόλωνος.
1811 2731 2085 2822 (Bruta
2127 2789 2143 2806 .
2188 2788 2203 2805 .
2252 2788 2267 2803 .
2316 2758 2470 2807 non
2528 2744 2933 2832 expectant
2987 2731 3199 2830 leges
3256 2755 3428 2804 con-

647 2865 764 2930 tra
818 2855 1264 2932 coelibatum
1323 2867 1451 2934 aut
1505 2858 1739 2933 serius
1797 2855 2395 2951 matrimonium,
2464 2866 2548 2932 ut
2606 2857 2938 2957 Lycurgi
3004 2867 3081 2931 et
3136 2853 3428 2933 Solonis

645 2980 916 3073 cives.)

859 3124 998 3203 His
1035 3136 1284 3201 tamen
1321 3124 1760 3202 contradicit
1797 3126 2005 3200 locus
2048 3122 2354 3201 Stobaei
2406 3130 2665 3219 (serm.
2711 3126 2835 3220 68,
2876 3126 3063 3218 33J:
3122 3120 3425 3221 Σόλων,

647 3242 1318 3348 συμβουλεύοντος
1375 3244 1582 3334 τινὸς
1639 3243 1854 3344 αὐτῷ
1915 3242 2116 3320 κατὰ
2177 3247 2335 3321 τῶν
2383 3244 2489 3345 μὴ
2534 3246 3005 3352 γαμούντων
3042 3254 3430 3348 ἐπιτίμιον

647 3372 910 3465 τάξαι,
940 3370 1337 3470 χαλεπὸν,
1379 3372 1629 3462 εἶπεν,
1671 3365 1730 3446 ὦ
1770 3364 2141 3471 ἄνθρωπε
2163 3429 2183 3462 ,
2234 3378 2563 3473 φορτίον
2604 3367 2645 3466 ἦ
2688 3373 2903 3478 γυνή.
2963 3379 3255 3473 (Quum
3292 3376 3427 3453 So-

647 3502 799 3578 loni
841 3502 1228 3579 consilium
1265 3501 1590 3579 dedisset
1628 3500 1932 3601 aliquis,
1990 3514 2073 3576 ut
2128 3502 2485 3580 adversus
2546 3505 2874 3582 coelibes
2921 3526 3244 3605 poenam
3283 3514 3423 3579 sta·

647 3639 928 3722 tueret,
988 3626 1411 3731 respondit:
1467 3653 1699 3725 grave
1739 3651 1927 3702 onus
1966 3640 2079 3704 est
2115 3628 2445 3720 mulier.)

867 3768 1082 3872 Apud
1122 3769 1761 3847 Lacedaemonios
1799 3770 2175 3867 virginum
2212 3771 2684 3873 spectacula,
2744 3770 3229 3867 nudationes,
3272 3796 3424 3848 cer-

647 3896 1076 3997 taminaque
1115 3897 1194 3971 in
1233 3906 1641 3997 conspectu
1665 3896 2036 3996 juvenum
2076 3894 2314 3989 edita,
2365 3922 2492 3973 eos
2530 3896 2623 3972 ad
2664 3898 3134 3973 matrimonia
3168 3896 3422 3972 stimu-

647 4018 925 4099 labant.
984 4022 1082 4097 Et
1120 4022 1516 4123 Lycurgus
1552 4044 1875 4121 poenam
1917 4021 2300 4096 constituit
2334 4021 2462 4117 iis,
2514 4022 2639 4123 qui
2680 4048 2947 4099 uxores
2986 4022 3255 4099 ducere
3294 4048 3423 4097 no-

649 4144 979 4223 luissent.
1053 4142 1525 4223 Arcebantur
1582 4170 1853 4246 nempe
1914 4171 1959 4219 a
2013 4147 2441 4247 spectandis
2490 4172 2679 4247 quae
2719 4148 2795 4223 in
2836 4146 3427 4248 Gymnopaediis

651 4282 977 4371 aguntur
1013 4271 1580 4363 certaminibus,
1638 4282 1712 4346 et
1767 4270 2009 4346 hieme
2058 4270 2523 4373 jubebantur
2559 4298 2606 4348 a
2643 4272 3201 4371 magistratibus
3242 4271 3423 4349 nudi

647 4398 727 4471 in
765 4397 1022 4474 orbem
1063 4396 1446 4472 circumire
1487 4396 1751 4489 forum,
1791 4408 2016 4496 atque
2052 4396 2249 4472 inter
2287 4398 2889 4475 circumeundum
2927 4408 3229 4475 cantare
3270 4424 3425 4475 car-

651 4549 822 4599 men
861 4521 1239 4621 quoddam
1277 4524 1349 4599 in
1391 4548 1469 4599 se
1511 4522 2047 4624 compositum,
2108 4549 2256 4625 quo
2313 4524 2747 4603 indicabant
2800 4526 3065 4601 merito
3120 4550 3201 4603 se
3243 4525 3426 4601 haec

651 4648 846 4750 pati,
886 4647 1084 4747 quod
1118 4648 1413 4751 legibus
1450 4648 1966 4748 obtemperare
2008 4647 2313 4724 nollent.
2372 4650 2871 4728 Privabantur
2908 4651 3129 4725 etiam
3168 4676 3258 4725 eo
3296 4649 3424 4725 ho-

649 4798 852 4869 nore,
876 4798 1096 4875 quem
1123 4775 1461 4875 juniores
1481 4774 1783 4850 senibus
1807 4774 2184 4852 exhibent.
2222 4774 2757 4868 (Plutarch.
2800 4776 2863 4852 L
2880 4800 3063 4878 ycu
3088 4801 3216 4873 rg.
3264 4776 3422 4864 15.)

867 4916 934 4996 Α
954 4930 985 4994 t
1001 4916 1052 4993 h
1072 4940 1112 4994 e
1134 4944 1184 4994 n
1205 4943 1252 4993 a
1269 4943 1308 4993 e
1326 4944 1374 4993 u
1397 4943 1432 4993 s
1469 4918 1682 5013 XIII,
1706 4920 1860 4993 556
1883 4946 1901 4994 ε
1940 4916 2501 4995 Lacedaemone
2540 4916 2753 4995 festis
2792 4916 3240 5017 quibusdam
3268 4916 3417 4995 die-

649 5041 792 5118 bus
831 5044 1034 5120 viros
1072 5044 1398 5119 coelibes
1437 5056 1714 5144 nuptae
1760 5044 2110 5119 mulieres
2166 5044 2363 5119 circa
2398 5044 2631 5121 altare
2669 5044 3053 5121 trahentes
3088 5043 3418 5145 colaphis

651 5168 1008 5266 caedunt3
1065 5195 1212 5268 quo
1249 5166 1396 5261 illi,
1446 5167 1965 5266 indignitatem
2000 5167 2159 5268 ejus
2198 5168 2694 5247 contumeliae
2730 5168 3148 5269 fugientes,
3206 5181 3413 5245 natu-
