3725 5850
587 439 742 522 312
1681 465 1808 521 ms
1845 465 2269 526 eumaeum.

1867 662 2093 740 1224.

793 803 1070 881 Hostes
1109 802 1482 880 cadavera
1521 804 1923 905 repetitum
1972 807 2295 882 mittunt.

1853 967 2079 1043 1225.

795 1104 1124 1194 Πάντως
1163 1101 1383 1183 ὅσιον
1422 1103 1853 1208 ἀνθρώπου
1894 1103 2181 1208 νεκρὸν
2216 1106 2317 1212 γῇ
2353 1103 2679 1210 κρύψαι.

2357 1236 2716 1328 (Pausan.
2757 1235 2816 1332 Ι,
2861 1235 2984 1331 32,
3029 1238 3140 1326 5.)

1852 1343 2080 1419 1225.

793 1487 1108 1589 Semper
1146 1489 1354 1590 pium
1393 1497 1507 1564 est
1544 1485 1865 1564 hominis
1906 1487 2228 1562 cadaver
2266 1497 2505 1564 terrae
2546 1487 2927 1565 mandare.

1853 1649 2081 1724 1226.

796 1787 1031 1889 Παροὶ
1075 1787 1257 1864 πᾶσι
1295 1800 1454 1876 τοῖς
1497 1784 1808 1880 ’Ἐλλησι
1860 1785 2130 1875 κοινὸς
2192 1785 2427 1889 νόμος
2466 1793 2674 1865 ἐστὶν
2711 1785 3061 1886 ἀτάφους
3099 1793 3359 1889 ῥίπτε-

578 1921 764 1992 σθαι
805 1913 990 2002 τούς
1027 1913 1493 2015 ἱεροσύλους.
2071 1918 2411 2012 (Diodor.
2451 1917 2676 1995 Sicul.
2719 1917 2928 2013 XVI,
2972 1920 3136 2011 25.)

1850 2082 2079 2157 1226.

791 2224 1017 2328 Apud
1054 2223 1441 2338 universos
1481 2223 1810 2300 Graecos
1851 2223 2229 2301 communi
2266 2222 2433 2322 lege
2472 2227 2837 2301 sancitum
2874 2225 3211 2322 habetur,
3272 2235 3361 2300 ut

576 2350 916 2447 sacrilegi
954 2350 1406 2449 abjiciantur
1440 2348 1818 2449 insepulti.

1859 2494 2083 2569 1227.

781 2631 923 2709 Ἐν
963 2643 1124 2721 ταῖς
1159 2631 1362 2709 κατὰ
1403 2630 1741 2734 πόλεμον
1782 2637 2041 2720 νίκαις
2069 2631 2177 2732 μή
2221 2630 2345 2708 διὰ
2384 2637 2672 2723 λίθων,
2734 2631 2860 2708 διὰ
2903 2631 2981 2708 δὲ
3020 2633 3176 2709 τῶν
3212 2663 3356 2708 τυ-

565 2759 879 2857 χόντων
915 2758 1170 2850 ξύλων
1209 2757 1510 2836 ἱστάναι
1561 2758 1654 2833 τά
1715 2758 2085 2859 τρόπαια,
2147 2755 2347 2848 ὅπως
2404 2755 2681 2863 ὀλίγον
2727 2759 3031 2861 χρόνον
3086 2757 3357 2859 διαμέ-

575 2916 815 2965 νοντα
849 2890 1135 2982 ταχέως
1174 2882 1636 2981 ἀφανίζηται
1677 2883 1770 2959 τοὶ
1811 2882 1941 2976 τῆς
1981 2887 2272 2984 ἔχθρας
2309 2876 2845 2987 ὑπομνήματα.

834 3005 840 3011 ’
2057 3015 2401 3109 (Diodor.
2442 3014 2667 3094 Sicul.
2714 3018 2923 3112 XIII,
2966 3018 3131 3110 24.)

1851 3159 2081 3235 1227.

789 3288 880 3366 In
915 3286 1282 3363 bellorum
1321 3286 1649 3364 victoriis
1690 3312 1843 3361 non
1884 3312 1922 3361 e
1962 3287 2201 3381 saxiS,
2260 3286 2392 3362 sed
2450 3286 2883 3383 vulgaribus
2936 3286 3159 3384 lignis
3198 3296 3353 3363 tro·

575 3436 768 3514 paea
803 3422 977 3487 sunt
1013 3410 1446 3504 statuenda,
1485 3422 1604 3505 ut,
1647 3411 1760 3485 his
1799 3409 1895 3485 ad
1934 3411 2287 3507 exiguum
2322 3422 2617 3511 tempus
2657 3409 3137 3506 durantibus,
3178 3412 3355 3488 bre-

575 3539 646 3611 vi
684 3536 1226 3615 inimicitiarum
1267 3561 1557 3636 quoque
1597 3547 2075 3611 monumenta
2114 3536 2561 3612 exolescant.

1854 3697 2083 3772 1228.

794 3816 992 3897 Οὐδὲ
1036 3823 1107 3895 οἱ
1147 3824 1466 3897 λίθινον
1521 3825 1658 3894 καὶ
1707 3820 2080 3916 χαλκοῦν
2137 3821 2537 3910 στήσαντες
2592 3816 2967 3921 τρόπαιον
3022 3816 3351 3898 εὐδοκι-

567 3944 834 4046 μοῦσι.
991 4032 996 4039 ‚
1953 3948 2368 4043 (Plutarch.
2412 3962 2694 4049 quaest.
2740 3978 2917 4026 rom.
2962 3951 3129 4045 37.)

1855 4117 2080 4193 1228.

789 4239 1052 4342 Neque
1091 4240 1386 4318 laudem
1427 4240 1979 4345 adipiscuntur,
2038 4246 2162 4344 qui
2220 4243 2517 4346 lapidea
2570 4257 2699 4323 aut
2750 4271 2972 4323 aerea
3008 4254 3357 4321 statuunt

575 4376 902 4467 tropaea.

1841 4474 2070 4553 1229.

792 4592 1008 4671 Κατὰ
1071 4594 1318 4696 νόμον
1371 4592 1545 4673 τινὰ
1606 4604 1744 4673 καὶ
1805 4598 2231 4689 συνήθειαν
2270 4596 2647 4676 δοκοῦσιν
2686 4604 2759 4676 οἱ
2800 4601 3099 4701 νεκρῶν
3135 4594 3346 4677 ὕπο-

575 4718 934 4799 σπόνδων
987 4721 1351 4821 λαβόντες
1411 4721 1805 4825 ἀναίρεσιν
1861 4720 2375 4829 ἀπολέγεσθαι
2434 4722 2577 4817 τήν
2635 4730 2907 4819 νίκην,
2966 4731 3102 4801 καί
3160 4725 3350 4832 τρό-

579 4875 809 4922 παιον
846 4845 1145 4923 ἱστάναι
1183 4845 1365 4936 τούς
1401 4848 1694 4925 τοῦτου
1731 4848 2114 4944 τυχόντας
2153 4846 2310 4926 οὐκ
2349 4849 2737 4951 ἔνθεσμόν
2774 4858 2950 4933 ἐστι.

2241 4978 2656 5072 (Plutarch.
2700 4982 2974 5059 Nicias.
3017 4983 3127 5074 6.)

1839 5086 2065 5165 1229.

788 5208 990 5307 Lege
1049 5223 1123 5289 et
1177 5214 1712 5295 consvetudine
1773 5228 2157 5316 receptum
2216 5226 2365 5311 est,
2422 5226 2505 5291 ut
2552 5214 2678 5315 qui
2716 5211 3051 5294 inducias
3091 5212 3185 5293 ad
3226 5242 3343 5293 se-
