3725 5850
979 447 982 452 ·
1051 440 1152 490 nn
1191 439 1586 494 εΜΒΤιοΝΕ
1623 439 1722 492 1²:⁶1·
1753 438 2247 490 vunnu-rous.
2884 410 3037 486 385

289 630 430 735 ἄγει
467 632 586 704 ἐπὶ
626 625 770 705 τὸν
807 626 1186 727 πρατῆρα·
1230 624 1374 702 τὸν
1399 625 1474 701 δὲ
1505 625 1869 726 προσήκει
1888 625 2304 727 βεβαιοῦν,
2346 619 2509 722 ἢμῆ
2532 621 3038 722 βεβαιοῦντα,

287 750 726 833 υπεύθυνον
783 750 898 828 εἶν
901 782 978 828 αι
1037 751 1166 844 τῆς
1230 749 1903 852 βεβαιώσεως·
1982 755 2055 826 εἰ
2108 749 2183 828 δὲ
2244 743 2287 826 ὁ
2347 746 2667 855 ἀνάγων
2720 754 2840 828 ἐπι
2896 746 3041 826 τόν

287 878 596 982 πρατῆρα
641 871 997 970 ηττᾶται,
1054 877 1144 954 τὸ
1174 881 1326 977 μὲν
1364 874 1954 977 ἇμφισβητηθὲν
1993 876 2133 952 τοῦ
2194 873 2718 976 κρατήσαντος
2775 877 3039 980 γίγνε-

288 1036 429 1096 ται,
485 1037 530 1082 ο
597 1003 674 1084 δὲ
733 997 1086 1098 ἦττηθεις
1143 1000 1284 1095 τὴν
1333 999 1568 1102 τιμήν
1622 998 1824 1102 παρὰ
1879 988 2029 1078 τοῦ
2092 1005 2817 1098 συκοφαντίσαντος
2891 1032 3040 1078 κο-

281 1137 588 1234 μίζεται.
1765 1155 1774 1168 ·
2037 1134 2365 1228 (Pollux.
2409 1132 2619 1228 VIII,
2660 1132 2826 1225 34.)

1105 1289 1110 1294 ·
1537 1258 1762 1334 1497.

479 1401 624 1496 Qui
663 1401 968 1481 domum
1005 1415 1133 1482 aut
1171 1429 1433 1502 agrum
1473 1402 1686 1496 emit,
1742 1429 1968 1502 quum
2025 1401 2214 1478 alter
2251 1402 2416 1504 quis
2456 1401 3041 1480 controversiam

287 1541 554 1625 movet,
615 1529 1080 1608 venditorem
1137 1531 1218 1606 in
1267 1530 1390 1630 jus
1446 1539 1708 1625 vocat;
1763 1529 1961 1604 hunc
2016 1553 2196 1604 vero
2255 1539 2553 1630 oportet
2600 1527 3040 1607 evictionem

287 1666 648 1757 praestare
673 1712 692 1748 ‚
750 1682 900 1732 non
957 1665 1464 1758 praestantem
1523 1666 1812 1750 autem,
1872 1679 2082 1729 reum
2120 1652 2612 1754 praestandae
2654 1651 3038 1729 evictionis

284 1779 761 1882 pronunciari.
838 1778 988 1857 Sed
1045 1781 1110 1858 si
1157 1780 1264 1877 is,
1323 1781 1448 1881 qui
1489 1779 1958 1856 venditorem
1993 1779 2072 1855 in
2099 1781 2224 1880 jus
2263 1792 2524 1876 vocat,
2585 1805 2811 1857 causa
2846 1778 3033 1854 ceci-

284 1904 496 2002 derit,
553 1932 670 1982 res
707 1917 1190 1983 controversa
1227 1905 1490 1982 victori
1528 1904 1829 2005 quidem
1868 1903 2105 2001 cedit,
2148 1905 2385 1981 victus
2424 1916 2678 1982 tamen
2716 1902 3039 1982 solutum

287 2033 582 2132 pretium
619 2031 716 2107 ab
766 2057 898 2129 eo,
959 2033 1086 2132 qui
1143 2029 1590 2133 decipiendo
1646 2029 2083 2108 vendiderat
2139 2057 2297 2107 rem
2354 2031 2715 2129 alienam,
2774 2033 3037 2111 aufert.

1366 2220 1374 2228 '
1455 2247 1460 2252 ·
1544 2209 1772 2286 1498.

480 2348 1117 2454 Καί’ἆρραβῶνος
1145 2349 1406 2451 μόνου
1445 2349 1816 2438 δοθέντος
1838 2367 1883 2441 ,“
1920 2349 2080 2426 εἶτα
2138 2347 2859 2450 ἀμφισβητήσαντος
2894 2353 3041 2429 τοῦ

285 2477 763 2578 πεπρακότος,
805 2476 1176 2584 λαγχάνει
1216 2474 1359 2570 τὴν
1394 2478 1523 2572 τῆς
1577 2481 1637 2577 β
1655 2509 1688 2552 ε
1709 2481 1768 2577 β
1788 2507 1834 2550 α
1853 2507 1877 2550 ι
1904 2473 1961 2550 ὦ
1986 2501 2032 2551 ο·
2050 2507 2083 2552 ε
2105 2508 2162 2550 ω
2185 2508 2218 2563 ς
2274 2475 2322 2552 δ
2342 2480 2371 2551 ἶ
2390 2508 2446 2550 ³!
2468 2507 2576 2568 ⁷12¹
2627 2470 2670 2554 ὅ
2712 2475 2856 2554 τὸν
2894 2475 3036 2578 ἆρ-

284 2605 578 2706 ραβῶνα
621 2603 807 2694 δούς
844 2603 954 2706 τῷ
994 2600 1340 2705 λαβόντι.
1666 2605 2241 2710 (Harpocratioe
2278 2601 2821 2704 βεβαιώσεως.)

1545 2767 1770 2844 1498.

479 2913 726 2992 Etiam
782 2911 940 2990 sola
995 2913 1213 2990 arrha
1272 2911 1482 3009 data,
1542 2913 1603 2988 si
1660 2911 2005 2991 venditor
2060 2915 2641 2991 controversiam
2681 2930 3036 3014 moveret,

287 3040 652 3117 evictionis
711 3040 904 3116 actio
945 3040 1161 3116 datur
1200 3041 1266 3117 ei
1306 3039 1431 3140 qui
1471 3040 1764 3119 arrham
1804 3034 2009 3115 dedit
2045 3050 2305 3116 contra
2344 3066 2511 3117 eum
2566 3043 2688 3143 qui
2728 3044 3036 3145 accepit.

483 3343 645 3418 Τοῦ
687 3347 1114 3448 πραθέντος
1152 3344 1507 3431 οἰκέτου,
1565 3342 1644 3417 εἴ
1673 3372 1744 3417 τι
1794 3344 1951 3437 ἔχει
2002 3338 2340 3441 νόσημα,
2398 3346 2472 3417 εἰ
2512 3338 2621 3442 μὴ
2681 3348 3031 3443 προείποι

286 3460 664 3559 ὅπωλῶν,
722 3468 831 3567 τῷ
889 3465 1351 3568 ὦνησαμένῳ
1410 3470 1644 3559 ἔξεστι
1705 3466 2251 3567 διακρίνεσθαι
2310 3466 2495 3565 πρὸς
2552 3465 2694 3545 τὸν
2748 3500 3035 3569 πεπρα-

286 3591 502 3684 κότα,
561 3591 930 3693 πρότερον
966 3590 1596 3700 ἆπογραψαμένῳ
1638 3592 1822 3694 πρὸς
1859 3591 1992 3681 τὰς
2030 3590 2271 3695 ἀρχὰς
2308 3592 2451 3685 τὴν
2487 3599 2772 3676 αἰτίαν.

1673 3722 2020 3817 (Suidas:
2060 3717 2405 3823 ἐναγωγὴ
2449 3724 2821 3818 οἰκέτου.)

1531 3879 1760 3961 1499.

482 4025 559 4103 Si
613 4024 894 4105 servus
927 4028 1274 4104 venditus
1299 4022 1306 4031 ’
1332 4027 1593 4105 morbo
1661 4020 1947 4126 aliquo·
1988 4024 2316 4123 laboret,
2398 4052 2617 4130 quem
2692 4030 3037 4111 venditor

287 4182 426 4233 non
460 4158 837 4254 indicarit,
895 4160 1114 4236 liceat
1153 4158 1492 4261 emptori'
1521 4184 1688 4235 cum
1727 4156 2114 4233 venditore
2154 4158 2231 4231 in
2260 4158 2550 4257 judicio
2590 4158 3030 4261 disceptare,

286 4308 487 4359 causa
523 4285 729 4385 prius
767 4285 966 4385 apud
1008 4286 1484 4385 magistratus
1525 4285 2053 4387 perscriptum
2096 4284 2451 4385 exposita.

1540 4448 1578 4522 1
1595 4449 1770 4524 500.

483 4585 590 4664 To
632 4580 873 4674 οὕτως
911 4582 1394 4693 ἀπογράφειν
1449 4583 1877 4691 ἀνάγειν
1931 4590 2303 4676 καλεῖται,
2353 4592 2494 4662 καὶ
2533 4578 2573 4681 ἦ
2616 4582 3031 4692 ἀπογραφὴ

287 4706 328 4783 ἆ
354 4742 395 4785 ν
413 4743 520 4819 ay
541 4745 599 4787 ω
619 4743 670 4818 γ
695 4712 770 4805 ἡκ
867 4716 1164 4811 (Le-xic.
1206 4715 1512 4817 Seguer.
1553 4745 1624 4825 p.
1649 4718 1805 4793 214
1843 4746 1901 4794 s.
1943 4745 2011 4793 v,
2052 4709 2413 4817 ἀναγωγὴ
2440 4716 2821 4811 οἰκέτου.)

1543 4882 1766 4957 1500.

479 5019 800 5098 Causam
837 5023 942 5096 ita
979 5022 1258 5124 scripto
1320 5049 1694 5124 exponere
1733 5035 2063 5101 vocatur
2116 5052 2153 5103 r
2177 5053 2215 5101 e
2240 5023 2287 5099 d
2309 5024 2472 5101 hib
2496 5054 2533 5102 e
2556 5054 2593 5101 r
2620 5052 2700 5120 e,
2760 5036 2833 5100 et
2869 5025 3035 5127 ipsa

291 5146 460 5219 aetio
513 5147 1098 5231 redhibitio.
1171 5228 1176 5233 ,
1313 5196 1330 5211 -

1193 5284 1200 5293 '
2526 5276 2607 5343 25
