3725 5850
633 374 799 452 636
1238 399 1853 452 concussu-Amos
1893 396 2000 448 An
2043 387 2200 451 1⁵4⁰.
2243 391 2401 452 1⁵44.
2440 392 2600 452 154⁶.
2643 391 2802 450 15⁴⁷.

630 589 937 670 tribules
976 616 1067 668 ac
1100 591 1527 694 populares.
1581 587 2036 668 'Nonnullae
2095 599 2342 668 autem
2397 591 2792 670 societates
2837 599 3158 702 propter
3195 592 3406 670 volu-

629 725 913 816 ptatem
950 716 1363 819 comparari
1401 716 1786 810 videntur,
1844 726 1928 794 ut
1983 715 2338 822 sodalitia
2363 739 2623 796 eorum
2655 716 2784 820 qui
2821 717 2919 796 ad
2955 717 3238 799 cultum
3273 718 3408 796 ali-

629 841 843 947 cujus
877 842 1204 922 numinis
1240 869 1393 922 una
1428 841 1825 946 epulantur
1861 867 1954 920 ac
1995 841 2272 922 saltant
2300 839 2753 941 (θιασωτῶν
2768 845 2910 918 καὶ
2927 837 3418 946 ἑρανιστῶν).

1777 1069 1932 1158 Ad
1964 1074 2254 1158 1540.

844 1238 1343 1342 Harpocratio
1398 1239 1475 1314 in
1516 1239 1607 1310 11
1622 1238 1665 1310 λ
1686 1263 1870 1334 ηρω
1891 1265 1934 1310 τ
1957 1231 2074 1325 ἧς.
2133 1232 2556 1337 Πληρωτᾶς
2603 1232 2947 1314 ἐκάλουν
2981 1233 3166 1326 τούς
3203 1233 3406 1314 ἀπο-

630 1359 983 1452 διδόντας
1020 1358 1164 1438 τὸν
1202 1363 1486 1466 ἔρανον
1520 1370 1683 1449 τοῖς
1721 1352 1890 1453 ἤτοι,
1928 1359 2316 1458 λαχοῦσιν
2353 1357 2400 1455 ἢ
2435 1357 2908 1461 εῶνημένοις.
2983 1359 3168 1440 Εἶεν
3206 1359 3277 1440 δ’
3305 1355 3409 1438 ἂν

634 1477 857 1565 οὗτοι
915 1489 988 1564 οἳ
1045 1495 1218 1588 παρ’
1260 1479 1448 1586 ἡμῖν
1501 1482 1980 1586 καλούμενοι
2027 1485 2465 1588 ἐρανάρχαι.
2523 1484 2992 1588 (Πληρωτᾶς
3028 1491 3409 1570 vocabant

624 1641 752 1693 eos
786 1618 914 1718 qui
951 1642 1264 1696 eranum
1300 1613 1714 1695 reddebant
1749 1616 1838 1693 ii·
1861 1675 1880 1713 ,
1939 1615 2068 1716 qui
2125 1615 2248 1695 vel
2303 1618 2564 1696 sortito
2619 1627 2978 1720 ceperant
3032 1619 3158 1696 vel
3205 1642 3402 1694 eme-

620 1753 811 1820 rant.
866 1743 969 1820 Hi
1003 1755 1252 1822 autem
1288 1743 1564 1825 fuerint
1596 1742 1740 1838 illi,
1780 1742 1908 1843 qui
1942 1741 2165 1820 nobis
2199 1755 2377 1820 sunt
2423 1770 2520 1820 er
2539 1743 2904 1822 anarch
2925 1746 3098 1836 ae.)

837 1870 1309 1946 Eranarchae
1364 1879 1615 1948 autem
1670 1878 1889 1947 erant
1942 1869 2332 1970 praesides
2387 1868 2680 1970 collegii
2737 1868 3226 1948 eranistamm
3281 1869 3406 1948 vel

621 2018 903 2072 coenae
939 1995 1361 2073 collatitiae.
1993 2045 2000 2054 ·

836 2118 956 2198 Of.
996 2119 1281 2200 Lexica
1316 2119 1623 2220 Seguer.
1664 2149 1735 2222 p.
1776 2121 1960 2198 203.
2034 2119 2198 2200 Sal
2221 2120 2503 2198 masii
2559 2121 2934 2200 observat.
2983 2119 3078 2200 ad
3101 2121 3232 2222 jus
3271 2119 3401 2200 At-

622 2229 853 2324 ticum
890 2253 967 2322 et
998 2247 1313 2324 Roman.
1370 2273 1432 2324 c.
1472 2247 1523 2324 l.
1580 2245 1757 2348 quid
1812 2247 1911 2324 sit
1965 2246 2257 2344 ἔρανος.
2333 2249 2522 2325 Item
2579 2245 2994 2326 Heraldi
3047 2244 3404 2326 Animad-

622 2393 815 2449 vers.
854 2369 987 2466 VI,
1033 2372 1273 2470 1--8;
1330 2383 1407 2449 et
1439 2372 1517 2450 J.
1554 2372 1633 2482 J.
1673 2396 1859 2448 van
1895 2369 2230 2450 Holst:
2271 2371 2365 2449 de
2405 2372 2652 2455 eranis
2677 2376 2918 2454 mter.
2957 2372 3400 2452 Graec-im·

620 2495 878 2596 primis
915 2519 1010 2573 ex
1034 2494 1208 2599 jure
1246 2493 1517 2574 Attico.
1574 2495 1858 2595 (Lugd.
1899 2497 2062 2574 Bat.
2105 2496 2378 2590 1832.)

1784 2724 1938 2808 Ad
1968 2726 2258 2810 1544.

833 2889 902 2970 A
924 2889 1155 2969 then
1179 2916 1354 2971 aeu
1376 2917 1413 2969 s
1449 2891 1663 2987 XIII,
1704 2890 1904 2966 612:
1951 2888 2302 2970 Socrates
2340 2911 2556 2969 usum
2593 2903 3144 2991 unguentorum
3165 2950 3184 2987 ‚
3221 2915 3398 2993 qua-

616 3016 706 3093 lis
744 3017 977 3119 vulgo
1012 3016 1301 3095 obtinet
1320 3074 1339 3112 ,
1391 3015 1994 3117 improbaverat:
2051 3017 2166 3093 cui
2223 3016 2466 3095 eidem
2515 3018 2658 3095 arti
2693 3016 2931 3097 Solon
2970 3020 3140 3120 lege
3179 3042 3394 3097 cave-

622 3153 743 3221 rat
778 3168 875 3220 ne
914 3142 1030 3219 vir
1064 3142 1459 3244 quisquam
1494 3153 1899 3245 praeesset„

1768 3351 1926 3437 Ad
1955 3352 2246 3439 1540.

832 3516 953 3595 Ad
991 3517 1240 3597 Schol.
1280 3516 1577 3596 Pindar.
1638 3518 1853 3596 Nem.
1891 3519 1990 3617 X,
2031 3520 2174 3596 64:
2233 3512 2394 3593 οὐκ
2433 3518 2592 3593 ἔστι
2633 3515 2711 3595 δὲ
2749 3513 3090 3623 ἐξαγωγὴ
3129 3521 3398 3595 ἐλαίου

618 3650 696 3733 ἐξ
744 3638 1161 3734 Ἀθηνῶν,
1217 3644 1293 3719 εἰ
1314 3638 1425 3739 μὴ
1464 3651 1626 3729 τοῖς
1676 3640 1994 3733 νικῶσι,
2047 3655 2360 3725 annotat
2416 3646 2682 3723 Bookh
2743 3646 3003 3742 (Tom.
3042 3649 3100 3726 Ι.
3139 3674 3214 3748 p.
3253 3648 3396 3741 61)

618 3770 1213 3873 exportationem
1248 3770 1407 3849 olei·
1429 3798 1581 3849 non
1618 3771 1851 3849 fuisse
1888 3771 2376 3869 illimitatam‚
2425 3774 2504 3852 id
2541 3784 2658 3852 est
2691 3801 2740 3851 a
2773 3773 3166 3872 vectigalis
3203 3776 3394 3853 solu-

615 3895 816 3973 tione
852 3897 1258 3975 immunem
1278 3954 1298 3993 ,
1336 3896 1478 4027 nisi
1518 3897 1928 3977 victoribus
1965 3898 2556 4001 panathenaicis.

818 4038 948 4117 cf.
985 4039 1210 4143 Gorp.
1249 4041 1469 4117 inscr.
1504 4066 1618 4139 gr.
1660 4041 1791 4119 Nr.
1830 4042 2010 4139 355,
2069 4042 2200 4119 ubi
2256 4043 2682 4120 continetur
2724 4042 3084 4123 Hadriani
3141 4044 3394 4122 decre-

616 4175 774 4243 tum
812 4164 905 4242 de
945 4167 1460 4271 exportatione
1498 4166 1667 4244 olei.

1775 4341 1929 4425 Ad
1965 4342 2255 4427 154⁷.

830 4506 1327 4586 Plutarch.
1386 4506 1441 4585 S
1464 4508 1579 4587 ol.
1636 4509 1760 4585 24.
1854 4511 1970 4588 Ne
2015 4510 2176 4613 jam
2235 4508 2460 4587 fidem
2516 4510 2820 4587 omnino
2877 4510 3394 4611 abrogandam

618 4632 994 4735 quispiam
1028 4633 1239 4733 putet
1274 4635 1423 4713 illis
1443 4692 1461 4729 ‚
1517 4637 1645 4738 qui
1699 4635 1956 4713 dicunt
2010 4638 2283 4715 ficuum
2338 4661 2632 4739 quoque
2671 4637 3076 4737 antiquitus
3112 4639 3389 4715 auctio-

616 4782 807 4869 nem·
827 4758 1304 4860 prohibitam,
1340 4760 1663 4862 indeque
1699 4787 1735 4837 s
1752 4788 1808 4863 y
1828 4788 1873 4839 c
1891 4786 1936 4839 o
1955 4790 2008 4864 p
2026 4762 2077 4838 h
2098 4787 2145 4839 a
2161 4788 2214 4858 n
2234 4772 2268 4839 t
2284 4788 2330 4839 a
2347 4790 2383 4841 s
2419 4762 2738 4865 primum
2776 4761 3230 4858 nominatos,
3265 4765 3400 4868 quiq

618 4886 895 4961 ficuum
928 4894 1451 4987 exportatores
1487 4886 1922 4966 indicarent.

831 5026 1017 5109 Ath
1038 5054 1081 5107 e
1101 5054 1279 5109 nae
1300 5056 1405 5109 us
1436 5032 1577 5129 111,
1618 5029 1763 5108 74:
1818 5034 2013 5109 Ister
2047 5034 2124 5109 in
2164 5030 2430 5111 Atticis
2465 5034 2610 5111 ait:
2649 5034 2964 5113 vetitum
2995 5032 3224 5115 fuisse
3260 5035 3388 5118 At-

614 5154 799 5235 ticas
836 5166 1233 5257 exportare
1270 5158 1487 5253 ficus,
1526 5168 1610 5237 ut
1644 5156 1785 5235 soli
1820 5158 2222 5257 indigenae
2257 5159 2348 5237 iis
2384 5170 2899 5249 vescerenturz
2939 5186 3172 5263 quum
3206 5190 3390 5243 vero
