3725 5850
636 408 795 487 318
1726 443 1853 505 ωε
1889 439 2308 501 romeon.

1840 723 2062 815 Μέρος
2109 723 2166 793 α’
2179 775 2196 792 .

1708 846 1790 919 ’O
1834 854 1874 919 λ
1921 846 1959 916 ὑ
2008 876 2052 939 μ
2099 879 2144 921 π
2189 877 2216 918 ι
2260 878 2324 919 α.

1862 1087 2059 1152 Pars
2109 1088 2136 1151 1

1711 1212 1771 1280 Ο
1816 1210 1840 1275 l
1885 1232 1934 1299 y
1983 1234 2048 1276 m
2093 1233 2137 1301 p
2181 1234 2204 1276 1
2247 1232 2290 1278 a

1892 1394 2118 1470 1251.

834 1511 853 1537 '
869 1518 934 1591 Ο
954 1520 995 1593 λ
1019 1544 1141 1617 υμ
1163 1548 1215 1591 π
1236 1547 1261 1592 ι
1284 1512 1336 1591 α’
1356 1548 1390 1607 ς
1416 1534 1431 1555 ·
1487 1512 2050 1617 τετραετηρικὸς
2099 1510 2332 1623 ἀγών.
2801 1516 3171 1611 (Suidas.)

1901 1677 2128 1756 1251.

838 1823 1225 1932 Olympias
1262 1839 1375 1907 est
1408 1840 1815 1928 certamen,
1867 1828 2069 1933 quod
2107 1839 2370 1931 quarto
2407 1850 2703 1931 quoque
2743 1852 2941 1905 anno
2977 1824 3374 1929 peragitur.

1895 1992 2122 2067 1252.

842 2106 1003 2205 Τὴν
1037 2118 1470 2214 ἐκεχειρίαν
1498 2120 1619 2193 ἐπὶ
1658 2126 1813 2205 τοῖς
1841 2110 2297 2215 Ὀλυμπίοις
2320 2114 2914 2216 ἐπαγγέλλουσιν
2951 2112 3026 2185 οἱ
3052 2104 3370 2186 Ἠλεῖοι.

1896 2352 2098 2426 1252
2241 2241 2711 2336 (Pausanias,
2753 2238 2844 2335 V,
2889 2239 3012 2333 20,
3057 2238 3164 2331 1.)

834 2476 1181 2554 Inducias
1220 2475 1788 2580 Olympicorum
1824 2476 2164 2555 ludorum
2201 2486 2535 2576 tempore
2573 2472 3032 2575 provulgant
3069 2471 3250 2547 Elei.

1892 2638 2120 2715 1253.

842 2757 1043 2849 Totis
1070 2755 1431 2847 Ἠλείους
1468 2758 1851 2859 λαβόντας
1891 2757 2090 2861 παρὰ
2129 2759 2285 2834 τῶν
2308 2752 2700 2850 Ἑλλήνων
2735 2755 3196 2860 συγχώρημα
3247 2750 3367 2829 διὰ

620 2880 759 2960 τὸν
795 2882 1059 2990 ἀγῶνα
1114 2882 1270 2961 τῶν
1314 2882 1813 2986 Ὀλυμπίων,
1892 2882 2101 2985 ἱεράν
2175 2889 2311 2960 καί
2387 2881 2836 2983 ἀπόρθητον
2909 2885 3164 2958 οἰκεῖν
3233 2876 3371 2970 τὴν

608 3004 975 3100 Ἠλείαν,
1052 3008 1410 3112 ἀπείρους
1466 3009 1750 3102 παντὸς
1804 3005 2035 3101 ὄντας
2096 3009 2400 3102 δεινοῦ,
2457 3013 2595 3084 καὶ
2671 3007 2901 3099 πάσης
2959 3002 3369 3106 πολεμικῆς

618 3134 1132 3236 περιστάσεως.
2303 3139 2602 3240 (Polyb.
2642 3138 2778 3235 IV,
2821 3139 2945 3235 ⁸73,
2991 3136 3154 3228 10.)

1882 3249 2106 3325 1253.

830 3372 993 3448 Elei
1057 3375 1404 3451 universa
1471 3377 1984 3451 consentiente
2055 3375 2374 3452 Graecia
2431 3375 2524 3451 ob
2580 3373 2796 3449 ludos
2853 3368 3366 3475 Olympiorum

616 3497 819 3573 omni
857 3499 1185 3598 periculo
1227 3501 1551 3600 exempti
1607 3500 1986 3600 omnisque
2044 3501 2222 3576 belli
2275 3511 2615 3601 expertes
2656 3499 2914 3574 Eleam
2969 3519 3258 3573 sacram
3293 3503 3366 3567 et

616 3622 798 3698 nulli
837 3623 1300 3725 populationi
1343 3625 1745 3702 obnoxiam
1781 3626 2137 3703 habitent.

1876 3785 2101 3862 1254.

835 3905 1001 3981 Τοῦ
1036 3906 1245 4006 ἱεροῦ
1283 3898 1439 3985 ὑπὸ
1469 3902 1804 3984 Ἠλείων
1838 3906 2247 4005 εἱρχθῆναι
2283 3903 2468 3984 ὥστε
2515 3905 2625 4009 μὴ
2671 3905 2897 3984 θύειν
2943 3903 3117 4004 μήτ’
3160 3901 3360 4008 ἀγω-

616 4035 967 4122 νίζεσθαι
1004 4029 1184 4121 τούς
1211 4030 1317 4133 μη
1357 4037 1805 4122 ἐκτίνοντας
1841 4031 1984 4125 τὴν
2021 4031 2249 4126 δίκην
2287 4031 2590 4123 αὐτοῖς,
2649 4027 2743 4126 ἢν
2789 4028 3364 4123 καταδικάζον-

614 4185 738 4231 ται
794 4153 1055 4234 αὐτῶν
1109 4151 1208 4246 ὦς
1266 4156 1467 4236 ὅπλα
1524 4167 1643 4237 ἐπὶ
1698 4158 1844 4252 τήν
1887 4158 2161 4262 χώραν
2214 4159 2696 4267 ἐνεγκόντων
2748 4166 2884 4236 καὶ
2933 4150 3249 4242 ὁπλίτας
3283 4162 3364 4231 ἐν

612 4291 773 4370 ταῖς
817 4277 1382 4375 Ὀλυμπιακαῖς
1419 4284 1782 4373 σπονδαῖς
1819 4285 2394 4388 ἐσπεμψάντων.
2437 4279 2564 4360 ‘H
2607 4283 2682 4360 δὲ
2740 4283 3122 4374 καταδίκη
3160 4277 3361 4358 κατὰ

611 4403 752 4483 τὸν
790 4400 1111 4502 ὁπλίτην
1146 4419 1480 4488 ἕκαστον
1518 4410 1659 4488 δύο
1688 4421 1905 4510 μναῖ.
2435 4413 2812 4518 (Thucyd.
2850 4413 2942 4510 V,
2983 4414 3150 4505 49.)

1881 4576 2106 4654 1254.

825 4699 1051 4779 Aditu
1106 4703 1201 4780 ad
1254 4704 1611 4806 templum
1668 4705 1763 4780 ab
1803 4701 2006 4780 Eleis
2053 4703 2580 4804 prohibentur,
2639 4728 2736 4779 ne
2774 4703 3222 4781 sacrificium
3255 4704 3358 4779 fa-

610 4825 848 4920 ciant,
907 4851 1097 4903 neve
1138 4839 1464 4920 certent,
1524 4831 1646 4931 qui
1700 4829 1884 4930 ipsis
1940 4831 2293 4906 mulctam
2347 4856 2502 4905 non
2548 4828 3081 4930 persolverint,
3139 4855 3361 4931 quam

610 4951 775 5026 Elei
810 4951 901 5026 iis
936 4951 1312 5049 irrogant,
1370 4953 1496 5054 qui
1550 4957 1630 5031 in
1687 4957 2074 5052 regionem
2112 4982 2364 5031 eorum
2403 4981 2610 5030 arma
2645 4954 3028 5030 intulerint
3064 4967 3140 5031 et
3175 4955 3357 5031 mili·

609 5087 721 5150 tes
761 5074 1179 5178 Olympiaci
1234 5078 1555 5153 foederis
1611 5090 1948 5180 tempore
2005 5079 2460 5155 immiserint.
2534 5079 2812 5158 Mulcta
2847 5091 3097 5158 autem
3137 5091 3250 5158 est
3283 5081 3357 5155 in

606 5199 937 5302 singulos
976 5203 1244 5280 milites
1281 5202 1500 5282 binae
1537 5204 1801 5282 minae.
