3725 5850
1245 530 1866 583 COMMENTARIUS
1907 534 2010 586 An
2053 534 2178 589 904.
2940 520 3092 593 533
3211 556 3218 562 ·

310 725 847 821 contribuisse,
908 739 981 801 et
1016 726 1209 799 hanc
1248 748 1516 798 census
1556 734 1886 822 partem,
1947 726 2038 801 de
2099 756 2246 828 qua
2300 731 2662 807 tributum
2711 735 3096 811 conferen-

313 854 493 929 dum
533 864 728 942 erat,
788 862 1127 926 vocatam
1166 849 1389 925 fuisse
1428 847 1738 941 τίμημα.

526 976 607 1053 Si
630 978 877 1077 itaque
918 974 1232 1075 quilibet
1271 973 1541 1048 civium
1582 972 2284 1075 quinquagesimam
2321 1007 2619 1057 suarum
2659 984 3096 1061 facultatum

310 1114 607 1207 partem
663 1102 921 1177 debuit
977 1100 1312 1175 conferre
1336 1156 1353 1189 ,
1435 1109 1609 1174 tunc
1675 1102 2472 1200 pentacosiomedimni
2548 1109 2931 1185 solverunt
3003 1111 3094 1187 de

311 1230 513 1306 omni
554 1255 782 1305 censu
817 1224 1104 1301 minimi
1143 1234 1551 1327 proventus
1593 1226 1792 1317 (500
1818 1233 1904 1316 ><
1949 1227 2038 1301 12
2073 1262 2160 1289 =
2189 1230 2438 1323 6000)
2481 1232 2872 1311 drachmas
2916 1236 3091 1331 120,

312 1357 597 1456 equites
637 1362 885 1429 autem
919 1350 1203 1426 minimi
1260 1360 1671 1451 proventus
1728 1350 1968 1425 solum
2025 1350 2118 1429 de
2183 1353 2539 1433 dextante
2591 1384 2853 1435 census
2892 1362 3092 1454 (300

307 1481 521 1569 ><12
563 1507 579 1554 :
616 1481 711 1571 ἦ)
769 1477 1163 1553 drachmas
1213 1477 1353 1569 60,
1416 1486 1489 1549 et
1544 1476 1833 1550 minimi
1891 1490 2298 1577 proventus
2344 1483 2736 1582 jugatores
2791 1488 3090 1565 nonnisi

310 1605 405 1681 de
440 1606 497 1691 7,
534 1630 804 1681 census
842 1602 1182 1704 partibus
1223 1601 1631 1696 (150><12
1674 1630 1690 1675 ε
1728 1598 1827 1695 92)
1869 1601 2261 1681 drachmas
2301 1606 2589 1705 viginti.

526 1730 1055 1807 Examinemus
1080 1726 1241 1827 jam
1279 1726 1476 1801 hanc
1512 1728 2164 1826 computationem.

524 1872 843 1949 Annuus
882 1871 1212 1969 equitum
1254 1880 1665 1971 proventus
1716 1870 1964 1945 effecit
2019 1846 2441 1947 300-499
2483 1874 2914 1972 drachmas,
2963 1880 3085 1979 ju-

305 2010 657 2098 gatorum
696 2006 947 2073 autem
986 1994 1399 2071 secundum
1437 1993 1904 2069 Boeckhium
1960 1994 2262 2095 quidem
2322 1998 2741 2074 150-299
2780 2000 2911 2097 dr„
2970 2030 3085 2079 se-

306 2124 637 2227 cundum
672 2134 1003 2200 nostram
1040 2120 1487 2197 sententiam
1545 2144 1722 2195 vero
1762 2118 2185 2195 200--299
2225 2122 2329 2199 dr.
2403 2125 2816 2223 Fingamus
2852 2129 3085 2227 igitur

308 2251 631 2349 equitem
688 2246 1034 2323 habuisse
1090 2271 1421 2321 annuum
1485 2256 1934 2346 proventum
2009 2248 2168 2323 490
2227 2247 2770 2327 drachmarum.
2866 2250 3086 2331 Tunc

306 2374 549 2451 omnis
590 2375 751 2475 ejus
788 2398 1056 2450 census
1114 2371 1363 2447 effecit
1400 2371 2096 2459 490><12==5880
2135 2373 2568 2469 drachmas,
2625 2376 2912 2473 τίμημα
2952 2406 3080 2454 au-

303 2515 459 2579 tem
514 2501 725 2575 5880
765 2528 782 2574 ε
821 2499 1232 2587 ½=4900
1285 2498 1715 2593 drachmas,
1775 2511 1850 2575 et
1905 2498 2078 2575 hinc
2134 2500 2666 2579 conferendum
2721 2505 3078 2581 tributum

305 2628 521 2701 4900
560 2656 577 2701 :
622 2625 847 2700 50=
867 2627 971 2699 98
1020 2624 1431 2700 drachmas,
1510 2624 1691 2716 Quis
1738 2625 1900 2724 jam
1958 2625 2345 2701 crediderit
2403 2628 2728 2727 equitem
2784 2630 3082 2707 nonnisi

305 2754 409 2826 98
448 2750 841 2829 drachmas
878 2748 1317 2843 contulisse,
1380 2748 1556 2824 dum
1613 2749 2466 2850 pentacosiomedimnus
2522 2779 2568 2827 a
2621 2756 2776 2828 500
2815 2754 3076 2830 drach-

302 2879 443 2956 mis
489 2877 640 2952 120
679 2875 1071 2954 drachmas
1112 2874 1483 2952 contulit?
1558 2876 2003 2976 Hujusmodi
2053 2878 2252 2953 enim
2287 2879 3076 2980 pentacosiomedimui

298 3015 714 3106 proventus
790 3001 1048 3078 decem
1121 3010 1409 3076 tantum
1484 3000 1851 3076 drachmis
1925 3001 2310 3101 superavit
2381 3015 2826 3104 proventum
2878 3006 3074 3084 illius

299 3130 613 3231 equitis;
686 3155 831 3229 quo
908 3139 1131 3229 pacto
1204 3127 1431 3224 igitur
1488 3127 1867 3202 debuisset
1923 3129 2024 3201 22
2084 3128 2449 3206 drachmis
2508 3128 2674 3231 plus
2731 3133 3070 3210 conferre

296 3282 527 3357 quam
566 3279 796 3354 eques
819 3253 857 3328 ?

512 3380 929 3478 Fingamus
984 3405 1211 3480 porro
1255 3377 1627 3479 jugatoris
1685 3378 2000 3481 alicujus
2059 3405 2390 3456 annuum
2427 3392 2876 3483 proventum
2916 3385 3072 3459 290

294 3507 690 3584 drachmas
748 3504 1124 3598 effecisse,
1202 3514 1277 3577 et
1332 3527 1849 3604 comparemus
1922 3502 2120 3580 hunc
2177 3519 2628 3608 proventum
2687 3535 2854 3584 cum
2909 3485 3069 3585 '300

294 3630 814 3708 drachmarum
852 3640 1221 3731 proventu
1260 3628 1575 3728 alicujus
1615 3629 1900 3730 equitis.
1979 3631 2216 3708 Totus
2245 3633 2624 3734 jugatoris
2663 3659 2925 3710 census
2965 3635 3066 3709 ef·

291 3757 593 3834 fecisset
630 3753 1323 3847 290><12=3480
1361 3752 1787 3850 drachmas,
1846 3755 2065 3856 hujus
2102 3756 2388 3854 τίμημα
2428 3759 3068 3844 3480292=1930

291 3882 433 3976 dr.,
491 3892 568 3956 et
605 3881 1141 3959 conferendum
1179 3882 1538 3958 tributum
1583 3881 1828 3955 1930:
1865 3882 2179 3956 50=38
2218 3883 2633 3960 drachmas
2708 3887 3066 3978 Quamvis

289 4009 520 4105 igitur
586 4031 813 4106 eques
880 4006 1176 4082 nonnisi
1232 4006 1492 4082 decem
1549 4005 1914 4082 drachmis
1970 4009 2325 4108 majorem
2381 4010 2693 4087 haberet
2745 4039 3064 4112 proven-

287 4145 491 4228 tum,
550 4144 805 4207 tamen
844 4131 944 4204 22
987 4129 1351 4207 drachmis
1392 4130 1561 4231 plus
1601 4129 1984 4206 debuisset
2024 4134 2374 4210 conferre
2398 4193 2415 4228 ,
2467 4160 2692 4235 quam
2715 4136 3064 4236 jugator!

506 4259 719 4335 Haec
774 4257 1151 4335 sufficient
1203 4256 1297 4332 ad
1351 4254 1924 4358 improbandam
1980 4256 2384 4335 doctissimi
2441 4259 2800 4338 Boeckhii
2861 4288 3058 4339 com-

286 4385 776 4487 putationem.

505 4506 796 4585 Similes
832 4507 1065 4584 habet
1094 4507 1571 4585 difficultates
1594 4510 2052 4612 computatio
2075 4511 2536 4588 celeberrimi
2561 4512 2785 4611 Angli
2824 4509 3060 4591 Grote

289 4636 755 4734 (History
796 4636 901 4711 of
933 4634 1310 4712 Greece
1350 4633 1514 4711 Vol.
1552 4637 1686 4712 III.
1726 4663 1797 4736 p.
1843 4636 2076 4729 156),
2137 4665 2176 4712 e
2215 4640 2426 4739 cujus
2475 4640 2850 4716 sententia
2887 4668 3056 4743 pro-

284 4773 551 4836 ventus
589 4759 1380 4863 pentacosiomedimni
1419 4786 1557 4861 pcr
1598 4760 1737 4856 12,
1797 4763 2068 4861 equitis
2105 4787 2242 4864 per
2287 4765 2383 4837 10
2421 4775 2494 4840 et
2520 4763 2887 4863 jugatoris
2926 4792 3058 4868 per

292 4893 341 4961 5
380 4886 608 4962 debet
646 4885 1161 4987 multiplicari,
1216 4897 1298 4962 ut
1352 4888 1587 4962 omnis
1644 4903 1899 4962 eorum
1957 4912 2222 4964 census
2276 4901 2672 4992 appareat,
2732 4893 2854 4992 qui
2892 4905 3055 4969 tan·

288 5038 514 5111 quam
567 5013 858 5106 τίμημα
915 5039 1209 5112 quoque
1266 5012 1361 5087 sit
1417 5012 2021 5090 considerandus.
2105 5012 2530 5091 Secundum
2586 5016 2778 5094 hanc
2832 5020 3058 5119 igitur

291 5138 920 5239 computationem
954 5137 1299 5214 minimus
1338 5163 1603 5214 census
1642 5138 1755 5214 vel
1794 5140 2082 5235 τίμημα
2122 5141 2907 5243 pentacosiomedimni
2950 5147 3055 5222 ef-

292 5265 554 5340 ficeret
608 5263 816 5337 6000
874 5262 1372 5359 (500><12),
1430 5265 1696 5364 equitis
1752 5266 1963 5340 3000
2017 5267 2502 5361 (300><10)
2560 5278 2634 5344 et
2677 5270 3057 5372 jugatoris
