<?xml version="1.0" encoding="UTF-8"?>
<!DOCTYPE html PUBLIC "-//W3C//DTD XHTML 1.0 Transitional//EN"
    "http://www.w3.org/TR/xhtml1/DTD/xhtml1-transitional.dtd">
<html xmlns="http://www.w3.org/1999/xhtml" xml:lang="en" lang="en">
 <head>
  <title>
</title>
<meta http-equiv="Content-Type" content="text/html;charset=utf-8" />
  <meta name='ocr-system' content='tesseract 3.04.00' />
  <meta name='ocr-capabilities' content='ocr_page ocr_carea ocr_par ocr_line ocrx_word'/>
</head>
<body>
  <div class='ocr_page' id='page_1' title='image "./synaggtnattiknn01tlgoog_0627.png"; bbox 0 0 3725 5850; ppageno 0'>
   <div class='ocr_carea' id='block_1_1' title="bbox 997 436 3062 510">
    <p class='ocr_par' dir='ltr' id='par_1_1' title="bbox 997 436 3062 510">
     <span class='ocr_line' id='line_1_1' title="bbox 997 436 3062 510; baseline 0.003 -6"><span class='ocrx_word' id='word_1_1' title='bbox 997 451 1617 504; x_wconf 66' lang='lat' dir='ltr'><strong>commenmmos</strong></span> <span class='ocrx_word' id='word_1_2' title='bbox 1652 449 1759 501; x_wconf 75' lang='lat' dir='ltr'><strong>An</strong></span> <span class='ocrx_word' id='word_1_3' title='bbox 1804 445 1964 504; x_wconf 73' lang='lat'><strong>13⁴7.</strong></span> <span class='ocrx_word' id='word_1_4' title='bbox 2011 448 2168 506; x_wconf 74' lang='lat'><strong>13⁴9.</strong></span> <span class='ocrx_word' id='word_1_5' title='bbox 2215 449 2369 506; x_wconf 82' lang='lat'><strong>1351.</strong></span> <span class='ocrx_word' id='word_1_6' title='bbox 2913 436 3062 510; x_wconf 78' lang='lat'><strong>601</strong></span> 
     </span>
    </p>
   </div>
   <div class='ocr_carea' id='block_1_2' title="bbox 288 641 3070 879">
    <p class='ocr_par' dir='ltr' id='par_1_2' title="bbox 288 641 3070 879">
     <span class='ocr_line' id='line_1_2' title="bbox 288 641 3070 744; baseline 0.004 -26"><span class='ocrx_word' id='word_1_7' title='bbox 288 641 515 720; x_wconf 88' lang='lat' dir='ltr'><strong>modo</strong></span> <span class='ocrx_word' id='word_1_8' title='bbox 554 645 924 722; x_wconf 79' lang='lat' dir='ltr'><strong>restitutit.</strong></span> <span class='ocrx_word' id='word_1_9' title='bbox 1007 642 1251 721; x_wconf 86' lang='lat' dir='ltr'><strong>Avum</strong></span> <span class='ocrx_word' id='word_1_10' title='bbox 1288 669 1467 720; x_wconf 88' lang='lat' dir='ltr'><strong>vero</strong></span> <span class='ocrx_word' id='word_1_11' title='bbox 1505 643 1674 719; x_wconf 89' lang='lat' dir='ltr'><strong>ideo</strong></span> <span class='ocrx_word' id='word_1_12' title='bbox 1723 645 1970 744; x_wconf 89' lang='lat' dir='ltr'><strong>posuit</strong></span> <span class='ocrx_word' id='word_1_13' title='bbox 2006 646 2084 722; x_wconf 89' lang='lat' dir='ltr'><strong>in</strong></span> <span class='ocrx_word' id='word_1_14' title='bbox 2123 646 2385 724; x_wconf 82' lang='lat' dir='ltr'><strong>ordine</strong></span> <span class='ocrx_word' id='word_1_15' title='bbox 2426 646 2858 728; x_wconf 88' lang='lat' dir='ltr'><strong>elocationis</strong></span> <span class='ocrx_word' id='word_1_16' title='bbox 2897 664 3070 732; x_wconf 80' lang='lat' dir='ltr'><strong>ante</strong></span> 
     </span>
     <span class='ocr_line' id='line_1_3' title="bbox 288 768 3068 879; baseline 0.005 -35"><span class='ocrx_word' id='word_1_17' title='bbox 288 769 642 864; x_wconf 85' lang='lat' dir='ltr'><strong>fratrem,</strong></span> <span class='ocrx_word' id='word_1_18' title='bbox 702 770 875 871; x_wconf 85' lang='lat' dir='ltr'><strong>quia</strong></span> <span class='ocrx_word' id='word_1_19' title='bbox 914 771 1105 848; x_wconf 89' lang='lat' dir='ltr'><strong>forte</strong></span> <span class='ocrx_word' id='word_1_20' title='bbox 1144 768 1415 845; x_wconf 84' lang='lat' dir='ltr'><strong>seniori</strong></span> <span class='ocrx_word' id='word_1_21' title='bbox 1448 768 1621 869; x_wconf 89' lang='lat' dir='ltr'><strong>plus</strong></span> <span class='ocrx_word' id='word_1_22' title='bbox 1658 768 2136 846; x_wconf 89' lang='lat' dir='ltr'><strong>tribuendum</strong></span> <span class='ocrx_word' id='word_1_23' title='bbox 2179 773 2475 872; x_wconf 85' lang='lat' dir='ltr'><strong>putavit</strong></span> <span class='ocrx_word' id='word_1_24' title='bbox 2514 801 2735 875; x_wconf 85' lang='lat' dir='ltr'><strong>quam</strong></span> <span class='ocrx_word' id='word_1_25' title='bbox 2763 779 3068 879; x_wconf 85' lang='lat' dir='ltr'><strong>juniori.</strong></span> 
     </span>
    </p>
   </div>
   <div class='ocr_carea' id='block_1_3' title="bbox 286 910 3070 2149">
    <p class='ocr_par' dir='ltr' id='par_1_3' title="bbox 288 910 3070 1266">
     <span class='ocr_line' id='line_1_4' title="bbox 505 910 3070 1020; baseline 0.005 -33"><span class='ocrx_word' id='word_1_26' title='bbox 505 910 776 989; x_wconf 79' lang='lat' dir='ltr'><strong>Of.He</strong></span> <span class='ocrx_word' id='word_1_27' title='bbox 799 939 1063 990; x_wconf 86' lang='lat' dir='ltr'><strong>rman</strong></span> <span class='ocrx_word' id='word_1_28' title='bbox 1090 913 1226 988; x_wconf 88' lang='lat' dir='ltr'><strong>nii</strong></span> <span class='ocrx_word' id='word_1_29' title='bbox 1255 913 1445 1013; x_wconf 88' lang='lat' dir='ltr'><strong>juris</strong></span> <span class='ocrx_word' id='word_1_30' title='bbox 1486 912 1876 990; x_wconf 80' lang='lat' dir='ltr'><strong>domestici</strong></span> <span class='ocrx_word' id='word_1_31' title='bbox 1917 925 1993 990; x_wconf 89' lang='lat' dir='ltr'><strong>et</strong></span> <span class='ocrx_word' id='word_1_32' title='bbox 2029 915 2416 994; x_wconf 75' lang='lat' dir='ltr'><strong>familiaris</strong></span> <span class='ocrx_word' id='word_1_33' title='bbox 2453 918 2653 1020; x_wconf 91' lang='lat' dir='ltr'><strong>apud</strong></span> <span class='ocrx_word' id='word_1_34' title='bbox 2675 919 3070 999; x_wconf 80' lang='lat' dir='ltr'><strong>Platonem</strong></span> 
     </span>
     <span class='ocr_line' id='line_1_5' title="bbox 289 1036 3066 1143; baseline 0.006 -33"><span class='ocrx_word' id='word_1_35' title='bbox 289 1036 365 1112; x_wconf 88' lang='lat' dir='ltr'><strong>in</strong></span> <span class='ocrx_word' id='word_1_36' title='bbox 406 1037 735 1138; x_wconf 84' lang='lat' dir='ltr'><strong>Legibus</strong></span> <span class='ocrx_word' id='word_1_37' title='bbox 772 1065 938 1116; x_wconf 91' lang='lat' dir='ltr'><strong>cum</strong></span> <span class='ocrx_word' id='word_1_38' title='bbox 978 1039 1249 1116; x_wconf 87' lang='lat' dir='ltr'><strong>veteris</strong></span> <span class='ocrx_word' id='word_1_39' title='bbox 1290 1038 1653 1117; x_wconf 78' lang='lat' dir='ltr'><strong>Graeciae</strong></span> <span class='ocrx_word' id='word_1_40' title='bbox 1710 1040 1939 1140; x_wconf 88' lang='lat' dir='ltr'><strong>inque</strong></span> <span class='ocrx_word' id='word_1_41' title='bbox 1978 1042 2238 1143; x_wconf 85' lang='lat' dir='ltr'><strong>primis</strong></span> <span class='ocrx_word' id='word_1_42' title='bbox 2281 1042 2740 1123; x_wconf 80' lang='lat' dir='ltr'><strong>Athenarum</strong></span> <span class='ocrx_word' id='word_1_43' title='bbox 2775 1046 3066 1125; x_wconf 87' lang='lat' dir='ltr'><strong>institu-</strong></span> 
     </span>
     <span class='ocr_line' id='line_1_6' title="bbox 288 1164 1879 1266; baseline 0.002 -28"><span class='ocrx_word' id='word_1_44' title='bbox 288 1164 383 1239; x_wconf 88' lang='lat' dir='ltr'><strong>tis</strong></span> <span class='ocrx_word' id='word_1_45' title='bbox 424 1165 1077 1266; x_wconf 81' lang='lat' dir='ltr'><strong>comparationem.</strong></span> <span class='ocrx_word' id='word_1_46' title='bbox 1136 1165 1561 1266; x_wconf 85' lang='lat' dir='ltr'><strong>(Marburgi</strong></span> <span class='ocrx_word' id='word_1_47' title='bbox 1610 1166 1879 1256; x_wconf 84' lang='lat'><strong>1836.)</strong></span> 
     </span>
    </p>

    <p class='ocr_par' dir='ltr' id='par_1_4' title="bbox 288 1287 3068 1892">
     <span class='ocr_line' id='line_1_7' title="bbox 502 1287 3066 1393; baseline 0.005 -29"><span class='ocrx_word' id='word_1_48' title='bbox 502 1287 729 1390; x_wconf 87' lang='lat' dir='ltr'><strong>Apud</strong></span> <span class='ocrx_word' id='word_1_49' title='bbox 766 1287 1403 1368; x_wconf 86' lang='lat' dir='ltr'><strong>Lacedaemonios</strong></span> <span class='ocrx_word' id='word_1_50' title='bbox 1459 1293 1653 1391; x_wconf 86' lang='lat' dir='ltr'><strong>patri</strong></span> <span class='ocrx_word' id='word_1_51' title='bbox 1712 1290 1940 1368; x_wconf 87' lang='lat' dir='ltr'><strong>filiam</strong></span> <span class='ocrx_word' id='word_1_52' title='bbox 1993 1301 2483 1393; x_wconf 86' lang='lat' dir='ltr'><strong>paternorum</strong></span> <span class='ocrx_word' id='word_1_53' title='bbox 2529 1294 2900 1374; x_wconf 89' lang='lat' dir='ltr'><strong>bonorum</strong></span> <span class='ocrx_word' id='word_1_54' title='bbox 2941 1297 3066 1376; x_wconf 91' lang='lat' dir='ltr'><strong>he-</strong></span> 
     </span>
     <span class='ocr_line' id='line_1_8' title="bbox 290 1415 3068 1518; baseline 0.002 -27"><span class='ocrx_word' id='word_1_55' title='bbox 290 1415 549 1492; x_wconf 87' lang='lat' dir='ltr'><strong>redem</strong></span> <span class='ocrx_word' id='word_1_56' title='bbox 588 1415 951 1510; x_wconf 87' lang='lat' dir='ltr'><strong>futuram,</strong></span> <span class='ocrx_word' id='word_1_57' title='bbox 1010 1417 1317 1494; x_wconf 86' lang='lat' dir='ltr'><strong>cuilibet</strong></span> <span class='ocrx_word' id='word_1_58' title='bbox 1372 1418 1451 1492; x_wconf 87' lang='lat' dir='ltr'><strong>in</strong></span> <span class='ocrx_word' id='word_1_59' title='bbox 1506 1417 2056 1496; x_wconf 80' lang='lat' dir='ltr'><strong>matrimonium</strong></span> <span class='ocrx_word' id='word_1_60' title='bbox 2112 1417 2483 1496; x_wconf 86' lang='lat' dir='ltr'><strong>collocare</strong></span> <span class='ocrx_word' id='word_1_61' title='bbox 2520 1420 2836 1518; x_wconf 86' lang='lat' dir='ltr'><strong>licebat;</strong></span> <span class='ocrx_word' id='word_1_62' title='bbox 2893 1432 2969 1498; x_wconf 88' lang='lat' dir='ltr'><strong>et</strong></span> <span class='ocrx_word' id='word_1_63' title='bbox 3005 1423 3068 1500; x_wconf 91' lang='lat' dir='ltr'><strong>si</strong></span> 
     </span>
     <span class='ocr_line' id='line_1_9' title="bbox 290 1543 3066 1648; baseline 0.003 -31"><span class='ocrx_word' id='word_1_64' title='bbox 290 1553 504 1641; x_wconf 91' lang='lat' dir='ltr'><strong>pater</strong></span> <span class='ocrx_word' id='word_1_65' title='bbox 538 1552 874 1619; x_wconf 89' lang='lat' dir='ltr'><strong>mortuus</strong></span> <span class='ocrx_word' id='word_1_66' title='bbox 914 1543 1179 1620; x_wconf 87' lang='lat' dir='ltr'><strong>fuisset</strong></span> <span class='ocrx_word' id='word_1_67' title='bbox 1214 1545 1649 1640; x_wconf 85' lang='lat' dir='ltr'><strong>intestatus,</strong></span> <span class='ocrx_word' id='word_1_68' title='bbox 1710 1555 1839 1622; x_wconf 89' lang='lat' dir='ltr'><strong>aut</strong></span> <span class='ocrx_word' id='word_1_69' title='bbox 1877 1571 2031 1622; x_wconf 88' lang='lat' dir='ltr'><strong>non</strong></span> <span class='ocrx_word' id='word_1_70' title='bbox 2070 1547 2560 1648; x_wconf 85' lang='lat' dir='ltr'><strong>expressisset</strong></span> <span class='ocrx_word' id='word_1_71' title='bbox 2598 1557 3066 1642; x_wconf 81' lang='lat' dir='ltr'><strong>testamento,</strong></span> 
     </span>
     <span class='ocr_line' id='line_1_10' title="bbox 289 1666 3068 1775; baseline 0.003 -34"><span class='ocrx_word' id='word_1_72' title='bbox 289 1668 408 1742; x_wconf 90' lang='lat' dir='ltr'><strong>cui</strong></span> <span class='ocrx_word' id='word_1_73' title='bbox 448 1666 680 1744; x_wconf 89' lang='lat' dir='ltr'><strong>filiam</strong></span> <span class='ocrx_word' id='word_1_74' title='bbox 716 1693 931 1743; x_wconf 85' lang='lat' dir='ltr'><strong>suam</strong></span> <span class='ocrx_word' id='word_1_75' title='bbox 978 1667 1352 1745; x_wconf 84' lang='lat' dir='ltr'><strong>collocare</strong></span> <span class='ocrx_word' id='word_1_76' title='bbox 1410 1670 1675 1764; x_wconf 86' lang='lat' dir='ltr'><strong>vellet,</strong></span> <span class='ocrx_word' id='word_1_77' title='bbox 1738 1693 1964 1768; x_wconf 91' lang='lat' dir='ltr'><strong>quem</strong></span> <span class='ocrx_word' id='word_1_78' title='bbox 2019 1670 2366 1748; x_wconf 86' lang='lat' dir='ltr'><strong>heredem</strong></span> <span class='ocrx_word' id='word_1_79' title='bbox 2422 1671 2880 1775; x_wconf 83' lang='lat' dir='ltr'><strong>reliquisset,</strong></span> <span class='ocrx_word' id='word_1_80' title='bbox 2944 1672 3068 1749; x_wconf 86' lang='lat' dir='ltr'><strong>hic</strong></span> 
     </span>
     <span class='ocr_line' id='line_1_11' title="bbox 288 1792 2581 1892; baseline 0.003 -25"><span class='ocrx_word' id='word_1_81' title='bbox 288 1792 407 1867; x_wconf 90' lang='lat' dir='ltr'><strong>cui</strong></span> <span class='ocrx_word' id='word_1_82' title='bbox 446 1793 677 1868; x_wconf 85' lang='lat' dir='ltr'><strong>vellet</strong></span> <span class='ocrx_word' id='word_1_83' title='bbox 710 1793 1155 1870; x_wconf 84' lang='lat' dir='ltr'><strong>collocabat.</strong></span> <span class='ocrx_word' id='word_1_84' title='bbox 1214 1792 1769 1887; x_wconf 83' lang='lat' dir='ltr'><strong>(Aristotel.</strong></span> <span class='ocrx_word' id='word_1_85' title='bbox 1822 1795 2114 1872; x_wconf 90' lang='lat' dir='ltr'><strong>Polit.</strong></span> <span class='ocrx_word' id='word_1_86' title='bbox 2157 1797 2250 1891; x_wconf 87' lang='lat'><strong>11,</strong></span> <span class='ocrx_word' id='word_1_87' title='bbox 2295 1797 2366 1892; x_wconf 85' lang='lat'><strong>6,</strong></span> <span class='ocrx_word' id='word_1_88' title='bbox 2416 1797 2581 1891; x_wconf 91' lang='grc'>11.)</span> 
     </span>
    </p>

    <p class='ocr_par' dir='ltr' id='par_1_5' title="bbox 286 1915 3062 2149">
     <span class='ocr_line' id='line_1_12' title="bbox 436 1915 3062 2025; baseline 0.002 -27"><span class='ocrx_word' id='word_1_89' title='bbox 436 1969 457 1998; x_wconf 53' lang='grc' dir='ltr'><strong><em>ι</em></strong></span> <span class='ocrx_word' id='word_1_90' title='bbox 501 1915 557 1992; x_wconf 86' lang='lat' dir='ltr'><strong>J</strong></span> <span class='ocrx_word' id='word_1_91' title='bbox 562 1916 963 1996; x_wconf 87' lang='lat' dir='ltr'><strong>udicabant</strong></span> <span class='ocrx_word' id='word_1_92' title='bbox 1000 1945 1180 1996; x_wconf 87' lang='lat' dir='ltr'><strong>vero</strong></span> <span class='ocrx_word' id='word_1_93' title='bbox 1220 1943 1437 2019; x_wconf 85' lang='lat' dir='ltr'><strong>reges</strong></span> <span class='ocrx_word' id='word_1_94' title='bbox 1474 1920 1569 1996; x_wconf 87' lang='lat' dir='ltr'><strong>de</strong></span> <span class='ocrx_word' id='word_1_95' title='bbox 1598 1921 1894 2018; x_wconf 86' lang='lat' dir='ltr'><strong>virgine</strong></span> <span class='ocrx_word' id='word_1_96' title='bbox 1934 1933 2416 2025; x_wconf 89' lang='lat' dir='ltr'><strong>paternorum</strong></span> <span class='ocrx_word' id='word_1_97' title='bbox 2455 1926 2788 2003; x_wconf 87' lang='lat' dir='ltr'><strong>omnium</strong></span> <span class='ocrx_word' id='word_1_98' title='bbox 2824 1925 3062 2002; x_wconf 88' lang='lat' dir='ltr'><strong>bono-</strong></span> 
     </span>
     <span class='ocr_line' id='line_1_13' title="bbox 286 2040 3060 2149; baseline 0.004 -32"><span class='ocrx_word' id='word_1_99' title='bbox 286 2067 453 2117; x_wconf 89' lang='lat' dir='ltr'><strong>rum</strong></span> <span class='ocrx_word' id='word_1_100' title='bbox 490 2040 763 2120; x_wconf 87' lang='lat' dir='ltr'><strong>herede</strong></span> <span class='ocrx_word' id='word_1_101' title='bbox 788 2103 805 2136; x_wconf 85' lang='lat'><strong>,</strong></span> <span class='ocrx_word' id='word_1_102' title='bbox 866 2044 982 2120; x_wconf 90' lang='lat' dir='ltr'><strong>cui</strong></span> <span class='ocrx_word' id='word_1_103' title='bbox 1018 2045 1153 2121; x_wconf 89' lang='lat' dir='ltr'><strong>illa</strong></span> <span class='ocrx_word' id='word_1_104' title='bbox 1187 2045 1471 2122; x_wconf 89' lang='lat' dir='ltr'><strong>nubere</strong></span> <span class='ocrx_word' id='word_1_105' title='bbox 1510 2043 1857 2141; x_wconf 87' lang='lat' dir='ltr'><strong>deberet,</strong></span> <span class='ocrx_word' id='word_1_106' title='bbox 1918 2047 2058 2122; x_wconf 84' lang='lat' dir='ltr'><strong>nisi</strong></span> <span class='ocrx_word' id='word_1_107' title='bbox 2105 2048 2268 2149; x_wconf 83' lang='lat' dir='ltr'><strong>jam</strong></span> <span class='ocrx_word' id='word_1_108' title='bbox 2304 2075 2351 2124; x_wconf 92' lang='lat' dir='ltr'><strong>a</strong></span> <span class='ocrx_word' id='word_1_109' title='bbox 2388 2060 2602 2149; x_wconf 83' lang='lat' dir='ltr'><strong>patre</strong></span> <span class='ocrx_word' id='word_1_110' title='bbox 2641 2051 2901 2128; x_wconf 85' lang='lat' dir='ltr'><strong>fuisset</strong></span> <span class='ocrx_word' id='word_1_111' title='bbox 2933 2049 3060 2127; x_wconf 88' lang='lat' dir='ltr'><strong>de-</strong></span> 
     </span>
    </p>
   </div>
   <div class='ocr_carea' id='block_1_4' title="bbox 286 2169 1922 2465">
    <p class='ocr_par' dir='ltr' id='par_1_6' title="bbox 286 2169 1922 2465">
     <span class='ocr_line' id='line_1_14' title="bbox 286 2169 1611 2266; baseline 0.002 -24"><span class='ocrx_word' id='word_1_112' title='bbox 286 2179 661 2266; x_wconf 85' lang='lat' dir='ltr'><strong>sponsata.</strong></span> <span class='ocrx_word' id='word_1_113' title='bbox 721 2171 837 2262; x_wconf 86' lang='lat' dir='ltr'><strong>(H</strong></span> <span class='ocrx_word' id='word_1_114' title='bbox 858 2197 898 2246; x_wconf 92' lang='lat' dir='ltr'><strong>e</strong></span> <span class='ocrx_word' id='word_1_115' title='bbox 919 2197 957 2245; x_wconf 89' lang='lat' dir='ltr'><strong>r</strong></span> <span class='ocrx_word' id='word_1_116' title='bbox 976 2197 1020 2246; x_wconf 94' lang='lat' dir='ltr'><strong>o</strong></span> <span class='ocrx_word' id='word_1_117' title='bbox 1044 2170 1093 2246; x_wconf 90' lang='lat' dir='ltr'><strong>d</strong></span> <span class='ocrx_word' id='word_1_118' title='bbox 1115 2196 1159 2245; x_wconf 96' lang='lat' dir='ltr'><strong>o</strong></span> <span class='ocrx_word' id='word_1_119' title='bbox 1180 2181 1230 2245; x_wconf 90' lang='lat' dir='ltr'><strong>t.</strong></span> <span class='ocrx_word' id='word_1_120' title='bbox 1271 2169 1401 2263; x_wconf 87' lang='lat' dir='ltr'><strong>VI,</strong></span> <span class='ocrx_word' id='word_1_121' title='bbox 1446 2170 1545 2243; x_wconf 84' lang='lat'><strong>57</strong></span> <span class='ocrx_word' id='word_1_122' title='bbox 1552 2171 1611 2261; x_wconf 87' lang='lat'><strong>.)</strong></span> 
     </span>
     <span class='ocr_line' id='line_1_15' title="bbox 1442 2380 1922 2465; baseline 0.002 -1"><span class='ocrx_word' id='word_1_123' title='bbox 1442 2380 1597 2464; x_wconf 73' lang='lat' dir='ltr'><strong>Ad</strong></span> <span class='ocrx_word' id='word_1_124' title='bbox 1631 2383 1922 2465; x_wconf 74' lang='lat'><strong>1340.</strong></span> 
     </span>
    </p>
   </div>
   <div class='ocr_carea' id='block_1_5' title="bbox 282 2541 3064 3531">
    <p class='ocr_par' dir='ltr' id='par_1_7' title="bbox 282 2541 3064 3531">
     <span class='ocr_line' id='line_1_16' title="bbox 500 2541 3064 2640; baseline 0.001 -16"><span class='ocrx_word' id='word_1_125' title='bbox 500 2546 885 2624; x_wconf 85' lang='lat' dir='ltr'><strong>Demosth.</strong></span> <span class='ocrx_word' id='word_1_126' title='bbox 924 2547 1003 2621; x_wconf 90' lang='lat' dir='ltr'><strong>in</strong></span> <span class='ocrx_word' id='word_1_127' title='bbox 1042 2547 1430 2624; x_wconf 84' lang='lat' dir='ltr'><strong>Neaeram.</strong></span> <span class='ocrx_word' id='word_1_128' title='bbox 1476 2546 1727 2623; x_wconf 82' lang='lat'>1386:</span> <span class='ocrx_word' id='word_1_129' title='bbox 1793 2541 1902 2619; x_wconf 86' lang='grc' dir='ltr'><strong>Τὸ</strong></span> <span class='ocrx_word' id='word_1_130' title='bbox 1961 2554 2362 2622; x_wconf 78' lang='grc' dir='ltr'><strong><em>συνοικεῖν</em></strong></span> <span class='ocrx_word' id='word_1_131' title='bbox 2409 2544 2624 2622; x_wconf 80' lang='grc' dir='ltr'><strong><em>τοῦτ’</em></strong></span> <span class='ocrx_word' id='word_1_132' title='bbox 2664 2553 2918 2640; x_wconf 75' lang='grc' dir='ltr'><strong><em>ἐστὶν,</em></strong></span> <span class='ocrx_word' id='word_1_133' title='bbox 2978 2542 3064 2638; x_wconf 75' lang='grc' dir='ltr'><strong>ὃς</strong></span> 
     </span>
     <span class='ocr_line' id='line_1_17' title="bbox 284 2663 3064 2772; baseline 0.003 -30"><span class='ocrx_word' id='word_1_134' title='bbox 284 2663 389 2744; x_wconf 72' lang='grc' dir='ltr'><strong>ἃν</strong></span> <span class='ocrx_word' id='word_1_135' title='bbox 444 2665 983 2758; x_wconf 77' lang='grc' dir='ltr'><strong><em>παιδοποιῆται</em></strong></span> <span class='ocrx_word' id='word_1_136' title='bbox 1046 2673 1183 2743; x_wconf 78' lang='grc' dir='ltr'><strong>καὶ</strong></span> <span class='ocrx_word' id='word_1_137' title='bbox 1238 2665 1507 2772; x_wconf 78' lang='grc' dir='ltr'><em>εἰσάγῃ</em></span> <span class='ocrx_word' id='word_1_138' title='bbox 1566 2669 1673 2757; x_wconf 82' lang='grc' dir='ltr'><strong>εἴς</strong></span> <span class='ocrx_word' id='word_1_139' title='bbox 1727 2699 1809 2745; x_wconf 82' lang='grc' dir='ltr'><strong>τε</strong></span> <span class='ocrx_word' id='word_1_140' title='bbox 1865 2666 2049 2758; x_wconf 77' lang='grc' dir='ltr'><strong>τούς</strong></span> <span class='ocrx_word' id='word_1_141' title='bbox 2105 2668 2500 2771; x_wconf 79' lang='grc' dir='ltr'><strong><em>φράτορας</em></strong></span> <span class='ocrx_word' id='word_1_142' title='bbox 2555 2677 2695 2748; x_wconf 82' lang='grc' dir='ltr'><strong>καὶ</strong></span> <span class='ocrx_word' id='word_1_143' title='bbox 2734 2671 3064 2771; x_wconf 77' lang='grc' dir='ltr'><strong><em>δημότας</em></strong></span> 
     </span>
     <span class='ocr_line' id='line_1_18' title="bbox 282 2787 3062 2896; baseline 0.004 -29"><span class='ocrx_word' id='word_1_144' title='bbox 282 2789 469 2880; x_wconf 76' lang='grc' dir='ltr'><strong>τούς</strong></span> <span class='ocrx_word' id='word_1_145' title='bbox 506 2794 729 2883; x_wconf 77' lang='grc' dir='ltr'><strong><em>υἱεῖς,</em></strong></span> <span class='ocrx_word' id='word_1_146' title='bbox 786 2797 925 2868; x_wconf 79' lang='grc' dir='ltr'><strong>καὶ</strong></span> <span class='ocrx_word' id='word_1_147' title='bbox 980 2789 1114 2878; x_wconf 80' lang='grc' dir='ltr'><strong>τοὶς</strong></span> <span class='ocrx_word' id='word_1_148' title='bbox 1177 2799 1605 2896; x_wconf 79' lang='grc' dir='ltr'><strong><em>θυγατέρας</em></strong></span> <span class='ocrx_word' id='word_1_149' title='bbox 1660 2793 1946 2895; x_wconf 73' lang='grc' dir='ltr'><strong><em>ἐκδιδῷ</em></strong></span> <span class='ocrx_word' id='word_1_150' title='bbox 2007 2788 2107 2884; x_wconf 77' lang='grc' dir='ltr'><strong>ὦς</strong></span> <span class='ocrx_word' id='word_1_151' title='bbox 2145 2787 2396 2872; x_wconf 75' lang='grc' dir='ltr'><strong><em>αὐτοῦ</em></strong></span> <span class='ocrx_word' id='word_1_152' title='bbox 2441 2789 2681 2885; x_wconf 71' lang='grc' dir='ltr'><strong><em>οὔσας</em></strong></span> <span class='ocrx_word' id='word_1_153' title='bbox 2715 2809 2875 2885; x_wconf 89' lang='grc' dir='ltr'><strong><em>τοῖς</em></strong></span> <span class='ocrx_word' id='word_1_154' title='bbox 2911 2795 3062 2877; x_wconf 79' lang='grc' dir='ltr'><strong>ἇν-</strong></span> 
     </span>
     <span class='ocr_line' id='line_1_19' title="bbox 287 2915 3062 3029; baseline 0.003 -35"><span class='ocrx_word' id='word_1_155' title='bbox 287 2917 575 3021; x_wconf 84' lang='grc' dir='ltr'><strong><em>δράσιν.</em></strong></span> <span class='ocrx_word' id='word_1_156' title='bbox 641 2915 793 3006; x_wconf 82' lang='grc' dir='ltr'><strong>Τὰς</strong></span> <span class='ocrx_word' id='word_1_157' title='bbox 829 2915 976 3023; x_wconf 78' lang='grc' dir='ltr'><strong>γὰρ</strong></span> <span class='ocrx_word' id='word_1_158' title='bbox 1013 2928 1393 3022; x_wconf 77' lang='grc' dir='ltr'><strong><em>γυναῖκας</em></strong></span> <span class='ocrx_word' id='word_1_159' title='bbox 1434 2919 1716 3018; x_wconf 70' lang='grc' dir='ltr'><strong><em>ἔχομεν</em></strong></span> <span class='ocrx_word' id='word_1_160' title='bbox 1750 2927 1980 2997; x_wconf 78' lang='grc' dir='ltr'><strong><em>ἕνεκα</em></strong></span> <span class='ocrx_word' id='word_1_161' title='bbox 2017 2921 2162 3001; x_wconf 83' lang='grc' dir='ltr'><strong><em>τοῦ</em></strong></span> <span class='ocrx_word' id='word_1_162' title='bbox 2204 2919 2831 3000; x_wconf 77' lang='grc' dir='ltr'><strong><em>παιδοποιεῖσθαι</em></strong></span> <span class='ocrx_word' id='word_1_163' title='bbox 2867 2952 3062 3029; x_wconf 78' lang='grc' dir='ltr'><em>γνη-</em></span> 
     </span>
     <span class='ocr_line' id='line_1_20' title="bbox 286 3042 3058 3145; baseline 0.004 -24"><span class='ocrx_word' id='word_1_164' title='bbox 286 3050 462 3133; x_wconf 80' lang='grc' dir='ltr'><strong><em>σίως</em></strong></span> <span class='ocrx_word' id='word_1_165' title='bbox 517 3050 655 3120; x_wconf 79' lang='grc' dir='ltr'><strong>καὶ</strong></span> <span class='ocrx_word' id='word_1_166' title='bbox 712 3044 871 3120; x_wconf 76' lang='grc' dir='ltr'><strong>τῶν</strong></span> <span class='ocrx_word' id='word_1_167' title='bbox 926 3042 1162 3121; x_wconf 73' lang='grc' dir='ltr'><strong><em>ἔνδον</em></strong></span> <span class='ocrx_word' id='word_1_168' title='bbox 1197 3046 1525 3141; x_wconf 82' lang='grc' dir='ltr'><strong><em>φύλακα</em></strong></span> <span class='ocrx_word' id='word_1_169' title='bbox 1562 3042 1837 3137; x_wconf 78' lang='grc' dir='ltr'><strong><em>πιστὴν</em></strong></span> <span class='ocrx_word' id='word_1_170' title='bbox 1875 3048 2108 3143; x_wconf 73' lang='grc' dir='ltr'><strong><em>ἔχειν.</em></strong></span> <span class='ocrx_word' id='word_1_171' title='bbox 2185 3051 2524 3145; x_wconf 82' lang='lat' dir='ltr'><strong>(Habere</strong></span> <span class='ocrx_word' id='word_1_172' title='bbox 2560 3053 2640 3128; x_wconf 86' lang='lat' dir='ltr'><strong>in</strong></span> <span class='ocrx_word' id='word_1_173' title='bbox 2677 3053 3058 3132; x_wconf 84' lang='lat' dir='ltr'><strong>matrimo-</strong></span> 
     </span>
     <span class='ocr_line' id='line_1_21' title="bbox 286 3175 3062 3280; baseline 0.002 -29"><span class='ocrx_word' id='word_1_174' title='bbox 286 3176 410 3251; x_wconf 89' lang='lat' dir='ltr'><strong>nio</strong></span> <span class='ocrx_word' id='word_1_175' title='bbox 451 3176 594 3251; x_wconf 92' lang='lat' dir='ltr'><strong>hoc</strong></span> <span class='ocrx_word' id='word_1_176' title='bbox 633 3186 781 3269; x_wconf 87' lang='lat' dir='ltr'><strong>est,</strong></span> <span class='ocrx_word' id='word_1_177' title='bbox 840 3175 902 3251; x_wconf 91' lang='lat' dir='ltr'><strong>si</strong></span> <span class='ocrx_word' id='word_1_178' title='bbox 941 3176 1105 3276; x_wconf 90' lang='lat' dir='ltr'><strong>quis</strong></span> <span class='ocrx_word' id='word_1_179' title='bbox 1164 3176 1439 3253; x_wconf 85' lang='lat' dir='ltr'><strong>liberos</strong></span> <span class='ocrx_word' id='word_1_180' title='bbox 1478 3176 1787 3278; x_wconf 87' lang='lat' dir='ltr'><strong>suscipit</strong></span> <span class='ocrx_word' id='word_1_181' title='bbox 1824 3188 1900 3253; x_wconf 89' lang='lat' dir='ltr'><strong>et</strong></span> <span class='ocrx_word' id='word_1_182' title='bbox 1937 3204 2162 3279; x_wconf 91' lang='lat' dir='ltr'><strong>quum</strong></span> <span class='ocrx_word' id='word_1_183' title='bbox 2201 3178 2298 3255; x_wconf 89' lang='lat' dir='ltr'><strong>ad</strong></span> <span class='ocrx_word' id='word_1_184' title='bbox 2335 3179 2727 3280; x_wconf 86' lang='lat' dir='ltr'><strong>phratoras</strong></span> <span class='ocrx_word' id='word_1_185' title='bbox 2767 3189 2928 3257; x_wconf 86' lang='lat' dir='ltr'><strong>tum</strong></span> <span class='ocrx_word' id='word_1_186' title='bbox 2963 3180 3062 3257; x_wconf 87' lang='lat' dir='ltr'><strong>ad</strong></span> 
     </span>
     <span class='ocr_line' id='line_1_22' title="bbox 288 3300 3062 3404; baseline 0.001 -27"><span class='ocrx_word' id='word_1_187' title='bbox 288 3302 619 3377; x_wconf 88' lang='lat' dir='ltr'><strong>demotas</strong></span> <span class='ocrx_word' id='word_1_188' title='bbox 656 3300 1059 3378; x_wconf 89' lang='lat' dir='ltr'><strong>introducit</strong></span> <span class='ocrx_word' id='word_1_189' title='bbox 1097 3302 1331 3395; x_wconf 85' lang='lat' dir='ltr'><strong>filios,</strong></span> <span class='ocrx_word' id='word_1_190' title='bbox 1388 3312 1463 3378; x_wconf 91' lang='lat' dir='ltr'><strong>et</strong></span> <span class='ocrx_word' id='word_1_191' title='bbox 1498 3303 1691 3379; x_wconf 85' lang='lat' dir='ltr'><strong>filias</strong></span> <span class='ocrx_word' id='word_1_192' title='bbox 1731 3328 1867 3403; x_wconf 91' lang='lat' dir='ltr'><strong>pro</strong></span> <span class='ocrx_word' id='word_1_193' title='bbox 1907 3304 2056 3379; x_wconf 89' lang='lat' dir='ltr'><strong>suis</strong></span> <span class='ocrx_word' id='word_1_194' title='bbox 2092 3314 2416 3404; x_wconf 90' lang='lat' dir='ltr'><strong>nuptum</strong></span> <span class='ocrx_word' id='word_1_195' title='bbox 2452 3305 2711 3380; x_wconf 88' lang='lat' dir='ltr'><strong>elocat.</strong></span> <span class='ocrx_word' id='word_1_196' title='bbox 2771 3304 3062 3383; x_wconf 86' lang='lat' dir='ltr'><strong>Uxores</strong></span> 
     </span>
     <span class='ocr_line' id='line_1_23' title="bbox 284 3425 3061 3531; baseline 0.002 -29"><span class='ocrx_word' id='word_1_197' title='bbox 284 3428 484 3502; x_wconf 90' lang='lat' dir='ltr'><strong>enim</strong></span> <span class='ocrx_word' id='word_1_198' title='bbox 541 3425 895 3502; x_wconf 88' lang='lat' dir='ltr'><strong>habemus</strong></span> <span class='ocrx_word' id='word_1_199' title='bbox 953 3438 1261 3529; x_wconf 86' lang='lat' dir='ltr'><strong>propter</strong></span> <span class='ocrx_word' id='word_1_200' title='bbox 1314 3425 1685 3526; x_wconf 87' lang='lat' dir='ltr'><strong>ingenuos</strong></span> <span class='ocrx_word' id='word_1_201' title='bbox 1742 3428 2020 3505; x_wconf 85' lang='lat' dir='ltr'><strong>liberos</strong></span> <span class='ocrx_word' id='word_1_202' title='bbox 2077 3429 2591 3531; x_wconf 83' lang='lat' dir='ltr'><strong>suscipiendos</strong></span> <span class='ocrx_word' id='word_1_203' title='bbox 2651 3440 2725 3505; x_wconf 88' lang='lat' dir='ltr'><strong>et</strong></span> <span class='ocrx_word' id='word_1_204' title='bbox 2763 3429 3061 3507; x_wconf 89' lang='lat' dir='ltr'><strong>fidelem</strong></span> 
     </span>
    </p>
   </div>
   <div class='ocr_carea' id='block_1_6' title="bbox 280 3550 3060 3903">
    <p class='ocr_par' dir='ltr' id='par_1_8' title="bbox 280 3550 3060 3903">
     <span class='ocr_line' id='line_1_24' title="bbox 285 3550 1323 3645; baseline -0.002 -17"><span class='ocrx_word' id='word_1_205' title='bbox 285 3553 391 3629; x_wconf 89' lang='lat' dir='ltr'><strong>rei</strong></span> <span class='ocrx_word' id='word_1_206' title='bbox 430 3552 811 3629; x_wconf 86' lang='lat' dir='ltr'><strong>familiaris</strong></span> <span class='ocrx_word' id='word_1_207' title='bbox 849 3550 1323 3645; x_wconf 78' lang='lat' dir='ltr'><strong>custodiam.)</strong></span> 
     </span>
     <span class='ocr_line' id='line_1_25' title="bbox 501 3676 3058 3775; baseline 0 -20"><span class='ocrx_word' id='word_1_208' title='bbox 501 3676 1022 3757; x_wconf 87' lang='lat' dir='ltr'><strong>Aristotel.</strong></span> <span class='ocrx_word' id='word_1_209' title='bbox 1080 3676 1389 3751; x_wconf 87' lang='lat' dir='ltr'><strong>Ethic.</strong></span> <span class='ocrx_word' id='word_1_210' title='bbox 1452 3676 1814 3753; x_wconf 90' lang='lat' dir='ltr'><strong>Nicom.</strong></span> <span class='ocrx_word' id='word_1_211' title='bbox 1878 3676 2084 3773; x_wconf 89' lang='lat' dir='ltr'><strong>VHI,</strong></span> <span class='ocrx_word' id='word_1_212' title='bbox 2153 3678 2268 3775; x_wconf 82' lang='lat'><strong>12,</strong></span> <span class='ocrx_word' id='word_1_213' title='bbox 2329 3679 2419 3752; x_wconf 85' lang='lat'><strong>7:</strong></span> <span class='ocrx_word' id='word_1_214' title='bbox 2485 3679 2848 3756; x_wconf 79' lang='lat' dir='ltr'><strong>Homines</strong></span> <span class='ocrx_word' id='word_1_215' title='bbox 2902 3706 3058 3756; x_wconf 91' lang='lat' dir='ltr'><strong>non</strong></span> 
     </span>
     <span class='ocr_line' id='line_1_26' title="bbox 280 3790 3060 3903; baseline 0.001 -24"><span class='ocrx_word' id='word_1_216' title='bbox 280 3790 523 3880; x_wconf 80' lang='lat' dir='ltr'><strong>solum</strong></span> <span class='ocrx_word' id='word_1_217' title='bbox 563 3803 656 3880; x_wconf 90' lang='lat' dir='ltr'><strong>ad</strong></span> <span class='ocrx_word' id='word_1_218' title='bbox 697 3802 1197 3903; x_wconf 88' lang='lat' dir='ltr'><strong>procreandos</strong></span> <span class='ocrx_word' id='word_1_219' title='bbox 1235 3801 1511 3879; x_wconf 88' lang='lat' dir='ltr'><strong>liberos</strong></span> <span class='ocrx_word' id='word_1_220' title='bbox 1568 3802 1944 3879; x_wconf 91' lang='lat' dir='ltr'><strong>communi</strong></span> <span class='ocrx_word' id='word_1_221' title='bbox 1990 3804 2210 3881; x_wconf 90' lang='lat' dir='ltr'><strong>domo</strong></span> <span class='ocrx_word' id='word_1_222' title='bbox 2251 3815 2601 3899; x_wconf 85' lang='lat' dir='ltr'><strong>utuntur,</strong></span> <span class='ocrx_word' id='word_1_223' title='bbox 2659 3805 2792 3882; x_wconf 90' lang='lat' dir='ltr'><strong>sed</strong></span> <span class='ocrx_word' id='word_1_224' title='bbox 2831 3805 3060 3881; x_wconf 87' lang='lat' dir='ltr'><strong>etiam</strong></span> 
     </span>
    </p>
   </div>
   <div class='ocr_carea' id='block_1_7' title="bbox 283 3927 3058 4407">
    <p class='ocr_par' dir='ltr' id='par_1_9' title="bbox 283 3927 3058 4407">
     <span class='ocr_line' id='line_1_27' title="bbox 284 3927 3055 4030; baseline 0 -26"><span class='ocrx_word' id='word_1_225' title='bbox 284 3940 367 4004; x_wconf 91' lang='lat' dir='ltr'><strong>ut</strong></span> <span class='ocrx_word' id='word_1_226' title='bbox 404 3955 659 4005; x_wconf 90' lang='lat' dir='ltr'><strong>eorum</strong></span> <span class='ocrx_word' id='word_1_227' title='bbox 699 3952 888 4027; x_wconf 88' lang='lat' dir='ltr'><strong>quae</strong></span> <span class='ocrx_word' id='word_1_228' title='bbox 924 3928 1018 4003; x_wconf 90' lang='lat' dir='ltr'><strong>ad</strong></span> <span class='ocrx_word' id='word_1_229' title='bbox 1059 3927 1291 4004; x_wconf 88' lang='lat' dir='ltr'><strong>vitam</strong></span> <span class='ocrx_word' id='word_1_230' title='bbox 1328 3929 1745 4029; x_wconf 86' lang='lat' dir='ltr'><strong>pertinent,</strong></span> <span class='ocrx_word' id='word_1_231' title='bbox 1804 3930 2166 4030; x_wconf 88' lang='lat' dir='ltr'><strong>majorem</strong></span> <span class='ocrx_word' id='word_1_232' title='bbox 2223 3929 2551 4007; x_wconf 85' lang='lat' dir='ltr'><strong>habeant</strong></span> <span class='ocrx_word' id='word_1_233' title='bbox 2607 3930 3055 4007; x_wconf 81' lang='lat' dir='ltr'><strong>facultatem.</strong></span> 
     </span>
     <span class='ocr_line' id='line_1_28' title="bbox 285 4050 3058 4155; baseline -0.001 -23"><span class='ocrx_word' id='word_1_234' title='bbox 285 4053 550 4132; x_wconf 88' lang='lat' dir='ltr'><strong>Statim</strong></span> <span class='ocrx_word' id='word_1_235' title='bbox 592 4054 790 4129; x_wconf 91' lang='lat' dir='ltr'><strong>enim</strong></span> <span class='ocrx_word' id='word_1_236' title='bbox 827 4050 1197 4155; x_wconf 86' lang='lat' dir='ltr'><strong>descripta</strong></span> <span class='ocrx_word' id='word_1_237' title='bbox 1232 4078 1322 4129; x_wconf 90' lang='lat' dir='ltr'><strong>ac</strong></span> <span class='ocrx_word' id='word_1_238' title='bbox 1360 4052 1596 4130; x_wconf 86' lang='lat' dir='ltr'><strong>divisa</strong></span> <span class='ocrx_word' id='word_1_239' title='bbox 1633 4050 1806 4129; x_wconf 81' lang='lat' dir='ltr'><strong>sunt</strong></span> <span class='ocrx_word' id='word_1_240' title='bbox 1853 4079 2113 4131; x_wconf 89' lang='lat' dir='ltr'><strong>eorum</strong></span> <span class='ocrx_word' id='word_1_241' title='bbox 2169 4055 2452 4149; x_wconf 88' lang='lat' dir='ltr'><strong>officia,</strong></span> <span class='ocrx_word' id='word_1_242' title='bbox 2509 4055 2846 4155; x_wconf 85' lang='lat' dir='ltr'><strong>aliaeque</strong></span> <span class='ocrx_word' id='word_1_243' title='bbox 2884 4064 3058 4131; x_wconf 84' lang='lat' dir='ltr'><strong>sunt</strong></span> 
     </span>
     <span class='ocr_line' id='line_1_29' title="bbox 284 4178 3052 4281; baseline 0.001 -28"><span class='ocrx_word' id='word_1_244' title='bbox 284 4181 425 4255; x_wconf 89' lang='lat' dir='ltr'><strong>viri</strong></span> <span class='ocrx_word' id='word_1_245' title='bbox 448 4236 467 4275; x_wconf 87' lang='lat'><strong>,</strong></span> <span class='ocrx_word' id='word_1_246' title='bbox 522 4178 709 4254; x_wconf 87' lang='lat' dir='ltr'><strong>aliae</strong></span> <span class='ocrx_word' id='word_1_247' title='bbox 769 4180 1019 4256; x_wconf 86' lang='lat' dir='ltr'><strong>uxoris</strong></span> <span class='ocrx_word' id='word_1_248' title='bbox 1077 4192 1349 4281; x_wconf 76' lang='lat' dir='ltr'><strong>partes,</strong></span> <span class='ocrx_word' id='word_1_249' title='bbox 1426 4180 1851 4258; x_wconf 87' lang='lat' dir='ltr'><strong>Inserviunt</strong></span> <span class='ocrx_word' id='word_1_250' title='bbox 1889 4179 2117 4278; x_wconf 87' lang='lat' dir='ltr'><strong>igitur</strong></span> <span class='ocrx_word' id='word_1_251' title='bbox 2153 4180 2342 4257; x_wconf 84' lang='lat' dir='ltr'><strong>alter</strong></span> <span class='ocrx_word' id='word_1_252' title='bbox 2377 4182 2586 4259; x_wconf 86' lang='lat' dir='ltr'><strong>alteri</strong></span> <span class='ocrx_word' id='word_1_253' title='bbox 2609 4239 2628 4277; x_wconf 95' lang='lat'><strong>,</strong></span> <span class='ocrx_word' id='word_1_254' title='bbox 2687 4207 2824 4258; x_wconf 88' lang='lat' dir='ltr'><strong>sua</strong></span> <span class='ocrx_word' id='word_1_255' title='bbox 2856 4192 3052 4258; x_wconf 88' lang='lat' dir='ltr'><strong>uter-</strong></span> 
     </span>
     <span class='ocr_line' id='line_1_30' title="bbox 283 4306 1495 4407; baseline -0.001 -26"><span class='ocrx_word' id='word_1_256' title='bbox 283 4329 426 4407; x_wconf 92' lang='lat' dir='ltr'><strong>que</strong></span> <span class='ocrx_word' id='word_1_257' title='bbox 465 4309 545 4381; x_wconf 86' lang='lat' dir='ltr'><strong>in</strong></span> <span class='ocrx_word' id='word_1_258' title='bbox 580 4330 969 4383; x_wconf 87' lang='lat' dir='ltr'><strong>commune</strong></span> <span class='ocrx_word' id='word_1_259' title='bbox 1009 4306 1495 4383; x_wconf 88' lang='lat' dir='ltr'><strong>conferentes.</strong></span> 
     </span>
    </p>
   </div>
   <div class='ocr_carea' id='block_1_8' title="bbox 1448 4514 1902 4599">
    <p class='ocr_par' dir='ltr' id='par_1_10' title="bbox 1448 4514 1902 4599">
     <span class='ocr_line' id='line_1_31' title="bbox 1448 4514 1902 4599; baseline 0.004 -2"><span class='ocrx_word' id='word_1_260' title='bbox 1448 4514 1600 4598; x_wconf 76' lang='lat' dir='ltr'><strong>Ad</strong></span> <span class='ocrx_word' id='word_1_261' title='bbox 1635 4517 1902 4599; x_wconf 76' lang='grc'>1351.</span> 
     </span>
    </p>
   </div>
   <div class='ocr_carea' id='block_1_9' title="bbox 281 4681 3052 4911">
    <p class='ocr_par' dir='ltr' id='par_1_11' title="bbox 281 4681 3052 4911">
     <span class='ocr_line' id='line_1_32' title="bbox 493 4681 3047 4782; baseline 0 -23"><span class='ocrx_word' id='word_1_262' title='bbox 493 4684 713 4782; x_wconf 83' lang='lat' dir='ltr'><strong>Diog.</strong></span> <span class='ocrx_word' id='word_1_263' title='bbox 755 4682 999 4759; x_wconf 64' lang='lat' dir='ltr'><strong>Laert.</strong></span> <span class='ocrx_word' id='word_1_264' title='bbox 1040 4682 1218 4759; x_wconf 89' lang='lat' dir='ltr'><strong>dicit</strong></span> <span class='ocrx_word' id='word_1_265' title='bbox 1268 4683 1549 4760; x_wconf 88' lang='lat' dir='ltr'><strong>ibidem</strong></span> <span class='ocrx_word' id='word_1_266' title='bbox 1606 4682 1990 4758; x_wconf 86' lang='lat' dir='ltr'><strong>decretum</strong></span> <span class='ocrx_word' id='word_1_267' title='bbox 2043 4684 2185 4758; x_wconf 87' lang='lat' dir='ltr'><strong>hoc</strong></span> <span class='ocrx_word' id='word_1_268' title='bbox 2234 4683 2488 4759; x_wconf 87' lang='lat' dir='ltr'><strong>tulisse</strong></span> <span class='ocrx_word' id='word_1_269' title='bbox 2529 4681 3047 4777; x_wconf 84' lang='lat' dir='ltr'><strong>Athenienses,</strong></span> 
     </span>
     <span class='ocr_line' id='line_1_33' title="bbox 281 4808 3052 4911; baseline -0.001 -24"><span class='ocrx_word' id='word_1_270' title='bbox 281 4836 510 4911; x_wconf 89' lang='lat' dir='ltr'><strong>quum</strong></span> <span class='ocrx_word' id='word_1_271' title='bbox 548 4808 765 4903; x_wconf 77' lang='lat' dir='ltr'><strong>bellis</strong></span> <span class='ocrx_word' id='word_1_272' title='bbox 804 4834 893 4885; x_wconf 90' lang='lat' dir='ltr'><strong>ac</strong></span> <span class='ocrx_word' id='word_1_273' title='bbox 929 4810 1049 4885; x_wconf 87' lang='lat' dir='ltr'><strong>lue</strong></span> <span class='ocrx_word' id='word_1_274' title='bbox 1086 4810 1375 4885; x_wconf 86' lang='lat' dir='ltr'><strong>civibus</strong></span> <span class='ocrx_word' id='word_1_275' title='bbox 1404 4808 1842 4886; x_wconf 87' lang='lat' dir='ltr'><strong>exhaustam</strong></span> <span class='ocrx_word' id='word_1_276' title='bbox 1880 4809 2256 4886; x_wconf 87' lang='lat' dir='ltr'><strong>civitatem</strong></span> <span class='ocrx_word' id='word_1_277' title='bbox 2295 4834 2642 4911; x_wconf 87' lang='lat' dir='ltr'><strong>reparare</strong></span> <span class='ocrx_word' id='word_1_278' title='bbox 2665 4810 3052 4901; x_wconf 71' lang='lat' dir='ltr'><strong>⁷sobolem-</strong></span> 
     </span>
    </p>
   </div>
   <div class='ocr_carea' id='block_1_10' title="bbox 280 4936 1125 5039">
    <p class='ocr_par' dir='ltr' id='par_1_12' title="bbox 280 4936 1125 5039">
     <span class='ocr_line' id='line_1_34' title="bbox 280 4936 1125 5039; baseline 0 -24"><span class='ocrx_word' id='word_1_279' title='bbox 280 4963 421 5039; x_wconf 87' lang='lat' dir='ltr'><strong>que</strong></span> <span class='ocrx_word' id='word_1_280' title='bbox 464 4937 789 5015; x_wconf 85' lang='lat' dir='ltr'><strong>excitare</strong></span> <span class='ocrx_word' id='word_1_281' title='bbox 824 4936 1125 5015; x_wconf 85' lang='lat' dir='ltr'><strong>vellent.</strong></span> 
     </span>
    </p>
   </div>
   <div class='ocr_carea' id='block_1_11' title="bbox 270 5078 3050 5341">
    <p class='ocr_par' dir='ltr' id='par_1_13' title="bbox 270 5078 3050 5341">
     <span class='ocr_line' id='line_1_35' title="bbox 494 5078 3050 5184; baseline -0 -28"><span class='ocrx_word' id='word_1_282' title='bbox 494 5078 723 5184; x_wconf 88' lang='lat' dir='ltr'><strong>Apud</strong></span> <span class='ocrx_word' id='word_1_283' title='bbox 778 5080 1413 5158; x_wconf 85' lang='lat' dir='ltr'><strong>Lacedaemonios</strong></span> <span class='ocrx_word' id='word_1_284' title='bbox 1465 5080 1857 5181; x_wconf 82' lang='lat' dir='ltr'><strong>Lycurgus</strong></span> <span class='ocrx_word' id='word_1_285' title='bbox 1911 5079 2247 5183; x_wconf 87' lang='lat' dir='ltr'><strong>permisit</strong></span> <span class='ocrx_word' id='word_1_286' title='bbox 2300 5082 2461 5159; x_wconf 88' lang='lat' dir='ltr'><strong>seni</strong></span> <span class='ocrx_word' id='word_1_287' title='bbox 2483 5140 2501 5177; x_wconf 90' lang='lat'><strong>,</strong></span> <span class='ocrx_word' id='word_1_288' title='bbox 2560 5080 2686 5182; x_wconf 89' lang='lat' dir='ltr'><strong>qui</strong></span> <span class='ocrx_word' id='word_1_289' title='bbox 2738 5103 3050 5157; x_wconf 89' lang='lat' dir='ltr'><strong>uxorem</strong></span> 
     </span>
     <span class='ocr_line' id='line_1_36' title="bbox 270 5205 3048 5341; baseline -0.002 -56"><span class='ocrx_word' id='word_1_290' title='bbox 270 5209 630 5322; x_wconf 85' lang='lat' dir='ltr'><strong>juvenem</strong></span> <span class='ocrx_word' id='word_1_291' title='bbox 664 5205 1032 5341; x_wconf 70' lang='lat' dir='ltr'><strong>habebat,</strong></span> <span class='ocrx_word' id='word_1_292' title='bbox 1072 5206 1133 5283; x_wconf 83' lang='lat' dir='ltr'><strong>si</strong></span> <span class='ocrx_word' id='word_1_293' title='bbox 1174 5231 1397 5321; x_wconf 75' lang='lat' dir='ltr'><strong>quem</strong></span> <span class='ocrx_word' id='word_1_294' title='bbox 1432 5207 1920 5294; x_wconf 85' lang='lat' dir='ltr'><strong>honestorum</strong></span> <span class='ocrx_word' id='word_1_295' title='bbox 1957 5232 2047 5291; x_wconf 87' lang='lat' dir='ltr'><strong>ac</strong></span> <span class='ocrx_word' id='word_1_296' title='bbox 2082 5206 2353 5287; x_wconf 87' lang='lat' dir='ltr'><strong>virtute</strong></span> <span class='ocrx_word' id='word_1_297' title='bbox 2390 5205 2898 5311; x_wconf 84' lang='lat' dir='ltr'><strong>praeditorum</strong></span> <span class='ocrx_word' id='word_1_298' title='bbox 2925 5206 3048 5308; x_wconf 89' lang='lat' dir='ltr'><strong>ju·</strong></span> 
     </span>
    </p>
   </div>
  </div>
 </body>
</html>
