3725 5850
1353 478 1490 530 nus
1526 479 2060 536 usncAronn.
2932 457 3088 536 397

1588 673 1624 747 1
1639 675 1813 750 546.

528 809 590 888 Ε
637 809 1008 892 fructibus
1043 813 1228 892 nihil
1265 827 1561 917 praeter
1600 815 1848 894 oleum
1886 817 2112 894 vendi
2148 819 2567 922 peregrinis
2605 818 3087 920 permittitur3

336 948 564 1014 cetera
597 941 972 1042 exportari
1017 940 1228 1018 nefas
1269 953 1451 1018 esto.

1595 1085 1822 1163 1547.

517 1217 971 1316 Ἀθήνηθεν
999 1221 1107 1320 μή
1148 1224 1451 1332 ἐξάγειν
1489 1220 1770 1306 ἄλλοσέ
1805 1258 1959 1306 που
1997 1228 2227 1306 σῦκα.

901 1353 1193 1448 (Schol.
1233 1356 1330 1432 ad
1368 1355 1847 1461 Aristophan.
1892 1359 2083 1436 Plut.
2127 1359 2248 1435 31.
2308 1359 2467 1434 Lex
2509 1357 2872 1450 Solonis.)

1593 1515 1820 1594 1547.

529 1649 844 1731 Athenis
881 1681 978 1732 ne
1014 1668 1504 1759 exportentur
1540 1659 1897 1738 aliorsum
1936 1663 2143 1740 ficus.

1578 1824 1802 1900 1548.

526 1951 665 2045 Μὴ
705 1953 1007 2060 ἐξάγειν
1042 1957 1235 2051 ξύλα
1285 1967 1425 2039 καὶ
1464 1967 1767 2042 πίτταν.

1370 2091 1658 2185 (Schol.
1699 2092 1795 2168 ad
1837 2092 2317 2196 Aristophan.
2358 2093 2601 2194 Equit.
2646 2092 2865 2184 279.)

1593 2255 1814 2332 1548.

525 2383 636 2464 Ne
673 2387 894 2467 liceat
936 2407 1332 2497 exportare
1369 2397 1578 2498 ligna
1615 2413 1692 2475 et
1726 2399 1994 2502 picem.

1587 2558 1814 2634 1549.

531 2693 708 2778 Τοῖς
767 2695 1300 2793 ἰχθυοπώλαις
1357 2694 1624 2776 οὐκέτι
1683 2707 1891 2776 ἐστιν
1946 2702 2255 2792 ἐξουσία
2294 2703 2588 2799 ῥαίνειν
2623 2707 3072 2800 ξηραινομέ-

325 2839 493 2900 νους
528 2811 712 2904 τούς
752 2829 1015 2929 ἰχθῦς,
1963 2828 2434 2922 (Athenaeus
2473 2827 2606 2925 VI,
2646 2829 2865 2922 225.)

1588 2937 1812 3013 1549.

523 3087 849 3164 Piscium
905 3080 1415 3162 venditoribus
1474 3107 1568 3157 ne
1626 3082 1848 3159 liceat
1885 3082 2204 3185 amplius
2243 3080 2487 3159 aridos
2524 3082 2770 3185 pisces
2807 3083 3073 3180 rigare.

1582 3244 1812 3319 1550.

527 3383 682 3473 Τὰς
719 3384 942 3473 δίκας
979 3381 1181 3460 εἶναι
1219 3380 1350 3469 τὰς
1388 3379 1810 3482 ἐμπορικὰς
1845 3380 2006 3457 τῶν
2042 3385 2540 3483 συμβολαίων
2595 3383 2752 3461 τῶν
2818 3380 3071 3479 ’Λθή-

321 3541 520 3611 νῃσι,
579 3519 719 3589 καὶ
771 3515 875 3597 εἰς
933 3508 1020 3586 τὸ
1075 3509 1230 3586 τῶν
1278 3506 1736 3600 Ἀθηναίων
1789 3506 2203 3608 ἐμπόριον,
2262 3516 2401 3585 καὶ
2452 3506 2547 3586 οὐ
2598 3509 2861 3610 μόνον
2917 3510 3075 3587 τῶν

310 3633 771 3733 Ἀθήνησιν,
830 3634 1025 3713 ἀλλὰ
1085 3642 1223 3711 καὶ
1282 3629 1398 3710 ὅσ’
1439 3629 1542 3711 ἂν
1587 3640 1892 3739 γένηται
1931 3642 2159 3713 ἕνεκα
2198 3635 2338 3711 τοῦ
2381 3635 2579 3712 πλοῦ
2620 3636 2764 3713 τοῦ
2814 3633 3071 3727 ’Λθή-

320 3772 504 3858 ναζε.
1477 3762 1912 3863 (Demosth.
1950 3764 2117 3841 adv.
2159 3765 2588 3842 Phormion.
2632 3767 2854 3858 919.)

1569 3927 1797 4005 1550.

513 4074 869 4153 Actiones
907 4072 1198 4150 dandae
1238 4082 1414 4149 sunt
1449 4072 1937 4149 mercatoriae
1976 4080 2527 4165 contractuum,
2584 4072 2713 4172 qui
2754 4070 3067 4151 Athenis

313 4199 473 4277 facti
529 4214 704 4277 sunt
759 4212 832 4277 et
883 4200 962 4276 in
1018 4197 1586 4277 Atheniensium
1647 4208 2095 4292 mercatum,
2157 4207 2232 4273 et
2286 4222 2437 4272 non
2474 4198 2713 4273 solum
2759 4198 3069 4276 Athenis

313 4326 686 4424 factorum,
727 4325 858 4405 sed
896 4350 1150 4403 eorum
1188 4348 1504 4425 quoque,
1546 4324 1673 4424 qui
1714 4323 1806 4400 de
1847 4323 2329 4422 navigatione
2369 4322 2558 4398 fiunt
2594 4324 3071 4424 suscipienda

314 4450 651 4530 Athenas,

1576 4557 1802 4635 1551.

489 4677 792 4775 ’Ἔξεστι
848 4691 1004 4769 τοῖς
1060 4685 1302 4772 ξένοις
1358 4678 1714 4780 ἐμπόροις
1761 4675 1967 4756 ὅπου
2020 4677 2441 4779 βούλοιντο
2500 4684 2891 4755 ποιεῖσθαι
2931 4676 3064 4766 τὰς

313 4806 541 4897 δίκας.
1376 4806 1662 4901 (Schol.
1701 4810 1778 4884 in
1818 4809 2201 4887 Demosth.
2246 4808 2418 4887 Mid.
2462 4809 2639 4905 571,
2687 4808 2848 4901 16.)

1576 4971 1802 5048 1551.

511 5096 1222 5199 Liceatperegrinis
1259 5097 1790 5174 mercatoribus
1827 5096 2037 5174 litem
2072 5095 2485 5191 intendere,
2522 5093 2651 5171 ubi
2670 5091 3061 5169 voluerint.
