3725 5850
1081 433 1086 438 ·
1162 423 1778 478 COMMENTARIUS
1814 422 1923 474 An
1967 422 2089 476 145.
2134 422 2258 477 14⁷.
2301 425 2423 479 us.
2486 385 2491 398 ⁶
3018 406 3171 482 435

395 623 574 694 σιάν
614 611 656 694 ὅ
699 616 941 717 κῆρυξ
965 673 986 706 ,
1049 611 1205 691 οὐκ
1263 613 1338 690 εἴ
1385 639 1584 700 τινες
1641 612 2268 709 ἐξηπατήθησαν,
2330 612 2495 692 ἀλλ’
2558 617 2635 692 εἴ
2676 647 2795 703 τις
2836 618 3168 719 ἐξαπατᾷ

395 750 633 850 λέγων
674 739 719 836 ἢ
753 739 1054 844 βουλήν
1095 735 1145 831 ἢ
1182 738 1451 840 δῆμον.

605 873 758 949 Ubi
790 867 1122 967 ἐξαπατᾷ
1164 870 1528 971 λέγωνὶῖθ,
1548 878 1724 944 sunt
1741 867 2271 970 intelligenda:
2315 866 2770 972 δημηγορῶν
2808 868 3166 968 ἐξαπατᾷ.

603 1001 734 1093 (In
790 999 1098 1098 singulis
1155 997 1638 1072 concionibus
1691 1019 1965 1093 praeco
2006 997 2182 1074 diris
2223 998 2553 1074 devovet
2586 1021 2743 1072 non
2780 998 3161 1100 deceptos,

391 1129 522 1204 sed
557 1129 772 1206 illum
807 1129 931 1228 qui
967 1125 1218 1203 verbis
1255 1126 1378 1201 vel
1415 1130 1761 1200 senatum
1797 1123 1921 1198 vel
1960 1124 2317 1225 populum
2359 1124 2702 1225 decipit.)

1559 1332 1710 1418 Ad
1766 1336 1989 1418 145.

605 1501 1246 1603 Aristophan.
1304 1501 2098 1578 Ecclesiazusae.
2159 1499 2608 1577 300-310,
2668 1528 2780 1576 v.:
2840 1499 3032 1576 Vide
3082 1513 3164 1576 ut

388 1627 896 1731 propellamus
955 1627 1177 1723 istos,
1254 1627 1382 1727 qui
1439 1651 1528 1702 ex
1585 1627 1770 1703 urbe
1829 1628 2185 1723 veniunt3
2264 1628 2389 1728 qui
2448 1627 2747 1725 quidem
2802 1626 3157 1720 antehac,

388 1781 618 1854 quum
653 1782 702 1828 u
724 1753 816 1828 ni
840 1780 948 1829 cu
971 1781 1046 1828 m
1085 1755 1200 1829 ob
1222 1755 1476 1829 olum
1513 1753 1941 1856 acciperent
1976 1752 2072 1829 ad
2112 1754 2552 1828 concionem
2587 1751 3003 1849 venienteS,
3046 1777 3157 1827 se-

386 1879 663 1955 debant
697 1879 1290 1975 confabulantes,
1316 1905 1486 1954 cum
1525 1878 1814 1956 coronis
1853 1878 2410 1954 convivalibus:
2451 1904 2652 1953 nunc
2692 1889 2939 1954 autem
2978 1903 3157 1980 prae

381 2005 600 2081 turba
636 2005 929 2082 molesti
967 2014 1162 2081 sunt.
1224 2003 1323 2080 At
1360 2007 1559 2080 enim
1596 2031 1824 2107 quum
1859 2002 2139 2080 archon
2180 2015 2339 2079 erat
2378 2029 2790 2102 generosus
2834 2002 2954 2079 ille
2994 2003 3154 2106 My-

383 2129 722 2227 ronides‚
786 2156 1004 2206 nemo
1060 2157 1282 2208 ausus
1331 2132 1593 2207 fuisset
1629 2156 1669 2207 e
1709 2129 2161 2230 reipublicae
2202 2129 2837 2205 administratione
2876 2154 3155 2205 merce-

383 2257 552 2332 dem
591 2257 827 2333 ferre:
884 2257 1011 2332 sed
1049 2257 1405 2333 veniebat
1443 2259 1949 2358 unusquisque
1985 2258 2064 2330 in
2100 2255 2397 2332 sacculo
2435 2254 2719 2331 habens
2756 2265 3021 2356 potum
3058 2253 3152 2330 si·

381 2382 530 2457 mul
570 2407 984 2484 panemque
1023 2392 1098 2458 et
1134 2382 1320 2458 duas
1359 2407 1622 2483 cepas»,
1663 2391 1964 2482 tresque
2002 2380 2237 2457 olivas
2280 2380 2590 2458 circiter.
2649 2382 2871 2458 Nunc
2907 2391 3158 2457 autem

381 2508 509 2581 tri
533 2508 646 2582 ob
671 2507 926 2583 olum
982 2507 1317 2609 accipere
1377 2506 1801 2609 postulant,
1861 2533 2089 2607 quum
2128 2504 2405 2606 aliquid
2445 2505 2792 2607 publicae
2830 2506 2935 2582 rei
2974 2506 3153 2582 faci-

384 2642 552 2728 unt,
609 2633 822 2733 quasi
861 2631 1047 2708 viles
1086 2631 1426 2732 operarii.
2596 2623 2601 2628 ’

594 2771 698 2850 Ιᾶ
722 2800 762 2851 e
785 2801 862 2848 m
917 2775 1013 2851 in
1051 2776 1346 2851 Pluto
1386 2775 1832 2851 329--330.
1873 2803 1981 2851 v.:
2043 2776 2361 2877 Propter
2399 2788 2547 2852 tres
2587 2775 2851 2852 obolos
2887 2775 3153 2854 identi-

385 2898 551 2977 dem
586 2901 664 2977 in
699 2900 1057 2979 concione
1095 2900 1220 2977 alii
1258 2900 1442 2979 alios
1479 2900 1868 2979 trudimus.

1552 3111 1704 3196 Ad
1760 3114 1978 3196 147.

591 3278 836 3356 Schol.
878 3238 1362 3382 Aristophan.
1404 3278 1728 3357 Acharn.
1776 3279 1969 3355 171:
2028 3272 2389 3375 διοσημία
2448 3273 2531 3351 δέ
2583 3282 2790 3353 ἐστιν
2844 3270 2887 3353 ὃ
2946 3276 3150 3379 παρὰ

384 3397 659 3502 καιρὸν
683 3401 1007 3503 χειμών.
1070 3406 1509 3502 (Ostentum
1548 3417 1798 3482 autem
1837 3418 1951 3483 est
1990 3406 2498 3508 inopportuna
2535 3407 2999 3511 tempestas.)

1556 3617 1708 3699 Ad
1760 3619 1977 3702 148.

585 3787 674 3864 In
729 3784 974 3861 locum
1029 3782 1187 3859 τῶν
1243 3782 1318 3860 δὲ
1385 3781 1773 3884 προέδρων
1841 3788 2162 3868 ἕκαστος
2237 3779 2604 3879 ὀφειλέτω
2677 3778 3146 3881 τετταρά-

378 3940 428 3979 x
452 3937 494 3982 ο
520 3936 696 3985 vra
755 3903 1144 4009 δραχμάς,
1201 3911 1550 3988 substitui
1597 3908 1884 4007 μυρίας
1942 3902 2289 4007 δραχμάς
2327 3937 2366 3986 e
2406 3910 2837 3987 coniectura
2874 3906 3140 3988 doctis-

377 4037 536 4113 simi
575 4036 1114 4115 Westermann.
1175 4036 2135 4139 (Untersuchungen
2181 4037 2425 4113 iiber
2474 4036 2627 4111 die
2677 4036 2773 4113 in
2819 4036 2967 4111 die
3018 4048 3142 4112 at·

376 4162 772 4239 tischen
811 4163 1207 4240 Redner
1243 4164 1903 4263 eingelegten
1944 4160 2516 4239 Urkunden.
2559 4162 2873 4262 Leipzig
2917 4161 3142 4236 1850.

377 4315 444 4387 p.
483 4288 608 4363 32.
648 4290 843 4388 seq.)
2264 4292 2271 4299 “

586 4413 1042 4491 Timocrates
1082 4415 1324 4515 (apud
1362 4413 1745 4491 Demosth.
1790 4441 1848 4493 c.
1894 4415 2286 4490 Timocrat.
2328 4443 2399 4515 p.
2442 4415 2643 4509 708)
2680 4414 2976 4513 rogavit
3014 4414 3139 4491 de-

378 4551 695 4615 cretum:
753 4538 1225 4616 nomothetas
1264 4566 1426 4617 esse
1465 4538 1741 4616 debere
1781 4540 1983 4617 mille
2026 4550 2101 4615 et
2138 4566 2387 4615 unum.

584 4662 733 4741 Sed
773 4674 961 4740 teste
1000 4666 1302 4743 Polluce
1344 4665 1600 4761 (VIII,
1642 4665 1838 4759 101)
1878 4663 2351 4740 nomothetae
2392 4674 2604 4740 erant
2639 4667 2859 4742 mille.

582 4791 780 4867 Hinc
819 4800 1024 4891 patet
1061 4819 1446 4868 numerum
1503 4791 2103 4869 nomothetarum
2159 4816 2311 4865 non
2357 4817 2650 4894 semper
2691 4794 2916 4869 fuisse
2958 4818 3134 4868 eun-

377 4915 578 5012 dem,
639 4928 767 4992 aut
823 4942 998 4992 vere
1057 4917 1196 4991 sub
1255 4918 1450 4995 mille
1513 4918 1963 4994 nomothetis
2022 4916 2469 5018 quingentos
2526 4929 2908 4994 senatores
2966 4943 3137 4994 cum

378 5043 794 5143 quingentis
834 5043 1282 5119 nomothetis
1315 5044 1628 5143 intelligi
1667 5044 1963 5120 debere.
2040 5040 2467 5122 Andocides
2508 5043 2704 5119 enim
2742 5043 2877 5136 (de
2916 5054 3134 5144 myst.

380 5162 440 5268 ξ.
479 5167 835 5263 83—84)
875 5170 1328 5249 mentionem
1363 5172 1545 5249 facit
1580 5173 2159 5272 quingentorum
2197 5170 2816 5249 nomothetarum.
2876 5167 2991 5247 Cf.
3032 5170 3131 5246 le-

2579 5290 2710 5358 28Ἷιι
