3725 5850
654 458 763 547 82
1546 544 1565 563 ,
1758 484 1892 545 ms
1921 480 2354 547 romemt-

1961 680 2138 757 331.

866 808 1013 903 Qui
1051 836 1205 887 non
1246 808 1627 905 militavit,
1684 813 1793 885 ne'
1824 808 2232 884 exereitum
2271 806 2511 887 duent.

1956 970 2136 1047 332.

871 1089 1072 1180 Τούς
1133 1090 1599 1197 στρατηγούς
1656 1088 1998 1191 ὀμνύναι
2057 1086 2308 1189 ὅρκον
2351 1089 2644 1189 μεταξύ
2685 1091 2834 1168 τοῦ
2869 1091 3088 1181 ἕδους
3126 1099 3262 1169 καὶ
3303 1091 3434 1186 τῆς

648 1224 1023 1319 τραπέζης.
2193 1217 2585 1312 (Dinaroh.
2625 1248 2683 1297 e.
2724 1222 3035 1299 Philool.
3075 1224 3213 1315 2.).

1949 1344 2130 1421 382.

863 1472 1049 1549 Belli
1104 1472 1329 1550 duces
1372 1475 1631 1574 jurent
1689 1470 2218 1571 jusjurandum
2291 1470 2486 1549 inter
2553 1471 2850 1571 signum
2903 1473 3291 1553 Minervae
3355 1483 3434 1548 et

648 1622 1007 1675 mensam.

1947 1698 2124 1779 3'33.

871 1825 1071 1917 Τούς
1112 1823 1622 1932 στρατηγούς,
1683 1820 1879 1902 ὅταν
1915 1821 2263 1925 ὀμνύωσι
2301 1820 2446 1903 τὸν
2483 1824 2812 1927 πάτριον
2851 1822 3140 1925 ὅρκον,
3181 1827 3428 1925 ἕπομ-

649 1950 908 2041 νύειν,
966 1948 1087 2029 ὅτι
1142 1958 1282 2030 καὶ
1342 1951 1455 2043 δὶς
1515 1946 1666 2029 ἇνὰ
1717 1950 1878 2027 πᾶν
1933 1952 2099 2040 ἔτος
2145 1954 2250 2039 εἰς
2285 1949 2427 2043 τήν
2465 1949 2931 2056 Μεγαρικὴν
2973 1950 3424 2051 ἐμβαλοῦσι.

2180 2080 2595 2173 (Plutarch.
2635 2080 2978 2157 Pericles.
3020 2080 3207 2174 30.).

1949 2202 2129 2280 333.

860 2330 1051 2409 Belli
1088 2329 1347 2427 duces,
1386 2356 1557 2409 cum
1594 2359 1673 2408 se
1714 2342 2180 2408 sacramento
2219 2355 2266 2403 a
2301 2328 2705 2429 majoribus
2743 2342 3056 2435 accept-o
3099 2331 3421 2413 obsti-in-

646 2470 873 2559 gunt‚
929 2459 1227 2559 jurent,
1306 2458 1422 2533 bis
1477 2458 1877 2559 quotannis
1933 2482 2012 2533 se
2068 2456 2146 2560 in
2201 2454 2726 2555 Megarensem
2779 2482 3042 2557 agrum
3097 2456 3427 2534 facturos

643 2584 1025 2687 impetum.

1953 2687 2127 2764 334.
3423 2782 3430 2787 .

869 2808 1031 2889 Τὸν
1066 2808 1365 2905 ἐξιόντα
1418 2814 1542 2889 ἐπὶ
1589 2806 1931 2909 πόλιμον
1989 2804 2411 2915 στρατηγὸν
2465 2814 3083 2910 παρατίθεσθαι,
3141 2812 3218 2889 εἰ
3251 2814 3422 2911 {stoc

653 2943 1037 3043 θυγατέρα
1058 2995 1083 3032 ,
1139 2935 1254 3040 τῷ
1288 2931 1800 3041 συστρατὴγῳ.

1285 3065 1703 3168 (Anonymi
1740 3062 1966 3142 schol.
2005 3063 2101 3141 ad
2139 3075 2304 3142 stat.
2345 3065 2522 3142 419.
2563 3091 2726 3168 cap.
2751 3065 2958 3162 XIX,
3005 3066 3194 3162 15.).

1947 3225 2125 3302 334.

859 3353 1437 3432 Dux-exereitus
1475 3353 1570 3432 ad
1608 3353 1894 3430 bellum
1931 3352 2187 3428 exiens
2229 3351 2494 3443 filiam,
2549 3352 2610 3427 si
2653 3352 2963 3450 habeat,
3020 3353 3225 3455 apud
3263 3353 3415 3430 ool·

644 3477 897 3582 legam
933 3480 1283 3583 deponat.

1272 3576 1284 3589 ’
1948 3581 2124 3657 335.

867 3706 1068 3797 Tafis
1125 3704 1590 3813 στρατηγούς
1642 3701 1950 3780 τάττειν
2004 3705 2112 3788 εἰς
2173 3701 2305 3792 τὰς
2352 3702 2717 3800 φυλακὰς
2753 3706 2912 3783 τῶν
2956 3703 3419 3801 Ἀθηναίων

645 3841 787 3911 καὶ
824 3835 979 3912 τῶν
1017 3827 1280 3912 ἄλλων
1324 3829 1770 3909 οἰκούντων
1817 3825 2244 3922 Ἀθήνησι,
2307 3837 2503 3906 καθ’
2553 3827 2599 3908 ὅ
2636 3863 2706 3907 τι
2748 3827 2852 3914 ἂν
2890 3829 3153 3922 αὐτοῖς
3192 3831 3417 3932 δοκῇ.

2017 3959 2384 4062 (Lyourg.
2423 3987 2486 4038 e.
2525 3961 2866 4039 Leocrat.
2904 3958 3202 4063 §.16.).

1943 4123 2121 4200 335.

861 4249 1053 4328 Belli
1088 4247 1313 4329 duces
1352 4249 1700 4328 ordinent
1734 4246 1832 4324 ad
1889 4246 2236 4325 excubias
2285 4246 2587 4348 quosvis
2623 4245 3192 4328 Atheniensium
3229 4249 3414 4327 alio-

644 4383 963 4478 rumque
1003 4375 1545 4455 demorantium
1579 4373 1940 4470 Athenis,
1999 4385 2370 4475 quatenus
2406 4373 2588 4476 ipsis
2627 4375 2870 4451 visum
2905 4375 3146 4453 fuerit.

1943 4530 2124 4610 336.

864 4676 959 4752 Oi
1014 4683 1415 4783 στρατηγοὶ
1473 4671 2002 4782 ἐγγράφουσιν
2063 4677 2172 4762 εἰς
2238 4677 2678 4775 συμμορίαν
2747 4679 2888 4752 καὶ
2951 4671 3417 4777 τριήραρχον

642 4800 1088 4878 καθιστᾶσι.
1878 4803 2304 4899 (Demosth.
2344 4804 2514 4880 adv.
2551 4803 2812 4882 Boeot.
2851 4806 2910 4882 Ι.
2949 4805 3196 4900 997.).

1937 4962 2114 5038 336.

860 5091 1049 5169 Belli
1087 5065 1312 5169 duces
1349 5087 1765 5167 inscribunt
1799 5087 2000 5165 cives
2037 5089 2115 5164 in
2151 5088 2466 5166 classem
2515 5090 2878 5170 tributum
2925 5091 3407 5193 pendentium

640 5228 721 5294 et
758 5218 1241 5298 trieraroham
1277 5217 1755 5294 constituunt.
