3725 5850
671 379 822 458 106
1757 406 1885 458 τοο
1918 406 2343 460 ruamouu.

661 599 1019 695 brantur3
1073 600 1484 701 victorique
1543 598 1858 700 praemii
1914 595 2081 674 loco
2122 596 2341 674 datur
2378 596 2625 675 oleum
2658 599 2737 674 in
2772 595 3150 702 amphoris
3186 611 3264 676 et
3298 625 3421 676 co-

631 731 848 800 'rona
903 725 1311 823 oleaginea.
1406 725 1938 801 Panathenaea
1994 747 2173 800 vero
2230 724 2555 824 duplicia
2626 724 3133 800 celebrantur:
3190 725 3426 801 altera

667 849 980 947 singulis
1016 851 1230 926 annis
1251 907 1270 946 ‚
1309 852 1542 929 altera
1579 861 1828 926 autem
1871 849 2131 948 quinto
2170 875 2465 950 quoque
2506 876 2735 946 anno,
2777 874 2968 952 quae
3006 851 3233 926 etiam
3266 873 3423 928 ma-

646 977 821 1076 jora
856 987 1239 1052 vocantur.

1946 1082 2125 1158 432.

873 1217 1154 1300 Πάντα
1211 1216 1640 1330 ἄνθρωπον
1708 1230 2187 1324 κεκτημένον
2242 1227 2501 1312 ἐλαίας
2556 1222 3140 1330 ἀναγκάζεσθαι
3188 1226 3420 1322 μέρος

657 1378 727 1422 τι
765 1353 1124 1447 παρέχειν
1160 1353 1266 1438 εἰς
1303 1348 1396 1427 τὰ
1437 1347 1992 1449 Παναθήναια.
2070 1353 2428 1450 Κέραμον
2473 1348 2618 1454 γὰρ
2656 1354 2925 1428 ἐλαίου
2960 1345 3419 1449 λαμβάνου-

659 1497 784 1550 σιν
821 1476 895 1550 οὶ
933 1474 1317 1564 νικῶντες.
1735 1477 2021 1571 (Schol.
2061 1479 2140 1555 in
2178 1477 2656 1582 Aristophan.
2695 1479 2891 1557 Nub.
2935 1477 3203 1588 1005.)

1955 1639 2131 1716 432.

869 1785 1306 1887 Quicunque
1346 1784 1582 1861 olivas
1618 1783 1951 1885 possidet
1986 1794 2298 1884 cogatur
2333 1794 2627 1884 partem
2662 1783 2809 1858 olei
2844 1781 3100 1880 largiri
3136 1779 3233 1858 ad
3269 1779 3415 1856 Pa-

654 1912 1092 1990 nathenaea.
1166 1908 1506 1987 Victores
1546 1908 1742 1985 enim
1779 1933 1913 1984 vas
1952 1909 2117 1986 oleo
2154 1909 2465 2010 plenum
2499 1908 2897 2010 accipiunt.

1946 2071 2126 2148 433.

875 2210 986 2287 To}
1025 2212 1327 2316 μεγάλα
1363 2209 1903 2304 Παναθήναια
1958 2204 2225 2315 ἄγεται
2280 2216 2386 2300 εἰς
2446 2204 2638 2288 ἄστυ
2658 2269 2682 2302 ,
2728 2201 3416 2311 ςΕκατομβαιῶνος

643 2334 888 2435 μηνὸς
926 2342 1137 2439 τρίτῃ
1177 2334 1555 2428 ἀπιόντος.
1681 2339 1971 2435 (Schol.
2007 2342 2087 2418 in
2120 2339 2417 2419 Platon.
2452 2340 2820 2443 rempubl.
2858 2363 2931 2442 p.
2972 2340 3195 2432 395.)

1939 2502 2117 2579 433.

861 2625 1140 2728 Magna
1211 2628 1740 2705 Panathenaea
1814 2629 2287 2706 celebrantur
2356 2631 2435 2704 in
2490 2627 2675 2704 urbe
2732 2626 3419 2706 Hecatombaeonis

647 2753 922 2830 mensis
959 2753 1368 2834 desinentis
1407 2753 1525 2830 die
1563 2755 1800 2832 tertia.

853 3051 997 3131 Ἐν
1029 3066 1188 3143 τοῖς
1229 3058 1826 3148 Παναθηναίοις
1866 3054 2101 3131 πᾶσαι
2148 3057 2226 3129 αἱ
2262 3046 2420 3131 ὑπὸ
2458 3053 2616 3131 τῶν
2652 3050 3140 3145 Ἀθηναιίων
3173 3048 3415 3163 ἀποι-

647 3187 1038 3259 κισθεῖσαι
1074 3180 1324 3269 πόλεις
1361 3180 1571 3281 βοῦν
1604 3180 2140 3281 τυθησόμενον
2168 3190 2575 3282 πέμπουσι.

1771 3308 2060 3404 (Schol.
2098 3311 2175 3387 in
2215 3309 2690 3411 Aristophan.
2726 3308 2925 3385 Nub.
2967 3307 3186 3400 386.)

1942 3472 2120 3551 434.

863 3599 1236 3702 Tempore
1276 3599 1979 3677 Panathenaeorum
2032 3624 2289 3675 omnes
2327 3599 2421 3675 ab
2460 3599 3045 3678 Atheniensibus
3081 3598 3160 3673 in
3197 3595 3406 3673 colo-

647 3725 844 3801 niam
881 3724 1244 3803 deductae
1281 3725 1502 3803 urbes
1539 3725 1812 3803 bovem
1845 3724 2323 3803 mactandum
2357 3726 2679 3803 mittunt.

1941 3886 2116 3963 435.

867 4026 975 4125 Τῇ
1023 4024 1335 4127 Ἀθηνᾷ
1391 4026 1692 4103 πολιάδι
1757 4020 1952 4125 οὔσῃ
2010 4032 2281 4115 πέπλος
2336 4032 2628 4133 γίνεται
2685 4032 3245 4129 παμποικίλος,
3306 4020 3414 4105 ὃν

648 4148 1166 4252 ἀναφέρουσιν
1201 4160 1288 4230 ἐν
1323 4152 1413 4252 τῇ
1454 4152 1716 4253 πομπῇ
1754 4152 1915 4230 τῶν
1951 4158 2565 4244 Παναθηναίων.

1741 4280 2031 4382 (Schol.
2070 4284 2149 4359 in
2186 4281 2663 4385 Aristophan.
2700 4282 2924 4363 Aves.
2964 4284 3185 4379 827.)

1935 4446 2110 4522 435.

861 4589 1240 4667 Minervae
1263 4646 1282 4685 ‚
1319 4589 1509 4667 arcis
1545 4591 1912 4692 praesidi,
1963 4593 2230 4695 peplus
2268 4601 2575 4697 paratur
2610 4572 2814 4670 varie
2848 4593 3133 4697 pictus,
3172 4618 3409 4695 quem

641 4721 720 4795 in
758 4742 1038 4819 pompa
1071 4714 1770 4794 Panathenaeorum
1808 4718 2355 4797 circumferunt.

1926 4880 2105 4965 436.

847 5015 990 5096 Ἐν
1051 5020 1166 5120 τῷ
1231 5016 1474 5123 ἀγῶνι
1547 5020 1704 5097 τῶν
1773 5024 2371 5114 Παναθηναίων
2431 5016 2633 5121 παρὰ
2688 5017 2835 5098 τὸν
2890 5016 3139 5121 νόμον
3190 5026 3397 5113 ἐστὶ,

643 5144 950 5247 βαπτὸν
985 5148 1268 5241 ἔχοντα
1302 5144 1615 5245 ἱμάτιον
1653 5152 1996 5250 θεωρεῖν.
2294 5149 2639 5245 (Lucian.
2676 5149 2967 5250 Nigrin.
3012 5150 3175 5244 14.)
