3725 5850
956 470 1572 525 commem-Amos
1612 474 1719 525 Ao
1758 474 1884 527 669.
1924 472 2054 528 6¹7⁰.
2091 473 2218 529 6⁷2.
2259 476 2384 531 6⁷3.
2896 456 3056 531 5⁰3

274 665 493 741 etiam
552 666 656 742 uti
716 666 927 759 licet,
984 664 1251 763 quibus
1304 662 1719 743 intenditur
1768 668 2050 746 crimen
2107 668 2446 771 aliquod,
2507 670 2598 750 de
2654 700 2802 773 quo
2857 672 3056 751 nulla

270 790 389 869 lex
428 787 583 869 lata
618 793 730 867 sit.

1445 893 1596 977 Ad
1636 896 1868 979 666.

492 1054 601 1133 Τὸ
660 1056 1027 1159 δημόσιον
1082 1054 1411 1135 ἀπέδοτο
1462 1062 1569 1139 ita
1624 1066 1952 1166 explicat
2009 1064 2404 1144 Platnerus
2461 1069 2934 1162 (Process
2991 1072 3046 1149 I.

266 1213 335 1285 p.
385 1184 625 1281 124):
684 1188 883 1288 quod
922 1190 1145 1265 fiscus
1184 1188 1476 1265 cuidam
1514 1190 1829 1284 remisit,
1893 1190 2092 1268 dedit
2129 1206 2257 1269 aut
2297 1193 2652 1270 vendidit.

481 1329 822 1406 Platonis
879 1328 1085 1406 Crito
1147 1332 1271 1423 50,
1326 1330 1428 1405 B:
1486 1324 1733 1402 πολλοὶ
1790 1327 1938 1433 γάρ
1995 1322 2102 1405 ἄν
2155 1362 2265 1418 τις
2322 1332 2494 1428 ἔχοι
2553 1336 2792 1410 εἰπεῖν
2849 1328 3044 1435 ὑπὲρ

264 1450 555 1529 τούτου
592 1451 740 1529 τοῦ
776 1449 1067 1551 νόμου,
1129 1444 1211 1539 ὃς
1265 1447 1400 1538 τὰς
1441 1449 1666 1539 δίκας
1702 1450 1837 1540 τὰς
1877 1452 2376 1545 δικασθείσας
2415 1454 2849 1554 προςτοέττει
2889 1491 3042 1536 κυ-

264 1581 435 1675 ρίας
473 1576 694 1658 εἶναι.
773 1580 1054 1674 (Multa
1111 1579 1311 1656 enim
1367 1580 1529 1680 quis
1588 1580 1821 1683 possit
1877 1584 2145 1661 afferre
2207 1611 2343 1687 pro
2399 1585 2568 1689 lege
2607 1587 2788 1685 hac,
2851 1616 3040 1689 quae

262 1709 673 1785 sententias
699 1706 981 1809 judicio
1018 1708 1211 1784 latas
1234 1706 1458 1807 jubet
1498 1717 1699 1783 ratas
1739 1711 1965 1800 6666.)

481 1854 573 1929 In
624 1854 792 1955 jure
847 1850 1189 1927 Romano
1245 1851 1793 1951 peremptoriae
1854 1854 2330 1953 exceptiones
2369 1866 2581 1950 sunt,
2639 1882 2830 1956 quae
2869 1882 3039 1959 per-

259 1988 494 2078 petuo
530 1977 827 2069 valent,
886 1976 1093 2053 velut
1149 1976 1347 2077 quod
1406 1988 1649 2053 metus
1704 2002 1932 2054 causa
1985 1990 2116 2054 aut
2169 1977 2342 2055 dolo
2381 1981 2621 2074 malo,
2680 1992 2809 2059 aut
2843 1984 3040 2083 quod

260 2128 299 2179 c
322 2131 365 2178 o
390 2128 442 2177 n
463 2114 495 2179 t
513 2132 552 2179 r
572 2130 617 2180 a
661 2105 749 2181 le
770 2130 823 2203 g
845 2130 885 2180 e
906 2130 981 2178 m
1018 2112 1418 2179 senatusve
1458 2101 1876 2179 consultum
1915 2103 2192 2180 factum
2230 2116 2342 2181 est
2363 2159 2380 2193 ‚
2417 2115 2550 2181 aut
2585 2132 2634 2206 q
2653 2132 2702 2182 u
2721 2134 2766 2182 o
2789 2106 2838 2183 d
2884 2136 2922 2184 1·
2945 2134 2986 2185 e
3005 2134 3041 2184 6

246 2226 717 2327 judicata
772 2239 962 2324 est,
1038 2226 1266 2303 item
1341 2227 1613 2329 pacti
1687 2229 2179 2304 conventi.
2259 2228 2520 2331 (Graj
2557 2230 2582 2305 i
2655 2232 2692 2309 I
2724 2258 2775 2306 n
2808 2260 2844 2309 6
2877 2234 3038 2310 tit.

254 2351 390 2449 lv,
448 2352 665 2446 121.)
976 2434 983 2441 ,

474 2480 674 2559 Olim
714 2506 861 2583 qua
897 2481 989 2557 de
1030 2507 1108 2556 re
1148 2490 1397 2555 actum
1436 2480 1665 2557 semel
1704 2492 1894 2577 erat,
1954 2479 2042 2556 de
2083 2508 2170 2557 ea
2207 2492 2472 2582 postea
2508 2482 2674 2583 ipso
2701 2483 2874 2585 jure
2914 2485 3037 2583 agi

255 2632 409 2681 non
450 2617 763 2708 poterat.
822 2609 898 2703 (Ι
916 2606 983 2683 (1.
1022 2605 1157 2701 IV,
1203 2605 1418 2696 108.)

1433 2758 1584 2842 Aa
1624 2698 1855 2843 676.

470 2927 832 3008 Andocid.
894 2928 985 3005 de
1044 2939 1342 3029 myster.
1402 2921 1472 3028 ξ.
1514 2927 1659 3001 87:
1725 2919 1880 3012 Τάς
1939 2922 2014 3000 δὲ
2075 2922 2298 3012 δίκας
2356 2932 2495 3000 καὶ
2554 2921 2686 3012 τὰς
2736 2925 3034 3016 διαίτας

254 3057 529 3153 κυρίας
568 3050 797 3140 εἶναι,
859 3043 1141 3126 ὁπόσαι
1180 3055 1265 3124 ἐν
1306 3046 1988 3147 δημοκρατου,ιιένῃ
2031 3050 2124 3147 τῇ
2161 3049 2368 3126 πόλει
2410 3058 2791 3154 ἐγένοντο.
2853 3057 3030 3149 (Ju-

253 3182 447 3259 dicia
486 3192 560 3256 ct
596 3180 900 3256 arbitria
936 3188 1099 3254 rata
1138 3188 1398 3272 sunto,
1460 3202 1949 3277 quaecunque
2004 3177 2083 3253 in
2137 3178 2442 3256 civitata
2489 3179 2643 3256 fata
2683 3193 2856 3257 sunt
2896 3182 3030 3257 sub

251 3309 489 3384 libero
526 3306 787 3410 populi
824 3303 1207 3405 imperim)

1430 3441 1582 3524 Aa
1624 3441 1855 3525 0⁷2.

468 3609 677 3686 Libri
716 3609 1038 3686 habent:
1106 3615 1284 3695 Τοῖς
1323 3613 1487 3706 περὶ
1526 3607 1681 3683 τῶν
1720 3611 2198 3712 γενομένων,
2259 3608 2534 3686 omissa
2584 3621 2757 3688 ante
2799 3637 3027 3711 γενο-

241 3739 503 3830 μένων
541 3735 943 3833 negatione
975 3728 1084 3829 μὴ
1118 3790 1137 3820 ,
1199 3737 1394 3836 quod
1434 3737 1609 3813 ferri
1666 3761 1815 3810 non
1875 3745 2164 3836 potest3
2221 3759 2388 3810 reus
2444 3737 2680 3828 enim,
2741 3738 2866 3835 qui
2905 3764 3027 3812 ex-

252 3861 599 3962 ceptione
639 3860 904 3947 utitur‚
963 3862 1159 3938 clare
1220 3862 1431 3952 dicit,
1490 3861 1633 3938 sibi
1688 3861 1978 3936 nullum
2033 3886 2199 3936 cum
2256 3869 2510 3937 actore
2567 3860 3028 3937 intercedere

250 3997 719 4063 contractum
777 3987 934 4062 sive
994 3987 1374 4063 nauticum
1423 3987 1575 4061 sive
1621 3995 2083 4080 terrestrem3
2137 3983 2305 4060 ideo
2347 3984 2860 4084 exceptionem
2898 4011 3030 4085 op-

250 4112 488 4212 ponit.
562 4101 869 4183 ”Αλλου
926 4111 1414 4208 συμβολαίου
1472 4103 1629 4182 οὐκ
1686 4099 1916 4194 ὄντος
1972 4110 2143 4204 ἐμοὶ
2201 4103 2387 4204 πρὸς
2440 4103 2771 4195 τοῦτον,
2850 4099 3030 4181 οὔτε

252 4232 635 4308 ναυτικοῦ
697 4224 865 4308 οὔτ’
905 4237 1253 4336 ἐγγείου,
1318 4229 1928 4336 παρεγραψάμην
1983 4226 2125 4321 τήν
2183 4229 2416 4320 δίκην
2461 4227 2569 4326 μή
2622 4229 3028 4336 εἰσαγώγι-

243 4388 406 4456 μον
443 4357 638 4434 εἶναι
680 4356 880 4432 κατὰ
922 4354 1107 4444 τούς
1148 4357 1454 4458 νόμους.

1427 4534 1578 4617 Ad
1620 4535 1850 4618 673.

466 4703 851 4780 Demosth.
912 4705 1343 4779 Zenothem.
1404 4703 1599 4780 882:
1673 4699 2064 4796 βούλομαι
2143 4702 2868 4801 παραγεγραμμένος
2914 4695 3040 4794 μὴ.

252 4825 772 4929 εἰσαγώγιμον
825 4822 1022 4898 εἶναι
1084 4822 1226 4914 τὴν
1285 4823 1557 4936 δίκηνί
1619 4829 1781 4922 περὶ
1840 4822 1999 4898 τῶν
2061 4821 2322 4921 νόμων
2379 4822 2685 4919 πρῶτον
2740 4826 3022 4910 εἰπεῖν,

254 4958 443 5026 καθ’
504 4945 640 5037 οὒς
698 4949 1338 5053 παρεγραψάμην·
1400 4954 1473 5024 οὶ
1514 4947 1737 5046 νόμοι
1796 4948 2295 5038 κελεύουσιν,
2362 4945 2494 5036 τοὶς
2552 4947 2774 5034 δίκας
2829 4944 3025 5021 εἶναι

256 5088 407 5162 τοῖς
450 5075 907 5173 ναυκλήροις
944 5082 1081 5150 καὶ
1121 5087 1278 5162 τοῖς
1317 5073 1675 5174 ἐμπόροις
1713 5073 1869 5150 τῶν
1907 5072 2347 5167 Ἀθήναζε,
2407 5079 2545 5148 καὶ
2586 5070 2741 5147 τῶν
2769 5068 3025 5160 Ἀθή-

260 5209 498 5294 νηθεν
554 5203 1096 5300 συμβολαίων,
1154 5206 1291 5276 καὶ
1350 5207 1517 5302 περὶ
1576 5190 1687 5276 ὦν
1744 5195 1847 5276 ἂν
1904 5194 2038 5275 οἶσι
2103 5203 2586 5303 συγγραφαί·
2647 5191 2751 5272 ἂν
2801 5197 2881 5271 δέ
2916 5227 3025 5283 τις
