3725 5850
636 390 793 464 536
1478 407 2096 460 COMMENTARIUS
2139 406 2239 455 An
2277 404 2404 459 sos.
2443 402 2568 457 909.

852 602 1072 703 Apud
1110 601 1515 676 Thebanos
1553 597 2151 698 praecipiebatur
2207 597 2616 673 artificibus
2653 611 2828 693 tum,
2851 598 3212 699 pingendi
3250 608 3414 672 tum

636 726 968 825 fingendi
1008 725 1304 829 peritis,
1360 736 1441 799 ut
1494 750 1745 817 rerum
1801 724 2080 799 formas
2136 722 2836 799 honestiore.m0do
2887 723 3412 823 exprimerent.

636 852 735 929 Iis
774 861 1066 943 autem,
1106 851 1232 949 qui
1274 874 1398 925 eas
1434 852 1515 925 in
1554 850 1878 926 deterius
1918 859 2046 924 aut
2084 850 2456 945 fingerent
2493 858 2622 921 aut
2659 848 3088 948 pingerent,
3129 846 3418 921 mulcta

633 977 864 1077 ipsius
902 976 1240 1075 picturae
1279 968 1603 1076 pretiu‘m
1638 973 2130 1071 irrogabatur.
2169 972 2592 1065 (Aelian.
2619 973 2832 1048 Var.
2873 971 3094 1047 hist.
3134 972 3270 1064 IV,
3293 973 3415 1062 4.)

848 1117 1459 1193 Lacedaemoniis
1498 1130 1745 1192 autem
1803 1126 2037 1192 artem
2095 1116 2466 1211 attingere
2505 1114 2885 1191 sordidam
2920 1140 3075 1189 non
3111 1114 3422 1189 licebat:

643 1248 925 1337 Τέχνης
964 1234 1327 1340 ἅψασθαι
1364 1234 1774 1337 βαναύσου
1814 1234 1973 1312 οὐκ
2013 1238 2272 1327 ἔξεστι.
2335 1239 2548 1333 (Plu
2569 1250 2600 1314 t
2621 1267 2666 1315 a
2683 1266 2721 1315 r
2739 1264 2780 1314 c
2803 1239 2872 1314 h.
2913 1239 2948 1314 I
2972 1267 3022 1313 n
3043 1266 3080 1314 s
3101 1240 3232 1314 tit
3247 1264 3298 1314 u
3323 1248 3356 1313 t
3375 1262 3422 1312 a

637 1371 983 1446 Lacon.
1026 1368 1193 1460 41.)

852 1514 1013 1589 Imo
1053 1510 1407 1588 Aelianus
1449 1510 1705 1603 (Var.
1746 1506 1965 1583 hist.
2005 1508 2138 1603 VI,
2181 1510 2250 1604 6,
2297 1508 2382 1601 1)
2426 1507 2642 1602 dicit,
2699 1520 2931 1583 artem
2967 1508 3418 1584 illiberalem

636 1636 759 1713 vel
800 1663 1059 1729 nosse,
1118 1636 1302 1711 nulli
1341 1636 1501 1710 viro
1540 1634 2138 1711 Lacedaemonio
2181 1634 2473 1711 licebat.

852 1778 1077 1855 Teste
1132 1776 1518 1854 Herodoto
1576 1788 1824 1852 autem
1883 1776 2057 1869 (VI,
2109 1778 2252 1869 60)
2309 1777 2881 1853 Lacedaemonii
2934 1776 3080 1851 hoc
3135 1776 3425 1853 habent

638 1931 1029 1983 commune
1074 1929 1243 1979 cum
1282 1902 1717 2002 Aegyptiis,
1776 1901 1978 2000 quod
2035 1902 2237 2002 apud
2295 1900 2461 1977 illos
2519 1927 2925 2003 praecones
2963 1916 3036 1977 et
3074 1901 3422 1977 tibicines

642 2041 713 2107 et
751 2032 967 2131 coqui
1020 2031 1101 2105 in
1160 2027 1435 2129 patrias
1494 2038 1691 2102 artes
1729 2028 2177 2123 succedunt3
2237 2038 2309 2102 et
2347 2028 2623 2103 tibicen
2667 2029 2860 2102 filius
2901 2042 3014 2103 est
3053 2028 3421 2122 tibicinis,

641 2181 925 2255 coquus
963 2154 1223 2257 coqui,
1284 2178 1554 2255 praeco
1594 2153 2006 2253 praeconis.

840 2298 1088 2404 ‘Porro
1146 2294 1713 2371 Lacedaemonii
1769 2293 2249 2373 inhonestum
2309 2294 2680 2369 duxerunt
2734 2294 2893 2370 aliis
2944 2322 3256 2397 operam
3293 2323 3420 2372 na·

640 2448 818 2497 vare
857 2421 1139 2496 artibus
1182 2446 1403 2520 quam
1446 2420 1541 2495 ad
1591 2447 1707 2495 res
1766 2418 2068 2496 bellicas
2123 2420 2711 2521 pertinentibuS,
2769 2433 2843 2497 et
2881 2432 3279 2521 quaestum
3315 2422 3420 2497 fa·

641 2573 809 2623 cere
851 2546 1220 2643 Spartano
1258 2542 1695 2622 indecorum
1736 2558 1912 2620 erat.
1953 2546 2065 2637 (N
2082 2546 2386 2619 icolai
2426 2542 2858 2625 Damaso.
2894 2546 3158 2644 fragm.
3205 2546 3422 2640 114.)

860 2689 1160 2789 Coquos
1200 2714 1381 2763 vero
1420 2688 1989 2763 Lacedaemone
2031 2689 2430 2789 oportebat
2467 2712 2628 2763 esse
2667 2689 2894 2765 solius
2929 2690 3195 2767 carnis.
3277 2690 3425 2783 Qui

644 2828 941 2919 praeter
976 2813 1156 2891 illud
1196 2813 1373 2913 quid
1416 2815 1786 2905 novisset,
1848 2814 2282 2914 ejiciebatur
2321 2812 2634 2913 Sparta,
2691 2815 2998 2914 perinde
3039 2806 3265 2917 atque
3305 2842 3442 2915 ae·-

645 2941 1105 3042 grotantium
1144 2939 1459 3040 piacula.
1519 2939 1932 3032 (Aelian.
1973 2938 2184 3015 Var.
2224 2939 2441 3014 hist.
2483 2939 2692 3036 XIV,
2735 2941 2807 3034 7,
2847 2942 2958 3032 5.)
3209 2933 3216 2940 ’

862 3083 1253 3185 Lycurgus
1293 3081 1518 3158 etiam
1562 3082 1908 3157 omnibus
1967 3079 2268 3176 fucandi
2329 3082 2878 3181 exornandique
2933 3084 3274 3182 corporis
3311 3109 3424 3160 ar-

650 3221 803 3284 tem
841 3205 1333 3292 tractantibus
1358 3263 1377 3299 ,
1426 3205 1777 3306 Spartam
1810 3207 2278 3294 inaccessam
2313 3231 2472 3282 esse
2501 3207 2763 3305 jussit,
2822 3208 3020 3306 quod
3057 3208 3275 3284 malis
3314 3235 3424 3284 ar-

646 3333 849 3408 tibus
884 3357 1133 3408 mores
1168 3330 1759 3430 [corrumperent.
1838 3330 1940 3422 (P
1962 3331 2057 3405 lu
2077 3341 2108 3404 t
2125 3357 2170 3404 a
2188 3356 2224 3403 r
2245 3355 2286 3404 c
2306 3331 2376 3409 h.
2436 3330 2504 3408 A
2523 3359 2572 3430 p
2595 3357 2640 3406 o
2663 3331 2782 3429 ph
2801 3343 2832 3406 t
2850 3331 2900 3406 h
2922 3358 2961 3406 e
2981 3360 3151 3431 gm.
3215 3334 3280 3410 L
3301 3359 3346 3412 a
3363 3359 3433 3410 c:

648 3456 1065 3556 Lycurg.
1112 3456 1235 3532 19.
1275 3482 1345 3556 p.
1386 3456 1609 3548 228.)

820 3659 828 3666 .
866 3598 1230 3674 Corinthii
1268 3599 1569 3673 minime
1610 3599 2191 3696 contemnebant
2228 3625 2396 3695 eos,
2435 3601 2942 3699 quimanibus
2974 3613 3176 3678 artes
3211 3629 3440 3680 exer-.

652 3725 963 3817 cebant,
1019 3722 1096 3797 id
1136 3736 1248 3798 est
1287 3717 1471 3806 τούς
1498 3727 2017 3818 χειροτέχνας.
2081 3725 2444 3816 (Herod
2470 3755 2513 3800 o
2537 3739 2583 3800 t.
2621 3725 2980 3820 11,.167.)

866 3868 1088 3970 Apud
1130 3867 1516 3967 Sybaritas
1556 3878 1807 3944 autem
1846 3867 2109 3967 si'quis
2150 3893 2432 3966 coquus
2471 3879 2599 3944 aut
2636 3871 3118 3970 opsoniorum
3155 3872 3425 3948 artifex

654 3991 1027 4090 singulare
1082 3991 1381 4094 aliquod
1420 4005 1497 4066 et
1536 3993 1884 4069 eximium
1943 3994 2089 4068 cibi
2145 4019 2385 4090 genus
2443 3992 2889 4086 invenisset,
2951 4022 3106 4070 non
3142 3995 3425 4072 licitum

655 4127 813 4192 erat
846 4117 975 4193 alii
1013 4118 1279 4192 eodem
1336 4141 1615 4216 genere
1674 4117 1781 4191 uti
1841 4129 2016 4192 ante
2075 4118 2413 4219 elapsum
2469 4119 2646 4194 anni
2703 4121 3068 4218 spatium3
3124 4122 3427 4223 sed-per

654 4255 893 4318 totum
930 4242 1002 4317 id
1038 4253 1337 4341 tempus
1372 4243 1499 4317 uni
1537 4243 1912 4318 inventori
1949 4243 2025 4318 id
2067 4243 2348 4318 licitum
2405 4254 2600 4333 erat,
2659 4271 2810 4343 quo
2847 4246 3127 4344 primus
3163 4247 3422 4322 inven-

653 4379 773 4442 tor
809 4367 1461 4467 etiam.quaestum
1500 4393 1589 4462 ex
1641 4370 1821 4444 artis
1877 4393 2055 4444 suae
2113 4368 2462 4444 exercitio
2519 4381 2860 4470 caperet,
2917 4370 3188 4470 aliique
3229 4373 3438 4447 cxci-2

654 4501 989 4569 tarentur
1045 4492 1139 4567 ad
1200 4519 1507 4592 operam
1566 4493 1891 4568 dandam
1947 4507 2026 4567 ut
2083 4494 2270 4570 alios
2304 4493 2384 4569 in
2429 4476 2584 4584 lico
2637 4520 2914 4592 genere
2969 4509 3438 4596 superarent..

655 4615 1275 4712 (Athenaeus
1312 4619 1485 4715 XII,
1532 4617 1749 4711 521.)

1830 4809 1983 4892 Ad
2024 4812 2254 4893 000.

870 4995 957 5070 Id
995 5007 1149 5088 est,
1191 4997 1320 5094 qui
1371 4996 1463 5068 15
1506 4998 1959 5073 talentorum
1995 4997 2224 5072 habet
2262 4996 2790 5091 substantiam,
2831 5023 2878 5073 a
2915 4997 3151 5075 tribus
3189 4999 3414 5076 talen·-

655 5119 747 5194 tis
786 5119 1006 5195 solvit
1044 5120 1709 5217 contributionem,
1741 5150 1899 5224 ‚seu
1932 5121 2031 5198 de
2072 5123 2328 5221 quinta
2363 5123 2796 5198 facultatum
2837 5135 3070 5222 parte.
