3725 5850
1522 480 1703 529 unm
1728 479 1882 530 um,
2025 546 2030 557 ⁹
2941 456 3094 531 135

288 666 757 766 judicantur.
814 664 929 746 Ae
964 668 1165 744 mille
1202 668 1507 767 quidem
1562 694 1601 745 e
1652 669 1944 746 duobus
1971 669 2304 771 judiciis,
2349 670 2548 749 mille
2587 682 2661 749 et
2697 671 3090 773 quingenti

301 804 572 871 autem
606 820 645 869 e
682 792 919 869 tribus
952 793 1435 871 conveniunt.
3128 814 3136 821 ·

1608 905 1785 979 556.

528 1028 731 1100 Δίκα
767 1028 911 1100 εἰσί
950 1030 1234 1120 φυλαὶ,
1293 1031 1431 1100 καὶ
1492 1022 1610 1101 δεῖ
1656 1021 1811 1101 άπὸ
1871 1022 2139 1100 πασῶν
2195 1024 2350 1101 τῶν
2406 1026 2684 1121 φυλῶν
2722 1025 3089 1115 δικαστάς

302 1152 700 1243 καθίζειν.
780 1153 933 1223 Καὶ
987 1155 1321 1227 ἕκαστον
1374 1146 1674 1227 τούτων
1719 1145 1879 1225 τῶν
1916 1148 2103 1227 δέκα
2145 1148 2663 1249 δικαστηρίων
2701 1154 2857 1249 ἔχει
2896 1160 2980 1229 ἕν
3019 1183 3088 1227 τι

302 1274 473 1352 τῶν
517 1275 931 1371 στοιχείων
984 1271 1292 1351 εἰδικόν
1348 1268 1636 1373 ὄνομα·
1699 1272 1877 1351 οἶόν
1914 1282 2070 1351 ἐστι
2106 1306 2178 1350 τι
2217 1274 2376 1359 ‘cc-312
2413 1272 2926 1376 δικαστηρίων
2961 1283 3088 1353 λε-

302 1398 651 1506 γόμενον
704 1392 1017 1494 ἄλφα,
1078 1392 1370 1499 ὁμοίως
1429 1394 1621 1477 ἄλλο
1675 1398 1969 1499 βῆτα,
2029 1394 2224 1475 ἄλλο
2280 1398 2664 1504 γάμμα,
2719 1409 2858 1479 καὶ
2916 1402 3078 1495 ἑξῆς

302 1524 397 1602 τὸ
458 1524 751 1602 δέλτα
806 1520 1070 1600 καὶτὸ
1128 1523 1544 1625 ἔψιλὸν,
1601 1530 1739 1600 καὶ
1802 1522 2046 1613 οὕτως
2101 1532 2237 1615 ἕως
2281 1526 2430 1604 τοῦ
2480 1525 2842 1602 κάππα.
2923 1534 3081 1603 Καὶ

306 1648 457 1751 πρὸ
500 1653 769 1751 θυρῶν
804 1647 883 1727 δὲ
923 1647 1255 1726 ἑκάστου
1292 1649 1789 1750 δικαστηρίου
1845 1656 2261 1757 γέγραπται
2309 1651 2570 1753 πυρρῷ
2606 1649 2958 1752 βάμματι
2993 1649 3082 1727 τό

304 1787 741 1875 στοιχεῖον,
820 1770 1035 1877 ᾧτινι
1093 1773 1181 1851 τὸ
1235 1772 1735 1877 δικαστήριον
1791 1772 2250 1876 ὀνομάζεται
2274 1804 2289 1819 ·
2357 1772 2529 1853 ὅσοι
2588 1775 2665 1853 δὲ
2727 1777 3086 1854 δικασταί

303 1909 510 1980 εἰσιν
544 1911 632 1981 ἐν
676 1896 1100 1993 Ἀθήναις,
1156 1908 1476 1990 ἕκαστος
1532 1909 1732 1979 καθ’
1768 1910 2108 1981 ἕκαστον
2162 1900 2660 2004 δικαστήριον
2717 1906 2874 2000 &a
2914 1902 3084 1979 δέλ-

304 2058 495 2128 τον,
550 2034 893 2105 τουτέστι
930 2022 1345 2118 πινάκιον,
1412 2034 1502 2105 ἐν
1538 2016 1603 2129 ᾧ
1640 2034 2266 2134 ἐγγεγραμμένον
2313 2033 2472 2107 ἐστὶ
2509 2025 2600 2105 τὸ
2638 2020 2896 2127 ὄνομα
2933 2026 3084 2105 αὐ-

304 2156 453 2231 τοῦ
488 2159 630 2229 καὶ
669 2152 811 2229 τοῦ
852 2149 1349 2251 δικαστηρίου
1372 2179 1387 2194 ·
1450 2154 1608 2248 ἔχει
1666 2152 1745 2229 δὲ
1802 2158 1946 2227 καὶ
2001 2151 2298 2253 ῥάβδον
2351 2144 2516 2252 ἅμα
2552 2151 2661 2253 τῷ
2699 2156 3081 2253 πινακίῳ·

306 2285 449 2355 καὶ
486 2288 574 2357 ἐν
610 2274 809 2375 αὐτῇ
848 2275 928 2354 δὲ
965 2274 1057 2374 τῇ
1113 2274 1376 2377 ῥάβδῳ
1433 2284 1590 2355 ἐστι
1644 2276 1733 2354 τὸ
1793 2272 2052 2377 ὄνομα
2103 2278 2248 2356 τοῦ
2309 2276 2808 2377 δικαστηρίου
2865 2286 3084 2383 ἐγγε-

306 2410 799 2510 γραμμένον·
856 2398 983 2479 ὅτε
1039 2391 1193 2478 οὖν
1246 2406 1665 2503 συμβαίνοι
1721 2404 1993 2505 καιρὸς
2052 2404 2218 2482 τοῦ·
2258 2404 2646 2498 δικάζειν,
2719 2407 3085 2505 ἔρχονται

308 2528 583 2619 πάντες
623 2533 696 2606 οἱ
735 2527 1097 2604 δικασταὶ
1133 2532 1240 2616 εἰς
1276 2524 1421 2620 τὴν
1456 2526 1796 2635 ἀγοράν,
1836 2528 2078 2607 κάκεῖ
2109 2530 2440 2632 κλήρους
2475 2528 2896 2631 βάλλουσι,
2937 2536 3078 2606 καὶ

304 2652 515 2745 ὅστις
568 2650 674 2734 ἂν
726 2665 1009 2758 κληροῖ
1055 2656 1351 2755 κλῆρον
1425 2660 1713 2754 ἔχοντα
1783 2656 1876 2737 τὸ
1935 2656 2254 2757 ἄλφα,
2329 2658 2740 2760 ἀπέρχεται
2807 2664 2918 2747 εἰς
2991 2642 3080 2735 τδ

306 2776 575 2878 ἄλφα
630 2779 1167 2882 δικαστήριον,
1226 2774 1512 2882 ὁμοίως
1568 2788 1672 2872 εἰς
1725 2780 1815 2860 τὸ
1871 2782 2170 2883 βῆτα,
2227 2792 2370 2861 καὶ
2424 2782 2524 2860 τά
2576 2784 2885 2879 ἐφεξῆς·
2941 2789 3082 2862 καὶ

307 2908 617 3008 πρῶτον
642 2911 794 3009 μὲν
830 2906 1177 2986 δείκνυσι
1215 2906 1329 3008 τῷ
1362 2906 1649 3009 κη’ρυκι
1687 2906 1832 2986 τοῦ
1876 2907 2376 3011 δικαστηρίου
2426 2906 2569 2986 τὸν
2605 2914 2903 3014 κλῆρον
2937 2908 3084 2984 τοῦ

308 3039 739 3132 στοιχείου·
798 3027 843 3112 o‘
887 3033 963 3110 δὲ
1003 3031 1241 3133 κῆρυξ
1297 3031 1577 3110 λοιπὸν
1632 3032 1954 3110 δίδωσιν
2008 3032 2229 3136 αὐτῷ
2282 3031 2370 3111 τὸ
2418 3033 2794 3111 πινάκιον
2829 3031 3078 3110 αὐτοῦ

307 3167 448 3236 καὶ
486 3157 629 3252 τὴν
666 3157 999 3262 ῥάβδον·
1060 3155 1221 3234 εἶτα
1261 3153 1465 3234 οὕτω
1506 3155 1800 3252 δικάζει
1824 3187 1839 3202 ·
1899 3163 1974 3236 εἰ
2015 3159 2098 3236 δέ
2131 3191 2240 3248 τις
2279 3156 2636 3251 δικαστὴς
2674 3159 2936 3236 εἴσεισι
2966 3155 3077 3257 μὴ

308 3289 733 3387 κληρωθεὶς
770 3289 877 3374 εἰς
914 3279 1002 3360 τὸ
1044 3279 1584 3385 δικαστήριον,
1645 3295 2181 3390 κατηγορεῖται
2221 3291 2359 3361 καὶ
2399 3283 2828 3383 ζημιοῦται.

1445 3412 1734 3507 (Schol.
1774 3414 1852 3490 in
1891 3413 2369 3518 Aristophan.
2409 3413 2604 3490 Plut.
2645 3413 2864 3508 277.)

1610 3575 1783 3652 556.

518 3704 803 3780 Decem
856 3712 1034 3781 sunt
1088 3703 1327 3780 tribus
1379 3712 1821 3804 oportetque
1880 3726 1974 3777 ex
2012 3700 2380 3778 universis
2415 3700 2762 3778 tribubus
2785 3702 3077 3802 judiees

308 3829 589 3905 sedere.
666 3828 765 3902 Et
818 3827 1191 3924 singulum
1248 3827 1515 3904 horum
1567 3826 1827 3904 decem
1883 3824 2366 3903 tribunalium
2423 3830 2806 3928 proprium
2852 3826 3080 3903 habet

310 3980 585 4030 nomen
607 4009 626 4045 ,
684 3977 911 4027 unam
947 3949 1227 4027 scilicet
1262 3950 1639 4052 alphabeti
1691 3950 2019 4046 literam,
2079 3951 2184 4028 ita
2221 3963 2302 4026 ut
2339 3976 2570 4028 unum
2608 3952 3080 4028 dicasterium

310 4090 616 4156 vocetur
668 4075 1007 4177 alpha,
1064 4074 1266 4153 aliud
1323 4075 1573 4169 vita,
1633 4073 1933 4151 tertium
1985 4100 2401 4174 gamma,
2458 4073 2727 4152 deinde
2783 4076 3076 4171 delta,

311 4217 467 4280 tum
523 4228 564 4279 e
587 4231 637 4304 p
659 4201 921 4278 silon
978 4227 1213 4301 usque
1274 4199 1369 4276 ad
1424 4199 1771 4304 kappa.
1867 4201 2190 4276 Foribus
2244 4203 2824 4302 uniuscujusque
2882 4199 3076 4276 diea-

310 4329 509 4406 sterii
544 4326 910 4428 inscripta
945 4339 1059 4404 est
1093 4327 1323 4404 rubro
1361 4328 1610 4404 colore
1647 4327 1902 4419 litera,
1956 4353 2146 4426 quae
2184 4327 2580 4404 dicasterio
2615 4351 2888 4403 nomen
2927 4324 3077 4404 dat.

310 4455 697 4552 Quotquot
748 4459 996 4530 autem
1044 4449 1335 4554 judices
1390 4461 1603 4545 sunt,
1662 4450 2002 4554 singulus
2054 4453 2130 4528 in
2183 4451 2479 4553 singulo
2528 4449 2922 4527 dieasterio
2961 4461 3072 4528 ta-

310 4579 585 4658 bellam
621 4576 931 4679 aoeipit,
971 4577 1086 4652 cui
1122 4573 1565 4679 inscriptum
1605 4589 1718 4656 est
1753 4577 1984 4678 ipsius
2025 4587 2101 4653 et
2137 4575 2506 4652 dicasterii
2544 4602 2841 4653 nomen.
2883 4573 3078 4652 Cum

308 4703 583 4781 tabella
619 4703 894 4804 accipit
928 4703 1153 4786 etiam
1188 4703 1642 4806 scipionem,
1702 4703 1818 4778 eui
1854 4701 2134 4802 pariter
2169 4701 2614 4805 inscriptum
2651 4712 2763 4780 est
2799 4727 3075 4779 nomen

308 4825 701 4906 dieasterii.
772 4825 1241 4906 Adveniente
1278 4829 1509 4928 igitur
1549 4824 1940 4930 judicandi
1995 4840 2336 4932 tempore
2384 4856 2641 4906 omnes
2665 4823 2959 4930 judiees
2994 4827 3074 4902 in

308 4955 471 5032 foro
526 4954 983 5030 conveniunt
1034 4953 1289 5054 ibique
1346 4964 1585 5030 sortes
1640 4953 2050 5054 bonjiciunt
2071 5011 2089 5048 ,
2151 4963 2226 5032 et
2279 4953 2405 5055 qui
2453 4955 2722 5052 legerit
2755 4963 3032 5029 sortem
3053 5009 3072 5047 ‚

310 5105 499 5180 quae
536 5077 767 5158 habet
816 5077 1055 5182 alph
1078 5103 1164 5174 a,
1218 5079 1380 5157 abit
1430 5078 1507 5154 in
1546 5077 2022 5156 divasterium
2075 5077 2418 5182 alpha,
2475 5079 2816 5156 similiter
2847 5077 2925 5152 in
2963 5074 3070 5151 di-

308 5204 705 5284 caston-im
758 5204 1007 5302 vita,
1065 5215 1141 5281 et
1174 5205 1284 5281 sie
1314 5203 1601 5283 ordine.
1680 5203 2014 5280 Primum
2049 5216 2301 5281 autem
2337 5201 3070 5286 ostenditdicasterii
