3725 5850
819 422 1432 490 coMMaerfflus
1469 436 1577 489 An
1618 435 1742 492 730.
1785 432 1910 489 733.
1952 434 2075 491 735.
2114 436 2243 491 730.
2287 434 2409 492 737.
2830 390 2977 489 511

1388 641 1540 724 Ad
1581 642 1812 726 730.

426 805 650 911 Apud
687 808 1066 885 Romanos
1103 808 1269 907 lege
1311 808 1572 886 Oincia
1609 820 1910 886 cautum
1950 823 2145 908 erat,
2202 836 2297 888 ne
2339 815 2503 912 quis
2542 812 2640 889 ob
2682 835 2980 886 causam

187 933 580 1009 orandam
616 933 1010 1034 pecuniam
1046 932 1418 1010 donumve
1457 935 1852 1036 acciperet.
1914 935 2261 1028 (Tacit.
2302 935 2645 1013 Annal.
2686 936 2818 1013 XI.
2864 938 2974 1027 5.)

1383 1160 1534 1244 Ad
1584 1162 1812 1246 733.

423 1326 975 1405 Aeschines
1031 1328 1130 1404 in
1184 1326 1806 1430 Ctesiphont.
1865 1322 1934 1429 ξ.
1982 1328 2177 1405 197:
2234 1331 2327 1405 In
2382 1340 2533 1407 tres
2570 1340 2823 1430 partes
2862 1330 2969 1408 di-

183 1436 598 1531 stribuitur
636 1454 834 1551 dies,
895 1480 1044 1554 quo
1099 1453 1296 1531 actio
1354 1453 1446 1530 de
1498 1454 1818 1531 decretis
1874 1464 2137 1531 contra
2170 1454 2380 1555 leges
2418 1456 2635 1533 factis
2672 1456 2749 1531 in
2779 1456 2980 1557 judi-

186 1578 408 1655 cium
445 1582 672 1657 venit.
747 1578 1176 1658 Infunditur
1215 1579 1412 1655 enim
1447 1580 1688 1682 prima
1741 1604 1937 1679 aqua
1988 1581 2403 1659 accusatori
2426 1638 2445 1677 ,
2498 1580 2835 1680 legibus,
2894 1582 2995 1657 li·-

187 1704 485 1780 bertati
542 1704 865 1805 denique
922 1704 1308 1806 populari3
1365 1704 1695 1781 secunda
1750 1730 1878 1781 reo
1932 1704 2167 1804 iisque
2228 1706 2353 1805 qui
2402 1705 2483 1781 in
2541 1730 2697 1783 reni
2741 1706 2983 1806 ipsam

185 1827 414 1930 loqui
453 1830 758 1926 volunt3
815 1855 1042 1929 quum
1084 1854 1264 1905 vero
1303 1830 1548 1931 prima
1593 1831 1979 1910 sententia
2015 1856 2169 1907 non
2205 1831 2534 1907 solutum
2571 1831 2792 1907 fuerit
2826 1832 2981 1909 vio-

185 1955 526 2031 latarum
579 1956 834 2055 legum
888 1956 1203 2050 crimen,
1263 1956 1487 2032 tertia
1528 1955 1688 2054 jam
1745 1982 1943 2057 aqua
1996 1956 2145 2035 litis
2200 1956 2694 2035 aestimationi
2729 1956 2981 2033 infun-

189 2079 402 2157 ditur
442 2094 884 2181 vestraeque
920 2082 1073 2157 irae
1111 2080 1629 2178 magnitudini.
2442 2061 2447 2069 ’

421 2222 537 2301 Of.
578 2221 827 2299 Schol.
865 2223 945 2301 in
979 2223 1366 2301 Demosth.
1409 2224 1570 2301 fals.
1609 2224 1838 2323 legat.
1865 2224 2041 2301 126.
2094 2222 2349 2301 Schol.
2387 2223 2467 2301 in
2500 2222 2981 2327 Aristophan.

197 2347 436 2431 Aves.
480 2347 708 2445 1694,
749 2349 828 2427 in
867 2347 1163 2450 Vespas
1203 2348 1327 2425 93.

1386 2522 1537 2605 Ad
1579 2524 1808 2607 735.

427 2691 712 2790 Legem
750 2688 944 2767 hanc
983 2692 1371 2794 composui
1410 2717 1503 2767 ex
1539 2692 1655 2767 his
1692 2690 2223 2769 Demosthenis
2261 2689 2489 2766 locis:

423 2836 479 2910 I.
516 2836 593 2910 in
631 2833 988 2937 Stephan.
1032 2833 1279 2908 1103:
1338 2832 1521 2930 λαβὲ
1562 2828 1848 2921 ταύτην
1885 2827 2027 2921 τὴν
2070 2833 2511 2931 μαρτυρίαν
2545 2833 2686 2902 καὶ
2726 2825 2979 2936 ἀνάγ-

192 2959 414 3032 νωθί
442 2987 617 3054 μοι,
658 2955 750 3032 σύ
795 2954 862 3031 δ’
902 2959 1218 3055 ἐπίλαβε
1254 2951 1342 3030 τὸ
1383 2952 1614 3056 ὕδωρ.
1678 2960 1929 3062 (Cape
1970 2961 2113 3036 hoc
2155 2958 2661 3037 testimonium
2700 2970 2774 3034 et
2812 2958 2979 3060 lege

193 3087 427 3184 mihi3
482 3097 566 3162 tu
602 3097 847 3162 autem
889 3111 1163 3185 aquam
1198 3083 1522 3178 inhibe.)

420 3228 612 3309 Adv.
653 3230 943 3306 Conon.
990 3228 1236 3304 1268:
1291 3230 1446 3331 λέγ’
1487 3221 1752 3312 αὐτοῖς
1805 3229 2125 3300 ταυτασὶ
2179 3219 2315 3310 τὰς
2354 3228 2823 3324 μαρτυρίας,
2882 3223 2977 3301 σύ

195 3354 268 3430 δ’
332 3356 652 3454 ἐπίλαβε
705 3348 796 3428 τὸ
853 3345 1084 3452 ὕδωρ.
1164 3354 1476 3448 (Recita
1529 3355 1618 3432 iis
1673 3355 1862 3432 haec
1910 3354 2375 3451 testimonia3
2432 3364 2511 3430 tu
2572 3378 2751 3431 vero
2805 3354 2991 3446 siste,

195 3487 536 3584 aquam.)

1380 3583 1531 3667 Ad
1575 3585 1805 3669 733.

419 3751 686 3831 Suidas
723 3781 780 3830 s.
821 3781 890 3829 v.
940 3745 1120 3845 Ἐφ’
1161 3743 1368 3850 ὕδωρ
1393 3781 1415 3824 .·
1473 3753 1564 3831 In
1620 3753 1860 3830 causis
1919 3777 2110 3852 quae
2160 3749 2255 3826 ad
2294 3747 2765 3852 clepsydram
2802 3775 2975 3850 age-

195 3883 480 3957 bantur
517 3888 714 3956 sorte
755 3879 1020 3978 aliquis
1060 3879 1686 3973 constituebatur,
1747 3877 1874 3978 qui
1915 3878 2077 3978 ejus
2116 3875 2221 3952 rei
2264 3901 2513 3950 curam
2548 3887 2868 3974 gereret.

417 4021 630 4098 Idem
665 4051 721 4098 s.
760 4050 829 4099 V.
869 4019 1006 4095 εἴτ’
1046 4025 1167 4115 ἐφ’
1208 4012 1418 4119 ὕδωρ
1456 4016 1749 4108 κακός,
1808 4019 1885 4095 id
1924 4030 2075 4115 est,
2117 4020 2239 4095 vel
2279 4015 2371 4094 ad
2409 4044 2682 4118 aquam
2720 4020 2979 4098 malus.

197 4147 614 4225 Proverbio
652 4147 922 4224 dicitur
962 4147 1050 4225 de
1089 4147 1588 4226 infortunatis.
1644 4148 1734 4223 In
1760 4145 2067 4248 judiciis
2109 4144 2308 4219 enim
2346 4143 2785 4222 vilissimum
2824 4171 2980 4224 mu-

199 4302 342 4351 nus
384 4284 581 4370 erat,
639 4298 912 4374 aquam
946 4274 1412 4372 litigantibus
1451 4270 1817 4350 dimetiri:
1874 4271 2127 4370 itaque
2186 4295 2495 4372 operam
2531 4297 2743 4349 suam
2778 4297 2980 4350 com-

198 4399 614 4480 modabant
649 4399 890 4476 omnis
928 4397 1360 4478 hereditatis
1397 4410 1750 4478 exsortes.

1383 4631 1538 4714 Ad
1575 4631 1808 4714 737.

418 4797 726 4878 Lucian.
767 4799 860 4877 de
900 4800 1273 4877 calumnia
1300 4799 1384 4875 8:
1425 4799 1658 4877 Solon
1697 4807 1773 4874 et
1808 4799 2061 4875 Draco
2088 4794 2582 4898 jurisjurandi
2618 4795 2979 4893 religione

203 4923 766 5003 obstrinxerunt
804 4925 1102 5027 judices
1139 4926 1236 5001 ad
1272 4925 1610 5001 similiter
1647 4935 2005 5022 utrosque
2045 4922 2498 5017 audiendos,
2558 4920 2979 5020 aequalem-

205 5077 356 5152 que
391 5051 508 5128 his
547 5052 673 5152 qui
706 5051 1145 5153 judicantur
1181 5049 1658 5128 tribuendam
1696 5047 2345 5144 benevolentiam,
2403 5048 2643 5125 donec
2681 5069 2980 5146 compa-

205 5187 370 5254 rata
405 5177 710 5256 alterius
749 5203 1012 5274 causa,
1074 5177 1197 5252 vel
1256 5176 1581 5254 deterior
1625 5176 1860 5252 altera
1897 5174 2020 5251 vel
2053 5175 2317 5252 melior
2353 5181 2751 5276 appareat:
2806 5179 2983 5245 ante
3100 5259 3105 5262 Ι
