3725 5850
1332 466 1435 521 nn
1476 468 1942 524 ADoPTIONss.
2855 448 3012 527 367

206 670 489 739 mento
532 659 734 739 bona
770 688 909 740 sua
944 663 1317 763 aliquibus
1371 663 1791 762 legaverint
1847 664 2187 765 filiosque
2246 690 2371 741 eos
2421 666 2560 743 sibi
2603 666 3009 769 adoptave-

206 787 415 885 rint3
484 813 661 867 nam
698 790 915 869 aliter
948 815 1103 865 non
1139 788 1332 865 licet.

1518 914 1747 991 1426.

442 1052 635 1131 Ζῶν
688 1051 1135 1147 ποιησάσθω
1190 1084 1301 1141 τις
1357 1051 1633 1129 παῖδα·
1684 1051 1886 1152 μετὰ
1944 1051 2086 1147 τὴν
2128 1054 2488 1148 τελευτὴν
2521 1064 2637 1133 ἐπ’
2677 1054 3009 1135 ἀποστε-

209 1178 429 1279 ρήσει
478 1180 605 1273 τῆς
644 1178 913 1268 οὐσίας
952 1180 1154 1282 napo?
1198 1178 1383 1268 τούς
1421 1179 1709 1281 νόμους
1748 1175 1791 1273 ἦ
1834 1186 2246 1274 εἰσποίησις
2284 1188 2600 1287 γίνεται.

730 1310 1154 1404 (Demosth.
1194 1310 1553 1389 Leochar.
1600 1312 1905 1409 Argum.
1949 1312 2176 1389 1080.
2235 1312 2395 1391 Lex
2435 1310 2795 1405 SoloniS.)

1519 1471 1558 1546 1
1574 1472 1747 1549 426.

450 1616 741 1693 Vivens
778 1614 1088 1716 adoptet
1122 1615 1387 1717 aliquis
1426 1613 1681 1693 filium.
1740 1616 1926 1692 Post
1961 1627 2276 1693 mortem
2313 1618 2472 1717 ejus
2511 1628 2767 1693 contra
2802 1617 3010 1716 leges

214 1741 303 1815 fit
340 1740 661 1843 adoptio
700 1742 795 1817 ad
830 1741 1261 1843 spoliandos
1298 1742 1518 1819 bonis
1556 1767 1831 1839 genere
1871 1744 2265 1844 proximos.

436 2040 588 2118 'Ex
624 2040 783 2120 τῶν
816 2040 1021 2119 κατὰ
1078 2048 1297 2149 γένος
1354 2042 1747 2149 ἐγγυτάτω
1805 2048 2175 2120 εἰσποιεῖν
2211 2041 2392 2120 υἱὸν
2429 2043 2538 2144 τῷ
2576 2050 3006 2138 τετελευτη-

218 2166 401 2245 κότι
432 2228 453 2259 ,
514 2165 714 2257 ὅπως
752 2164 857 2245 ἂν
893 2161 935 2246 ὅ
978 2166 1197 2257 οἶκος
1224 2167 1336 2269 μὴ
1377 2169 1837 2269 ἐξερημωθῇ.

1440 2298 1866 2391 (Demosth.
1909 2297 2076 2375 adv,
2119 2298 2476 2376 Leochar.
2523 2298 2792 2391 1093.)

1517 2461 1554 2533 1
1569 2460 1745 2535 427.

448 2602 745 2679 Mortuo
785 2628 827 2678 e
861 2628 1141 2702 genere
1178 2604 1539 2706 proximis
1578 2618 1690 2682 est
1729 2604 1924 2680 filius
1983 2602 2494 2706 adoptanduS,
2558 2630 2652 2681 ne
2691 2606 3009 2682 intereat

228 2728 394 2827 ejus
432 2728 733 2806 familia.

1504 2838 1730 2915 1428.

455 2978 615 3057 Τὸν
652 2973 1113 3059 ὖπεύθυνον
1140 2978 1250 3082 μὴ
1292 2985 1711 3072 ἐκποίητον
1746 2969 2131 3086 γενέσθαι.

1584 3107 1982 3206 (Aeschin.
2020 3110 2098 3184 in
2137 3107 2468 3210 Ctesiph.
2510 3103 2577 3208 ξ.
2623 3107 2789 3200 21.)

1512 3273 1742 3348 1428.

447 3413 521 3496 Is
560 3417 687 3518 qui
724 3419 1053 3495 rationes
1091 3417 1354 3512 debet,
1412 3443 1563 3494 non
1604 3427 1853 3519 potest
1889 3415 2256 3517 adoptari.

1509 3597 1735 3672 1429.

446 3733 762 3839 Μητρὸς
820 3732 1074 3823 οὐδείς
1129 3742 1335 3812 ἐστιν
1390 3739 1837 3827 ἐκποίητος,
1897 3731 2066 3810 ἀλλ’
2125 3727 2408 3832 ὁμοίως
2463 3725 2792 3833 ὑπάρχει
2852 3731 2995 3824 τήν

239 3855 483 3952 αὐτὴν
517 3860 711 3937 εἶναι
741 3869 1067 3963 μητέρα,
1123 3857 1283 3939 κᾶν
1338 3869 1425 3938 ἐν
1481 3861 1595 3962 τῷ
1648 3859 1969 3962 πατρώῳ
2011 3865 2206 3960 μένῃ
2265 3891 2376 3960 τις
2415 3859 2617 3960 οἴκῳ
2655 3853 2816 3934 κᾶν
2853 3865 2990 3934 ἐκ-

245 3985 547 4085 ποιηθῇ.
1585 3991 1880 4085 (Isaeus
1919 3989 2269 4091 Apollod.
2307 3989 2462 4066 her.
2504 3983 2570 4088 ξ.
2613 3989 2779 4080 25.)

1507 4152 1733 4228 1429.

445 4296 703 4373 Matris
758 4323 977 4373 nemo
1033 4308 1145 4373 est
1200 4296 1749 4396 emancipatus,
1822 4294 1953 4371 sed
2017 4291 2329 4397 perinde
2387 4303 2636 4370 servat
2691 4292 2996 4394 quisque

240 4432 547 4499 matrem
600 4449 853 4522 suam,
909 4424 1064 4499 sive
1104 4425 1181 4498 in
1220 4424 1443 4500 domo
1482 4433 1798 4524 paterna
1852 4432 2143 4516 manet,
2201 4421 2358 4496 sive
2397 4421 2475 4495 in
2516 4421 2834 4496 alienam
2871 4421 2995 4496 ad-

244 4559 553 4648 optatur.

563 4682 571 4691 ·
1494 4657 1531 4730 1
1545 4659 1591 4731 4
1602 4657 1719 4733 30.

436 4791 972 4902 Ἀπογράφειν
1009 4795 1191 4897 πρὸς
1230 4794 1370 4874 τὸν
1408 4791 1755 4895 ἄρχοντα
1794 4791 1979 4882 τούς
2015 4791 2514 4886 εἰσποιήτους.

1476 4929 1771 5020 (Isaeus
1810 4925 1904 5001 de
1946 4925 2376 5002 Philoctem.
2415 4923 2569 5002 her.
2612 4923 2784 5017 36.)

1514 5087 1738 5162 1430.

447 5231 807 5312 Filiorum
844 5229 1363 5334 adoptatorum
1401 5233 1709 5308 nomina
1744 5231 1839 5308 ad
1880 5231 2308 5310 archontem
2345 5229 2795 5306 deferantur.
