3725 5850
652 427 809 504 220
1746 453 1875 504 ms
1910 451 2333 506 Pussmcnu.

647 645 732 715 ἐν
788 635 904 725 αἷς
963 634 1504 744 ἀναγράφουσι
1565 637 1658 714 τοὶ
1718 634 2079 738 χρήματα
2134 635 2230 713 τοὶ
2291 624 2531 740 {spois
2573 647 2871 718 θέντων
2923 647 3013 718 ἐν
3071 637 3283 717 πόλει
3344 640 3422 715 οἱ

646 767 935 864 ταμίαι.

852 884 1218 967 Ἐπειδὰν
1276 889 1350 967 δὲ
1411 887 1938 992 ἀποδεδομένα
1992 884 2041 988 ᾗ
2100 901 2261 980 τοῖς
2324 899 2533 980 θεοῖς
2589 888 2681 967 τοὶ
2728 890 3138 992 χρήματα,
3197 898 3271 982 ἐς
3325 885 3421 964 τὸ

647 1013 966 1116 νεώριον
1001 1020 1137 1091 καὶ
1175 1013 1269 1091 τὰ
1307 1021 1522 1114 τείχη
1560 1028 1718 1105 τοῖς
1758 1014 2102 1118 περιοῦσι
2130 1016 2479 1118 χρῆσθαι
2508 1015 2913 1116 χρήμασιν.

1043 1164 1430 1266 (Inscript.
1475 1165 1672 1269 apud
1707 1165 1775 1242 R
1794 1193 1838 1241 a
1856 1193 1909 1242 n
1928 1191 1983 1262 g
2002 1193 2049 1242 a
2066 1163 2117 1240 b
2142 1169 2181 1244 e
2207 1193 2223 1241 :
2266 1162 2513 1266 Antiq.
2554 1163 2748 1243 Hell.
2788 1162 2941 1241 Nro
2989 1164 3202 1259 118.)

1942 1363 2123 1439 870.

855 1522 1316 1599 Restituatur
1369 1522 1507 1600 diis
1564 1525 1680 1616 (id
1721 1534 1832 1600 est
1870 1525 2171 1602 aerariis
2224 1525 2715 1627 templorum)
2773 1523 3025 1602 debita
3070 1521 3413 1624 pecunia,

643 1659 1032 1748 postquam
1069 1649 1450 1725 Minervae
1487 1651 1616 1727 illa
1653 1651 1794 1727 tria
1829 1650 2062 1727 millia
2117 1651 2609 1745 talentorum,
2665 1676 2855 1752 quae
2912 1649 3059 1751 ipsi
3114 1649 3419 1726 decreta

642 1771 973 1867 fuerant,
1033 1774 1112 1848 in
1150 1799 1396 1850 arcem
1435 1774 1680 1852 delata
1717 1776 1869 1851 sint
1905 1775 2261 1857 nostratis
2299 1776 2601 1852 nummi.

851 1898 1364 1976 Restituantur
1433 1911 1680 1976 autem
1753 1927 1792 1978 e
1841 1901 2176 2002 pecuniis
2198 1957 2217 1996 ,
2292 1926 2477 2001 quas
2552 1900 2693 1978 diis
2768 1899 3165 1978 solvendas
3246 1923 3413 1975 esse

644 2024 971 2124 populus
1011 2023 1380 2120 decrevit,
1439 2035 1599 2100 tum
1653 2026 1825 2102 illae
1882 2053 2073 2128 quae
2130 2051 2333 2102 nunc
2372 2025 2572 2128 apud
2614 2026 3201 2124 Hellenotamias
3238 2032 3418 2100 sunt

643 2173 794 2223 una
831 2173 1002 2225 cum
1037 2149 1200 2226 aliis
1237 2148 1333 2226 ad
1373 2150 1505 2226 has
1543 2151 1897 2252 pecunias
1936 2151 2520 2254 pertinentibus,
2581 2177 2811 2251 quum
2868 2176 2907 2226 e
2960 2148 3417 2227 decimarum

644 2273 990 2370 vectigali
1029 2275 1600 2374 provenientes,
1661 2286 2059 2376 postquam
2096 2274 2481 2351 venditum
2524 2275 2771 2352 fuerit.

856 2415 1314 2519 Computent
1351 2441 1528 2492 vero
1563 2416 1903 2517 triginta,
1962 2418 2085 2517 qui
2126 2442 2327 2492 nunc
2366 2428 2575 2512 sunt,
2634 2416 2947 2516 logistae
2970 2473 2989 2510 ,
3052 2414 3181 2492 illa
3216 2439 3415 2516 quae

644 2540 782 2617 diis
821 2540 1226 2638 debentur,
1283 2542 1521 2618 donec
1559 2552 1806 2620 autem
1845 2543 2159 2640 legistae
2198 2543 2726 2637 convenerint,
2770 2552 3072 2620 senatus
3110 2539 3419 2643 plenam

640 2663 916 2742 habeat
952 2677 1419 2768 potestatem.

853 2791 1280 2870 Restituant
1315 2819 1494 2870 vero
1531 2794 1931 2896 pecuniam
1966 2803 2327 2895 prytanea
2364 2819 2537 2870 cum
2574 2803 2859 2889 senatu,
2900 2805 2975 2870 et
3010 2805 3419 2895 postquam

639 2916 1134 3013 restituerint,
1175 2919 1513 3015 deleant,
1569 2917 2004 3022 conquisitis
2040 2917 2409 2996 indicibus
2448 2919 2901 3023 syngraphis
2940 2930 3017 2995 et
3052 2919 3257 2996 libris
3293 2944 3415 2995 ra.-

639 3042 964 3137 tionum,
1026 3055 1099 3120 et
1153 3044 1600 3146 ubicumque
1659 3044 1888 3121 fuerit
1940 3044 2301 3147 inscripta
2358 3045 2654 3139 (debita
2708 3045 3091 3148 pecunia).
3178 3043 3412 3121 Exhi-

639 3166 871 3246 beant
907 3181 1158 3246 autem
1196 3170 1477 3272 scripta
1512 3170 1940 3247 sacerdotes
1979 3181 2053 3245 et
2088 3170 2404 3247 sacrifici
2451 3182 2525 3247 et
2560 3172 2621 3246 si
2666 3172 2829 3272 quis
2868 3171 3057 3249 alter
3092 3170 3413 3246 noverit.

852 3312 1226 3393 Fabarum
1265 3316 1645 3392 sortitione
1685 3340 1865 3389 vero
1906 3326 2249 3391 creentur
2294 3325 2727 3414 quaestores
2762 3313 2982 3414 hujus
3020 3311 3415 3414 pecuniae,

640 3436 814 3513 dum
851 3436 977 3515 alii
1011 3439 1490 3539 magistratus
1527 3449 1907 3535 creantur,
1948 3439 2213 3515 eodem
2250 3438 2475 3517 modo
2511 3466 2659 3539 quo
2694 3449 3125 3540 quaestores
3162 3464 3417 3515 rerum

640 3586 1019 3640 sacrarum
1055 3563 1461 3641 Minervae.
1527 3566 1625 3643 Hi
1663 3577 1917 3643 autem
1954 3564 2474 3641 administrent
2510 3564 2587 3639 in
2626 3588 2794 3641 arce
2834 3565 2911 3641 in
2947 3561 3413 3665 Opisthodo-

640 3711 763 3761 mo
801 3686 1105 3765 deorum
1162 3694 1518 3791 pecunias
1576 3718 1800 3792 quam
1855 3691 2171 3767 maxime
2226 3690 2509 3790 optima
2568 3691 2753 3785 fide,
2810 3690 3175 3789 simulque
3234 3714 3417 3765 cum

639 3811 1024 3891 Minervae
1061 3814 1576 3916 quaestoribus
1613 3816 1993 3917 aperiant,
2048 3814 2405 3893 claudant
2442 3826 2514 3893 et-
2550 3815 2815 3913 sigillis
2856 3813 3261 3913 obsignent
3296 3813 3413 3888 fo·

641 3962 757 4015 res
796 3936 1346 4040 Opisthodomi.

855 4061 973 4141 Ab
1011 4066 1138 4163 iis,
1198 4070 1325 4170 qui
1361 4095 1562 4145 nunc
1603 4080 1814 4164 sunt,
1875 4067 2391 4169 quaestoribus
2430 4077 2506 4143 et
2540 4067 2947 4167 praefectis
2985 4074 3058 4141 et
3092 4063 3415 4166 templo-

641 4212 803 4263 rum
841 4192 1233 4290 sacrificis,
1292 4196 1418 4295 qui
1471 4221 1670 4273 nunc
1715 4195 2273 4289 administrant,
2332 4194 2707 4272 numerari
2764 4204 2839 4269 et
2898 4191 3229 4294 appendi
3264 4190 3419 4267 sibi

631 4312 952 4412 jubento
987 4319 1342 4419 pecunias
1379 4346 1632 4397 coram
1669 4332 1935 4397 senatu
1970 4320 2049 4395 in
2087 4345 2257 4396 arce
2296 4330 2729 4419 quaestores
2766 4330 2965 4394 sorte
2996 4317 3230 4395 creati
3254 4374 3274 4413 ,
3330 4326 3421 4391 et

642 4438 1002 4540 recipiant
1036 4444 1202 4523 illas
1239 4473 1286 4521 a
1319 4447 1881 4547 magistratibus
1901 4503 1920 4540 ,
1966 4446 2091 4546 qui
2131 4471 2330 4522 nunc
2366 4454 2581 4541 sunt3
2636 4455 2713 4519 et
2747 4444 3157 4523 inscribant
3190 4442 3415 4519 tabu-

639 4561 755 4639 lae
795 4576 952 4643 tum
993 4594 1325 4647 seorsum
1365 4598 1620 4649 omnes
1658 4572 2235 4673 uniuscujusque
2275 4569 2393 4647 dei
2433 4570 2812 4671 pecunias,
2830 4596 3061 4670 quum
3080 4570 3417 4647 omnium

639 4714 1042 4789 summam,
1093 4698 1494 4799 separatim
1531 4708 1927 4798 argentum
1966 4708 2038 4773 et
2075 4722 2357 4773 aurum.

855 4822 954 4897 Et
987 4822 1066 4899 in
1105 4836 1488 4926 posterum
1527 4825 1973 4927 quicumque
2012 4822 2289 4899 fuerint
2324 4831 2798 4923 quaestores,
2854 4821 3264 4899 inscribant
3298 4833 3420 4899 ta-

641 4942 858 5023 bulae
880 5007 898 5044 ,
937 4949 1447 5051 rationemque
1485 4948 1806 5027 reddant
1841 4948 2359 5049 pecuniarum,
2398 4972 2589 5046 quae
2628 4959 3065 5047 supersunt,
3104 4958 3181 5023 et
3214 4973 3413 5049 quae

639 5072 778 5149 diis
813 5078 1264 5153 accesserint
1302 5090 1375 5153 et
1412 5080 1472 5153 si
1509 5076 1686 5177 quid
1724 5076 1923 5151 intra
1958 5100 2239 5151 annum
2278 5084 2671 5171 erogatum
2707 5072 2968 5168 fuerit,
3021 5073 3223 5175 apud
3262 5074 3411 5150 Lo-

587 5265 594 5275 .
639 5198 911 5297 gistas,
951 5202 1271 5305 factique
1310 5201 1424 5277 sui
1463 5201 1830 5281 rationem
1866 5199 2233 5304 probent,
2290 5209 2366 5275 et
2412 5224 2509 5277 ex
2545 5198 3097 5277 Panathenaeis
3132 5198 3228 5277 ad
3264 5199 3413 5276 Pa-
