3725 5850
712 425 867 501 320
1798 454 1920 505 sus
1957 422 2380 506 run'mcou.

1973 642 2197 717 1259.

920 783 1063 861 Ἐν
1098 778 1882 886 τῴ“Ελλανοδικεῶνι
1925 783 2235 859 οἰκοῦσι
2277 782 2462 860 δέκα
2509 785 2774 881 ἐφεξῆς
2820 786 3071 884 μῆνας
3129 788 3202 860 οἱ
3261 788 3508 880 αἶρε-

718 917 973 999 θέντες
1014 911 1540 988 ἑλλανοδικεῖν
1574 916 1711 987 καὶ
1749 904 1908 987 ὖπὸ
1948 910 2104 987 τῶν
2141 908 2718 1009 νομοφυλάκων
2757 906 2900 987 ὅσα
2941 918 3012 998 ἐς
3041 907 3184 986 τὸν
3200 907 3508 1014 ἀγῶνα

710 1041 905 1133 σφᾶς
944 1036 1057 1113 δεῖ
1094 1048 1347 1114 ποιεῖν
1384 1024 1908 1119 διδάσκονται.
2394 1041 2754 1134 (Pausan.
2795 1041 2926 1137 VI,
2967 1041 3092 1135 24,
3133 1040 3242 1131 3.)

1981 1150 2202 1225 1259.

920 1295 1011 1369 Ιη
1065 1294 1601 1370 Hellanodiceo
1659 1305 2063 1397 perpetuos
2120 1295 2378 1371 decem
2435 1318 2731 1395 menses
2769 1291 3150 1387 habitant,
3205 1290 3350 1391 qui
3395 1290 3497 1367 ad

708 1418 1051 1494 ludorum
1104 1418 1647 1519 praefecturam
1702 1431 1879 1496 sunt
1915 1419 2222 1514 delecti,
2283 1430 2588 1519 totoque
2629 1446 2718 1494 eo
2757 1429 3090 1519 tempore
3128 1444 3174 1491 a
3209 1417 3494 1513 legum

708 1545 1353 1621 conservatoribus
1392 1544 1795 1621 edocentur
1832 1546 1924 1621 de
1965 1546 2351 1641 omnibu3,
2409 1570 2598 1645 quae
2635 1544 2715 1621 in
2749 1542 3093 1619 ludorum
3131 1540 3492 1618 celebra-

706 1670 903 1744 tione
942 1669 1100 1746 fieri
1139 1671 1235 1746 ab
1271 1669 1361 1746 iis
1398 1671 1765 1747 convenit.

1971 1777 2196 1853 1260.

918 1914 1185 1991 Παῖδα
1240 1911 1588 2010 ἀθλητὴν
1628 1911 2180 2011 Ἑλληνοδίκαι
2231 1922 2642 2018 κρίνουσιν
2691 1915 2846 1994 ἀπὸ
2906 1915 3062 1993 τῶν
3099 1911 3480 1991 τοιῶνδε·

707 2046 781 2117 εἰ
816 2039 1017 2135 φυλὴ
1056 2041 1251 2142 τῷδε
1286 2049 1424 2118 καὶ
1478 2048 1783 2143 πατρὶς,
1841 2050 1915 2120 εἰ
1967 2041 2207 2145 πατὴρ
2267 2050 2406 2120 καὶ
2463 2050 2725 2149 γένος,
2784 2048 2857 2119 εἰ
2907 2051 2985 2135 ἐξ
3041 2046 3482 2139 ἐλευθέρων

707 2174 845 2243 καὶ
874 2166 983 2266 μὴ
1024 2168 1301 2259 νόθος·
1358 2172 1477 2243 ἐπὶ
1516 2169 1751 2244 πᾶσιν
1787 2173 1860 2245 εἰ
1895 2176 2059 2258 νέος
2095 2176 2232 2245 καὶ
2281 2167 2389 2271 μὴ
2430 2164 2620 2269 ὖπὲρ
2659 2166 2934 2247 παῖδα·
2987 2172 3062 2244 εἰ
3094 2162 3480 2273 ἐγκρατής

709 2288 757 2383 ἢ
794 2290 1163 2393 ἀκρατής·
1222 2298 1296 2368 εἰ
1319 2290 1707 2391 μεθυστῆς
1744 2288 1791 2384 ἢ
1826 2297 2083 2391 λέχος·
2142 2297 2216 2371 εἰ
2255 2300 2670 2395 θαρσαλέος
2712 2290 2756 2386 ἢ
2794 2291 3054 2381 δειλός.

1027 2421 1489 2514 (Philostrat.
1530 2422 1621 2499 de
1658 2424 2148 2525 gymnastica.
2191 2450 2352 2526 cap.
2395 2427 2516 2503 25.
2556 2426 2670 2501 ed.
2707 2423 3246 2521 Daremberg.)

1980 2584 2206 2659 1260.

918 2726 1243 2801 Puerum
1288 2725 1643 2803 athletam
1679 2728 2214 2806 Hellanodicae
2259 2729 2638 2829 judicant:
2697 2752 2736 2804 e
2785 2754 2932 2830 qua
2982 2728 3080 2803 sit
3133 2726 3332 2802 tribu
3391 2734 3465 2799 et

706 2852 982 2953 patria,
1038 2876 1184 2950 quo
1240 2861 1451 2952 patre
1509 2862 1583 2929 et
1635 2878 1910 2952 genere
1967 2866 2224 2950 natm,
2280 2880 2461 2930 num
2514 2856 2886 2954 ingenuus
2946 2853 3066 2929 vel
3122 2850 3458 2953 spurius;

706 2989 948 3052 utrum
976 2976 1301 3075 juvenis,
1336 2977 1460 3076 qui
1495 3003 1648 3076 non
1693 2981 2094 3055 excesserit
2130 2979 2641 3080 pubertatem3
2680 3006 2854 3054 num
2877 2999 3300 3079 temperans
3339 2973 3460 3049 vel

710 3105 1253 3202 intemperanS,
1312 3103 1646 3179 ebriosus
1684 3103 1805 3181 vel
1843 3105 2256 3204 ligurritor‚
2314 3105 2524 3189 fortis
2562 3104 2684 3182 vel
2717 3105 3058 3203 ignavuS.

918 3347 1057 3475 Μή
1093 3383 1507 3486 βαρβάρων
1544 3267 2260 3492 ἄγωνιστέωιῖἶῗιαι
2298 3385 2442 3466 τὸν
2480 3385 2772 3495 ἀγῶνα,
2813 3383 3006 3464 άλλά
3043 3380 3452 3478 ςΕλλήνων.

1967 3623 2162 3699 126¹
2511 3518 2907 3612 (Herodot.
2945 3515 3038 3612 V,
3081 3517 3243 3608 22.)

920 3749 1032 3826 Ne
1072 3750 1167 3828 sit
1201 3751 1341 3829 hoc
1379 3763 1756 3832 certamen
1791 3753 2320 3850 barbarorum,
2381 3753 2513 3831 sed
2552 3753 3032 3832 Graecorum.

1977 3915 2202 3988 1262.

922 4055 1015 4129 Οἱ
1042 4046 1593 4130 “Ελλανοδίκαι
1617 4053 2039 4154 κληροῦσιν
2059 4050 2328 4132 ὅντινα
2351 4050 2567 4155 ᾧτινι
2597 4053 2754 4154 χρὴ
2797 4059 3149 4132 παλαίειν
3187 4051 3232 4148 ἢ
3254 4078 3443 4158 παγ-

703 4177 985 4280 κρατιά
994 4186 1171 4273 ζειν.
1252 4179 1545 4270 Κάλπις
1600 4177 1893 4286 ἀργυρᾶ
1956 4179 2346 4280 πρόκειται
2387 4179 2546 4281 ἱεροὶ
2587 4183 2730 4258 τοῦ
2773 4183 2966 4258 θεοῦ
2995 4206 3010 4224 ·
3068 4189 3140 4269 ἐς
3177 4179 3444 4270 ταύτην

706 4304 1217 4402 ἐμβάλλονται
1256 4305 1526 4406 κλῆροι
1557 4313 1874 4407 μικροὶ,
1935 4303 2124 4384 ὅσον
2163 4304 2252 4399 δὴ
2294 4319 2699 4406 κυαμιαῖοι
2739 4303 2825 4383 τὸ
2857 4313 3234 4412 μέγεθος,
3291 4315 3442 4385 ἑπι-

703 4437 1233 4534 γεγραμμένοι.
1302 4430 1824 4538 Ἐγγροῖφεται
1884 4432 1960 4511 δὲ
2018 4442 2090 4522 ἐς
2147 4433 2290 4511 δύο
2336 4437 2486 4535 μὲν
2543 4427 2759 4531 ἄλφα
2817 4439 2902 4512 ἐν
2956 4439 3325 4536 ἑκατέρῳ,
3377 4439 3442 4517 ἐς

705 4547 847 4632 δύο
888 4555 964 4632 δὲ
1003 4553 1090 4633 τὸ
1128 4557 1369 4658 βῆτα,
1429 4565 1567 4634 καὶ
1627 4567 1699 4650 ἐς
1757 4553 2038 4649 ἄλλους
2095 4557 2236 4636 δύο
2291 4557 2379 4635 τὸ
2437 4559 2704 4664 γάμμα
2743 4566 2879 4636 καὶ
2919 4561 3081 4653 ἑξῆς
3119 4559 3320 4636 κατὰ
3354 4553 3436 4633 τά

582 4673 587 4681 ’
704 4677 904 4756 αὐτά
929 4739 950 4770 ,
990 4676 1087 4772 ἢν
1126 4688 1429 4772 πλείους
1467 4689 1540 4763 οὶ
1580 4684 1914 4778 ἀθληταὶ
1957 4678 2092 4787 ᾦσι
2117 4743 2139 4775 ,
2199 4683 2341 4762 δύο
2381 4683 2498 4762 ἀεὶ
2537 4686 2807 4785 κλῆροι
2845 4685 2936 4762 τὸ
2975 4684 3169 4764 αὐτὸ
3209 4685 3438 4792 γράμ-

694 4836 807 4906 μα
847 4809 1171 4903 ἔχοντες.
1250 4809 1736 4914 Προσελθών
1772 4809 1863 4902 δὴ
1904 4811 2062 4887 τῶν
2101 4808 2465 4902 ἀθλητῶν
2500 4819 2819 4899 ἕκαστος
2857 4812 3436 4912 προσευξάμενος

700 4933 808 5032 τῷ
847 4938 985 5009 Διῖ·
1012 4939 1285 5022 καθεὶς
1322 4931 1461 5025 τήν
1484 4947 1711 5036 χεῖρα
1768 4943 1839 5023 ἐς
1890 4934 2028 5027 τήν
2083 4933 2377 5012 κάλπιν
2427 4933 2737 5036 ἀνασπᾷ
2791 4935 2948 5013 τῶν
2982 4936 3287 5038 κλήρων
3319 4945 3434 5013 ἕνα

699 5063 836 5133 καὶ
882 5067 1047 5157 μετ’
1107 5065 1412 5137 ἐκεῖνον
1484 5067 1774 5160 ἔτερος,
1850 5067 1988 5136 καὶ
2067 5058 2442 5160 παρεστώς
2506 5059 3082 5166 μαστιγοφόρος
3156 5060 3432 5158 ἑκάστῳ

700 5177 953 5282 ἀνέχει
992 5180 1245 5262 αὐτοῦ
1285 5181 1429 5280 τὴν
1458 5198 1680 5292 χεῖρα
1738 5183 1833 5263 οὐ
1901 5193 2250 5297 παρέχων
2307 5185 2753 5310 ἀναγνῶναι
2808 5185 2854 5264 ὅ
2907 5219 2978 5283 τι
3012 5187 3102 5268 τὸ
3141 5188 3430 5308 γράμμα
