3725 5850
1178 418 1794 471 COMMENTARHJS
1835 418 1942 469 AD
1980 417 2108 471 90⁴.
2148 420 2274 471 905.
2950 394 3103 469 535

539 604 620 683 Si
653 608 884 704 igitur
919 610 1536 709 quinquagesima
1569 634 1748 709 pars
1803 610 2243 687 facultatum
2300 610 2543 687 fuerat
2599 608 3062 685 conferenda
3082 666 3099 701 ‚

318 756 548 833 eques
617 756 1000 833 nunquam
1092 731 1242 807 119
1266 730 1367 820 ¹72⁵
1437 744 1513 809 et
1573 733 1887 832 jugator
1973 760 2353 837 nunquam
2428 734 2523 809 71
2557 732 2661 821 ¹72⁵
2729 730 3101 807 drachmis

316 855 488 957 plus
543 855 922 933 debuisset
976 855 1340 933 conferre.
1429 856 2425 935 Pentacosiomedimnorum
2497 868 2747 933 autem
2820 854 3099 933 reditus

315 980 544 1057 nullis
599 991 815 1058 erant
869 980 1198 1058 terminis
1253 980 1830 1084 circumscripti3
1886 982 2135 1083 itaque
2174 983 2235 1059 si
2276 982 2351 1057 hi
2405 982 2611 1057 1000
2633 1037 2651 1073 ,
2708 980 2828 1057 vel
2886 981 3097 1055 4000

314 1106 440 1183 vel
502 1105 788 1201 10,000
843 1106 965 1183 vel
1021 1116 1658 1207 quantascumque
1729 1104 2120 1183 drachmas
2198 1107 2663 1202 effecissent,
2740 1106 3093 1183 tributum

311 1256 616 1332 semper
653 1257 788 1332 pro
828 1231 1112 1309 viribus
1148 1231 1415 1307 horum
1454 1229 1829 1308 redituum
1866 1232 2271 1309 crescebat.

531 1354 648 1433 Ex
682 1356 798 1433 his
823 1356 988 1458 jam
1035 1355 1233 1432 effici
1291 1358 1604 1458 cogique
1660 1367 1948 1457 potest,
2009 1357 2362 1435 Solonem
2418 1354 3095 1460 pentacosiomedi-

313 1483 514 1559 mnis
554 1481 764 1557 6000
799 1480 1188 1559 drachmas
1225 1506 1356 1557 seu
1393 1482 1795 1576 talentum,
1836 1482 2222 1582 equitibus
2258 1483 2469 1559 3000
2508 1480 2925 1575 drachmas,
2962 1506 3096 1557 seu

307 1607 865 1684 semitalentum
922 1618 998 1682 et
1037 1604 1519 1705 jugatoribus
1584 1606 1790 1681 1000
1829 1607 2254 1703 drachmas,
2314 1634 2447 1685 seu
2503 1616 2926 1685 sextantem
2980 1615 3086 1681 ta-

309 1732 540 1827 lenti,
585 1730 662 1809 id
699 1742 850 1821 est,
909 1730 1168 1807 decem
1207 1730 1446 1807 minas
1486 1734 1959 1809 constituisse
1996 1759 2133 1834 pro
2170 1733 2495 1809 minimis
2534 1732 2792 1811 tributi
2827 1728 3088 1807 funda-

307 1856 621 1953 mentis,
679 1858 786 1935 ita
820 1869 904 1935 ut
939 1858 1798 1961 pentacosiomedimnus
1839 1860 1932 1935 de
1969 1888 2119 1937 uno
2159 1861 2441 1939 talento
2483 1872 2558 1937 et
2592 1860 2822 1953 ultra,
2864 1883 3088 1959 eques

306 1982 402 2058 de
442 1983 910 2061 semitalento
947 1995 1024 2059 et
1059 1982 1294 2078 ultra,
1349 1996 1422 2060 et
1449 1984 1762 2087 jugatur
1799 1983 1893 2062 de
1930 1996 2270 2064 sextante
2308 1984 2570 2063 talenti
2608 1994 2683 2062 et
2720 1982 2914 2059 ultra
2959 1980 3085 2059 de-

303 2106 550 2185 buerit
585 2106 942 2185 tributum
980 2108 1347 2186 conferre.

520 2232 732 2309 Haec
764 2234 1016 2311 omnia
1054 2259 1170 2309 me
1209 2232 1702 2328 adduxerunt,
1742 2236 1931 2311 utin
1970 2246 2178 2313 textu
2215 2234 2539 2311 Pollucis
2578 2244 2755 2310 ante
2792 2226 3081 2306 τάλαν-

303 2382 487 2445 τον,
565 2345 1130 2453 ἡμιτάλαντον,
1197 2353 1406 2455 μνᾶς
1469 2360 2095 2461 praepositionem
2163 2353 2368 2431 κατὰ
2424 2384 2817 2461 ponerem,
2894 2384 3085 2459 quae

303 2508 601 2560 omnem
660 2482 857 2560 tollit
912 2480 1448 2560 difficultatem.
1525 2485 2171 2587 Praepositionem
2209 2484 2402 2563 hanc
2439 2486 2517 2560 in
2554 2482 2815 2591 eadem
2850 2483 3083 2583 signi-

305 2608 651 2686 ficatione
704 2606 1008 2684 adhibet
1065 2608 1286 2684 etiam
1326 2608 1873 2686 Demosthenes
1930 2607 2099 2685 adv.
2160 2605 2560 2710 Aphobum
2616 2610 2675 2703 1,
2714 2610 2913 2683 815:
2972 2607 3082 2691 εἰς

307 2726 452 2820 τὴν
486 2732 926 2829 συμμορίαν
961 2720 1150 2829 ὖπέρ
1189 2726 1380 2829 ἐμοῦ
1424 2726 1939 2821 συνετάξαντο
1996 2728 2253 2805 κατὰ
2309 2728 2444 2818 τάς
2504 2735 2719 2807 πέντε
2775 2735 2914 2806 καὶ
2964 2729 3080 2805 εἴ-

296 2878 482 2932 κοσι
528 2852 732 2954 μνᾶς
785 2856 1300 2940 πεντακοσίας
1355 2849 1702 2955 δραχμὰς
1759 2858 2155 2955 εἰσφέρειν.
2232 2858 2367 2954 (In
2425 2858 2898 2960 symmoriam
2936 2884 3076 2960 pro

296 3011 421 3062 me
459 2981 569 3061 de
605 2985 888 3062 vicenis
927 2982 1168 3085 quinis
1203 2982 1425 3060 minis
1446 3041 1465 3079 ,
1527 2981 1602 3060 id
1641 2994 1755 3060 est
1813 2983 1860 3060 d
1884 3011 1923 3061 e
1972 2985 2183 3060 2500
2222 2981 2591 3062 drachmis
2613 3042 2631 3079 ,
2691 2981 3079 3060 drachmas

306 3110 754 3212 quingentas
787 3117 1238 3187 censuerunt
1270 3107 1766 3202 inferendas.)

516 3233 631 3314 Of.
685 3259 932 3312 meam
985 3233 1582 3311 dissertationem
1636 3235 1718 3310 in
1773 3231 1981 3310 Actis
2037 3231 2590 3334 philolog—orum
2647 3233 3075 3311 academiae

299 3361 780 3460 Hungsricae
831 3359 972 3436 sub
1025 3385 1338 3436 numero
1377 3360 1540 3453 1·0‚
1596 3384 1787 3460 quae
1840 3359 2271 3436 inscribitur
2326 3359 2627 3436 Solon
2683 3357 3072 3436 adotor·

299 3515 349 3563 v
371 3490 483 3563 en
500 3484 781 3588 yerssl
818 3484 1138 3579 (Pestini
1183 3484 1489 3582 1867.);
1525 3495 1599 3560 et
1635 3484 1949 3562 alteram
1988 3509 2258 3585 graece
2299 3485 2694 3587 scriptam:
2759 3478 2868 3557 Τὸ
2904 3487 3069 3557 Σο·-

297 3606 621 3686 advocor
655 3613 943 3707 τίμῃιια
977 3610 1054 3685 in
1089 3608 1750 3711 Ephemeridibus,
1791 3613 2062 3712 quibus
2096 3637 2373 3688 nomen
2408 3623 2525 3688 est
2559 3605 2809 3684 Κλειώ
2846 3612 3067 3705 (Ter-

293 3740 488 3840 gesti
534 3738 764 3835 1868,
806 3739 948 3816 No,
987 3737 1205 3830 351).

1469 3830 1623 3924 Ad
1662 3843 1894 3928 005.

510 4006 713 4083 Hinc
749 4005 926 4082 satis
964 4003 1283 4103 intellig-i
1321 4017 1572 4107 potest
1609 4006 1871 4082 falsam
1911 4033 2077 4084 esse
2114 4009 2359 4106 legem
2396 4034 2445 4082 a
2480 4007 2725 4083 Petito
2762 4006 3063 4084 allatam

287 4127 398 4230 μὴ
459 4127 606 4204 δύο
650 4133 924 4225 τέχνας
967 4133 1306 4228 μετιέναι
1362 4132 1610 4228 (Duas
1663 4143 1860 4208 artes
1916 4157 2011 4207 ne
2051 4136 2433 4224 exercete)
2492 4158 2717 4232 quam
2770 4157 2811 4208 e
2849 4132 3061 4210 scho-

292 4259 510 4336 liasta
559 4254 656 4334 ad
710 4256 1240 4334 Demosthenis
1296 4256 1840 4334 Timocrateam
1898 4258 2125 4352 (739,
2176 4261 2265 4351 6)
2324 4256 2606 4354 hausit,
2664 4259 2793 4360 qui
2848 4257 3062 4337 dicit:

296 4378 440 4459 δύο
475 4385 750 4477 τέχνας
775 4384 1116 4480 μετιέναι
1153 4375 1388 4454 πάλιν
1439 4378 1766 4470 κωλύει,
1829 4377 1957 4456 διὰ
2015 4377 2106 4456 τὸ
2154 4377 2546 4480 μηδεμίαν
2598 4382 3063 4482 κατορθοῦν

292 4515 380 4584 ἐν
413 4504 524 4606 τῷ
560 4501 702 4597 τὴν
735 4501 1046 4610 γνοῇιιην
1070 4507 1544 4604 μερίζεσθαι.

508 4633 668 4712 Nisi
707 4635 903 4711 forte
939 4632 1340 4712 scholiasta
1375 4659 1554 4735 prae
1593 4632 1826 4710 oculis
1847 4633 2193 4710 habuerit
2221 4635 2681 4712 Platonis
2718 4637 2783 4714 L
2804 4663 3059 4736 eges,

291 4760 422 4837 ubi
459 4758 989 4862 praescribitur
1029 4757 1252 4854 (846,
1293 4759 1356 4834 Ε
1397 4799 1494 4811 -—
1537 4758 1717 4854 847,
1759 4759 1905 4851 AJ:
1944 4760 2186 4836 Nemo
2227 4760 2439 4836 faber
2474 4762 2802 4838 aerarius
2839 4763 3060 4838 simul

293 4885 650 4986 lignarius
689 4895 872 4980 esto,
912 4910 1053 4960 nec
1091 4910 1342 4959 rursus
1378 4883 1739 4982 lignarius
1778 4884 2231 4962 aerariorum
2270 4886 2583 4963 aliorum
2624 4911 2865 4964 curam
2904 4915 3058 4964 ma·

282 5011 525 5112 jorem
548 5067 566 5104 ,
625 5033 851 5110 quam
887 5034 1064 5084 suae
1103 5009 1284 5085 artis
1321 5010 1584 5106 gerito.
1663 5007 1816 5084 Sed
1870 5034 2063 5085 unus
2102 5035 2329 5087 unam
2366 5013 2675 5113 quisque
2712 5023 2945 5088 artem
2980 5013 3059 5090 in
3104 5021 3115 5032 '

309 5134 608 5212 civitate
645 5145 908 5226 tenens
947 5159 1038 5212 ea
1072 5135 1288 5212 simul
1325 5147 1400 5212 et
1433 5136 1714 5213 victum
1751 5134 1893 5211 sibi
1928 5143 2211 5238 parato.
