3725 5850
1177 426 1795 525 commum-Aulus
1834 370 2036 481 ΑΠ’σ.
2075 422 2128 482 8.
2882 400 3042 481 413

244 616 544 693 ciorum
578 619 1114 699 eommunitate
1152 618 1405 722 puella
1440 620 1729 697 elocata
1762 620 2072 716 fruitur,
2123 622 2256 697 sed
2294 631 2552 721 patrae
2591 634 3034 700 aooensetur

246 743 463 843 ejus,
498 744 625 846 qui
666 769 979 840 uxorem
1016 744 1243 823 duxit.
1321 746 1376 822 J
1378 769 1497 825 am
1554 770 1733 821 vero
1786 744 1963 822 oli'm
2017 750 2324 847 propter
2362 743 2812 825 desiderium
2849 772 3024 823 eon-

239 880 660 966 ventuum,
720 872 846 974 qui
883 872 1243 949 fratribus
1278 896 1446 949 oum
1484 871 1861 949 sororibus
1899 896 2062 949 esse
2099 870 2294 948 soliti
2333 882 2544 949 erant
2563 928 2582 965 ,
2621 870 2766 949 alia
2799 896 3028 971 quae·

243 994 429 1071 dam
466 1020 890 1089 sacrorum,
938 995 1036 1074 ad
1074 1022 1263 1098 quae
1301 995 1491 1073 duae
1516 996 1669 1074 ‘hae
1706 1008 1976 1096 gentes
2011 998 2537 1091 convenirent,
2595 996 3031 1075 institueba-

240 1130 369 1195 tur
428 1122 960 1217 communitas,
1020 1146 1254 1221 eaque
1310 1120 1431 1223 ph
1454 1122 1770 1199 ratria
1826 1120 2366 1224 appellabatur.
2441 1120 2680 1219 Igitur
2736 1147 2787 1223 p
2815 1132 3032 1197 atra

240 1256 417 1321 orta
454 1257 571 1323 est
608 1272 703 1325 ex
740 1247 1389 1346 consanguinitate
1410 1306 1427 1339 ,
1488 1272 1679 1348 quae
1736 1247 2174 1351 parentibus
2211 1272 2380 1323 eum
2419 1244 2671 1323 liberis
2707 1246 3026 1323 interce·-

240 1370 399 1469 dit3
464 1372 927 1474 phi-atria
979 1384 1231 1451 autem
1286 1400 1326 1451 e
1380 1373 2038 1475 consanguinitate
2109 1374 2422 1453 fratrum
2492 1372 3030 1474 sororumque3

240 1495 583 1573 tribus
637 1509 887 1576 autem
942 1494 1231 1594 (φυλή)
1288 1510 1365 1576 et
1418 1498 1860 1577 tribules
1913 1500 2319 1593 (φυλέται)
2357 1498 2531 1576 olim
2566 1498 2744 1575 inde
2782 1498 3019 1575 nomi-

238 1622 401 1697 nati
424 1680 444 1719 ‚
506 1622 707 1726 quod
742 1625 823 1703 in
859 1626 1198 1703 civitates
1234 1636 1457 1726 atque
1494 1636 1759 1723 gentes
1799 1625 2160 1703 coierunt.

468 1748 901 1840 (Mullerz
950 1750 1515 1851 fragmenta
1561 1749 2129 1831 historicor.
2178 1774 2494 1850 gra-eo.
2543 1750 2640 1835 11.
2683 1776 2754 1853 p.
2793 1746 3028 1843 288.)

1494 1960 1795 2047 Ado.

466 2122 711 2227 Hujus
765 2126 1196 2204 mutationis
1252 2136 1515 2204 auctor
1568 2125 1711 2202 fuit
1747 2122 2171 2203 Clisthenes
2227 2138 2398 2229 post
2444 2123 2797 2230 expulsos
2834 2126 3019 2206 Pisi-

239 2248 641 2348 stratidas,
698 2254 824 2353 qui
874 2264 1065 2333 teste
1104 2252 1487 2331 Herodoto
1544 2251 1681 2348 (V,
1718 2250 1869 2345 66)
1921 2252 2224 2333 mutatis
2261 2253 2487 2331 etiam
2522 2252 2850 2332 tribuum
2886 2280 3020 2329 no-

239 2374 575 2455 minibus
594 2430 615 2470 ‚
670 2402 864 2478 quae
904 2377 999 2456 ab
1038 2378 1243 2457 Ionis
1284 2377 1451 2458 filiis
1478 2434 1497 2473 ,
1562 2376 1936 2458 Geleonte
1976 2389 2052 2456 et
2090 2376 2454 2478 Aegieore
2493 2390 2571 2455 et
2608 2376 2913 2477 Argaea
2945 2390 3024 2455 et

244 2498 618 2601 Hoplete,
658 2514 871 2580 erant
904 2502 1295 2605 desumpta
1314 2560 1333 2599 ,
1382 2504 1479 2583 ab
1517 2502 1894 2603 indigenis
1933 2502 2278 2581 heroibus
2317 2526 2444 2584 eas
2479 2503 3018 2599 denominavit,

243 2648 399 2701 uno
426 2624 671 2768 ‘Ajaoe
706 2638 1061 2731 excepto,
1118 2653 1343 2730 quem
1362 2685 1381 2723 ,
1440 2638 1523 2705 ut
1556 2628 1888 2708 vicinum
1921 2638 1997 2708 et
2031 2628 2360 2726 socium,
2399 2648 2850 2731 quamquam
2886 2654 3014 2731 pe-

244 2749 669 2849 regrinum,
727 2752 1019 2855 adjecit.

1482 2872 1633 2960 Ad
1688 2874 1782 2959 8.

465 3037 689 3144 Apud
736 3039 1201 3121 Herodotum
1260 3040 1571 3142 legitur:
1630 3035 1817 3114 δέκα
1877 3035 1955 3113 δὲ
2010 3043 2148 3114 καὶ
2204 3033 2389 3123 τούς
2443 3033 2730 3130 δήμους
2782 3046 3013 3116 xm&-

253 3190 429 3263 Wue
464 3167 539 3250 ἐς
570 3161 706 3253 τὰς
742 3164 991 3262 φυλάς
1012 3221 1033 3256 ,
1092 3169 1300 3269 quasi
1336 3169 1415 3245 in
1452 3169 1857 3246 universim
1895 3166 2188 3246 nonnisi
2223 3166 2480 3244 decem
2535 3167 2848 3245 fuissent
2886 3169 3011 3245 de-

252 3293 389 3387 mi,
448 3291 645 3392 quod
701 3293 1103 3372 absurdum
1158 3304 1313 3392 est3
1386 3319 1616 3395 quare
1674 3293 2013 3371 nonnulli
2069 3293 2168 3370 ita
2230 3301 2614 3369 mutarunt
2672 3293 3010 3371 ordinem

254 3415 685 3496 verborum:
740 3423 882 3491 καὶ
938 3413 1123 3504 τούς
1162 3413 1443 3514 δήμους
1480 3419 1902 3515 κατέγεμεν
1937 3423 2013 3503 ἐς·
2045 3413 2181 3502 τὰς
2217 3413 2406 3492 δέκα
2445 3411 2712 3508 φυλάς.
2789 3417 3010 3513 Quod

257 3542 503 3642 utique
540 3569 799 3622 veru-m
837 3555 989 3644 est3
1046 3571 1222 3622 nam
1277 3557 1353 3622 et
1405 3543 1823 3624 Scholiasta
1875 3547 1950 3622 in
1999 3544 2390 3622 Aeschinis
2427 3541 2892 3645 ctesiphont.
2937 3549 3006 3640 4,

258 3667 449 3745 clare
486 3669 703 3746 dicit:
761 3665 949 3744 δέκα
1004 3659 1201 3759 ἦσαν
1254 3672 1501 3764 φυλαὶ
1554 3672 2129 3766 καθεσταμένα
2177 3663 2612 3758 Ἀθήνησιν
2667 3663 2822 3742 ἀπὸ
2880 3667 3010 3759 τῆς

262 3796 767 3880 Κλεισθένους
820 3797 1243 3884 πολιτείας,
1302 3797 1408 3881 εἰς
1463 3785 1553 3879 ἃς
1608 3788 1938 3884 ἅπαντες
1994 3787 2193 3886 ἦσαν
2237 3789 2694 3884 Ἀθηναίων
2751 3789 3008 3868 διανε-

263 3925 669 4019 νεμημίνοι.

457 4043 718 4125 Verba
758 4049 947 4149 legis
984 4073 1197 4126 meae
1234 4046 1403 4126 dedi
1442 4047 1842 4126 seeundum
1883 4045 2476 4130 emendationem
2514 4031 2831 4148 Sauppii
2861 4046 3005 4140 (de

264 4171 477 4253 demis
526 4174 831 4252 urbanis
868 4172 1340 4253 Athenarum.
1418 4175 1714 4278 Lipsiae
1756 4175 1984 4252 1846.
2042 4202 2114 4277 p.
2159 4175 2320 4267 10.)
2379 4197 2549 4249 oum
2602 4172 3005 4249 verisimile

266 4301 383 4398 sit,
437 4299 903 4378 Herodotum
960 4301 1203 4379 dioere
1259 4301 1628 4380 voluisse:
1686 4299 1918 4378 denos
1978 4300 2236 4377 demes
2291 4298 2634 4376 tribubus
2689 4297 3004 4400 singulis

267 4423 639 4504 attributos
673 4425 923 4504 fuisse.

456 4549 913 4632 Clisthenem
986 4551 1249 4634 decem
1314 4550 1568 4631 demes
1634 4551 1756 4630 vel
1823 4551 2210 4630 demorum
2282 4561 2533 4653 partes
2611 4545 3002 4630 moenibus

272 4678 697 4758 Athenarum
748 4681 1178 4776 inclusisse,
1235 4682 1341 4756 ita
1396 4691 1481 4755 ut
1534 4703 1625 4756 ex
1680 4679 1941 4780 quavis
2014 4677 2212 4756 tribu
2284 4699 2474 4753 unus
2547 4674 2803 4752 demus
2883 4672 3002 4749 vel

272 4830 419 4908 pars
453 4805 665 4882 unius
702 4806 780 4883 in
810 4807 992 4885 urbe
1030 4816 1266 4902 esset,
1311 4805 1821 4884 demonstrare
1860 4815 2166 4882 conatus
2207 4813 2320 4880 est
2358 4798 2736 4905 Sauppius
2775 4797 3000 4896 (ibid.

274 4955 333 5033 p.
369 4931 729 5023 13m19).

457 5057 963 5156 „Clisthenes,
1022 5081 1249 5159 quum
1298 5083 1571 5136 novam
1630 5057 1982 5135 conderet
2035 5055 2293 5160 populi
2333 5053 2810 5152 divisionem,
2870 5083 2994 5134 ve-

275 5191 375 5260 tus
418 5179 865 5281 institutum,
924 5183 1120 5285 quod
1176 5187 1505 5287 exeeptis
1552 5184 1903 5294 ,tribubus
1959 5183 2169 5260 simul
2222 5194 2592 5261 retentum
2649 5193 2799 5279 est,
2857 5209 2998 5285 pro
