3725 5850
801 427 1414 481 coumzsmnms
1451 425 1557 475 An
1599 419 1758 478 10⁷4.
1801 419 1963 478 ποτε.
2006 421 2163 479 1080.
2206 424 2365 479 1081.
2816 408 2969 483 555

176 628 378 694 tores
421 616 737 695 militiae
793 618 1079 695 navalis
1133 641 1266 717 per
1321 626 1552 695 totam
1593 614 1988 695 Graeciam
2024 620 2571 723 investigentur
2610 622 2965 697 omnium·

179 768 319 843 que
362 769 641 821 manus
681 744 1168 833 recidantur.)

1342 880 1494 964 Ad
1530 883 1648 963 10
1657 883 1815 965 ⁷4.

401 1050 634 1150 Apud
673 1048 1152 1127 Plataeenses
1187 1050 1249 1125 si
1287 1050 1386 1143 is,
1447 1051 1572 1149 qui
1611 1053 1840 1127 semel
1877 1052 2037 1150 jam
2077 1054 2155 1127 in
2196 1054 2601 1130 certamine
2641 1057 2969 1156 palmam

179 1175 546 1251 victoriae
587 1174 901 1274 adeptus
941 1174 1091 1269 est',
1149 1175 1228 1250 in
1264 1175 1411 1251 alio
1449 1175 1852 1251 certamine
1904 1179 2145 1253 victus
2202 1179 2499 1273 fuisset,
2557 1191 2793 1256 morte
2834 1209 2968 1281 pu-

181 1300 557 1376 niebatur.
617 1299 898 1399 Legem
938 1297 1165 1375 refert
1203 1298 1694 1376 Philostratus
1736 1301 1869 1393 (de
1914 1300 2404 1405 Gymnastica
2441 1300 2508 1405 §.
2550 1305 2621 1379 8.
2662 1306 2776 1381 ed.
2814 1308 2966 1383 Da-

181 1428 564 1525 remberg.
623 1424 926 1500 Parisiis
975 1424 1258 1516 1858):
1316 1418 1460 1497 τὸν
1499 1414 1635 1512 ἤδη
1675 1429 2353 1523 ἐστεφανωμένον,
2394 1431 2468 1501 εἰ
2502 1422 2969 1530 ἀγωνίζοιτο

185 1542 474 1637 αὖθις,
555 1542 924 1651 ἐγγυητάς
1000 1544 1148 1623 ἔδει
1223 1546 1689 1638 καταστῆσαι
1747 1549 1891 1625 τοῦ
1950 1548 2331 1650 σώματος·
2419 1548 2766 1641 θάνατος
2821 1550 2969 1659 γὰρ

187 1667 601 1773 ἡττωμένῳ
640 1677 1213 1771 προσετέτακτο.

1349 1831 1502 1915 Ad
1538 1835 1823 1918 10⁷5.

401 1996 848 2098 Argument.
885 1999 964 2074 in
1003 1996 1385 2076 Demosth.
1428 1998 1522 2075 de
1564 2024 1844 2075 corona
1882 2001 2082 2077 trier.
2128 2001 2376 2077 1228:
2434 2000 2683 2099 Χῶμα
2721 2014 2967 2082 autem

188 2152 315 2203 seu
355 2124 668 2202 Vallum
709 2134 869 2202 erat
905 2135 1274 2202 structura
1311 2126 1556 2227 portui
1613 2128 2083 2228 praeposita,
2141 2138 2225 2203 ut
2265 2136 2337 2204 et
2374 2154 2606 2208 naves
2644 2156 2969 2207 commo-

189 2251 350 2327 dius
391 2251 677 2352 appelli
715 2262 1028 2352 possent
1065 2263 1139 2327 et
1177 2261 1448 2327 nautae
1487 2251 1588 2325 ibi
1631 2251 1877 2328 forum
1913 2253 2303 2331 haberent.

1347 2458 1501 2545 Ad
1533 2463 1819 2546 1080.

401 2626 668 2705 Cicero
708 2624 798 2703 de
835 2638 1076 2704 natur.
1117 2627 1320 2705 deor.
1361 2630 1417 2721 I,
1459 2626 1585 2722 23,
1629 2628 1770 2703 63:
1833 2626 2225 2708 Abderites
2264 2633 2564 2733 quidem
2602 2634 2963 2736 Protago-

191 2780 308 2830 ras
348 2778 525 2829 cum
561 2753 641 2828 in
678 2753 1048 2855 principio
1084 2753 1252 2829 libri
1291 2754 1405 2829 sui
1443 2752 1550 2829 sic
1605 2756 2018 2855 posuisset:
2078 2754 2125 2831 d
2150 2780 2189 2831 e
2246 2757 2377 2832 dii
2402 2785 2436 2834 s
2490 2784 2543 2833 n
2566 2783 2605 2834 e
2630 2784 2807 2858 que
2864 2770 2969 2836 ut

196 2881 433 2974 sint,
495 2902 806 2979 neque
861 2888 961 2954 ut
1015 2904 1212 2956 non
1268 2880 1509 2972 sint,
1587 2879 1904 2957 habeo
1963 2880 2337 2976 dicere,
2397 2882 2969 2964 Atheniensium

184 3006 396 3104 jussu
436 3005 622 3081 urbe
663 3015 883 3106 atque
924 3031 1106 3106 agro
1146 3015 1259 3080 est
1315 3007 1845 3083 exterminatus
1905 3004 2222 3106 librique
2280 3009 2442 3108 ejus
2490 3010 2569 3085 in
2607 3012 2967 3089 concione

197 3130 587 3208 combusti.

405 3256 719 3360 Josep
745 3258 813 3334 h.
871 3259 1136 3336 Flav.
1193 3285 1252 3336 c.
1296 3259 1634 3363 Apion.
1693 3260 1790 3354 ΙΙ,
1829 3257 1974 3334 2¹7:
2032 3260 2521 3361 Protagoras,
2580 3265 2722 3340 nisi
2762 3266 2966 3342 ocius

197 3383 646 3484 aufugisset,
705 3386 1278 3486 comprehensus
1313 3386 1754 3480 interiisset,
1814 3385 2017 3486 quod
2071 3385 2349 3486 aliquid
2406 3388 2787 3491 scripsisse
2826 3413 2963 3492 pu·

197 3518 478 3585 taretur
513 3509 946 3612 discrepans
983 3511 1079 3588 ab
1117 3510 1682 3589 Atheniensium
1722 3511 1812 3588 de
1851 3511 1991 3588 diis
2028 3512 2527 3612 opinionibus.

408 3635 994 3712 Philostrat.
1036 3635 1222 3712 Vit.
1271 3635 1812 3738 Sophistl,
1859 3637 1997 3710 10:
2056 3637 2508 3741 Protagoras
2549 3643 2745 3742 quod
2784 3640 2961 3719 dicit

201 3785 354 3835 sese
398 3758 783 3853 dubitare,
845 3760 944 3836 dii
979 3762 1128 3838 sint
1167 3787 1264 3836 an
1297 3788 1453 3837 non
1491 3761 1678 3856 sint,
1736 3762 2035 3839 videtur
2092 3764 2271 3840 mihi
2329 3789 2369 3840 e
2408 3765 2715 3844 Persica
2752 3767 2965 3843 disci-

201 3884 400 3982 plina
437 3885 660 3987 impie
698 3887 1092 3964 derivasse.
1168 3886 1387 3964 Hanc
1443 3888 1541 3963 ob
1599 3912 1901 3964 causam
1950 3890 2149 3964 omni
2190 3901 2389 3966 terra
2424 3893 2519 3968 ab
2560 3892 2967 3970 Athenien-

203 4010 404 4088 sibus
443 4012 794 4112 expulsus
832 4023 961 4088 est.

1365 4114 1515 4198 Ad
1550 4118 1816 4199 1081.

415 4279 738 4382 Sopater
774 4281 984 4358 divis.
1028 4293 1307 4384 quaest.
1349 4281 1546 4357 333:
1604 4275 1746 4356 τὸν
1802 4279 2199 4372 ἐξειπόντα
2236 4278 2331 4357 τά
2364 4280 2747 4382 μυστήρια
2784 4288 2969 4358 τεθ-

208 4399 454 4478 νάναι.
517 4407 704 4500 (Qui
741 4408 1099 4507 mysteria
1135 4408 1593 4507 vulgaverit,
1635 4411 1880 4512 capite
1919 4410 2139 4502 luat.)

416 4531 639 4608 Teste
697 4530 926 4608 Suida
983 4535 1091 4626 (s.
1150 4562 1218 4609 v.
1278 4527 1656 4633 Διαγόρας
1714 4521 1757 4605 ὅ
1817 4527 2177 4629 Μήλιος)
2236 4536 2733 4615 Athenienses
2786 4565 2971 4617 voce

210 4658 592 4757 praeconis
650 4659 1126 4759 pronunciari
1183 4670 1258 4736 et
1313 4685 1576 4737 aereae
1638 4661 2032 4737 columnae
2067 4661 2375 4740 inscribi
2419 4663 2846 4765 jusserunt,
2906 4667 2966 4742 si

211 4787 330 4883 qui
373 4786 784 4884 Diagoram
841 4785 1234 4862 occidisset
1256 4847 1274 4882 ,
1333 4787 1734 4880 talentum,
1794 4789 1921 4890 qui
1976 4789 2233 4864 vivum
2288 4789 2758 4886 adduxisset,
2817 4791 2966 4868 duo

211 4911 486 4988 talenta
523 4920 999 5013 accepturum
1037 4936 1219 4987 esse.
1295 4910 1463 4989 Hoc
1499 4924 1749 4990 autem
1797 4913 2137 4990 fecerunt
2172 4925 2481 5017 propter
2517 4916 2673 5016 ejus
2710 4916 2965 5016 impie·

215 5043 432 5113 tatem
455 5095 474 5132 ,
513 5036 712 5136 quod
749 5037 1106 5136 mysteria
1143 5037 1486 5113 omnibus
1527 5038 1977 5115 enunciaret.

416 5159 471 5236 J
476 5159 797 5262 osephus
845 5161 1146 5238 Flavius
1205 5165 1306 5255 (c.
1348 5161 1617 5265 Apion.
1657 5165 1752 5261 II,
1794 5161 1939 5259 3¹7)
1998 5166 2251 5243 scribit
2306 5168 2396 5244 de
2455 5168 2597 5244 hoc
2635 5167 2959 5266 Diagora
