3725 5850
643 432 802 513 528
1571 452 2193 511 consummamus
2232 456 2339 507 An
2377 444 2503 509 sss.

853 650 954 731 At
989 650 1417 753 hujusmodi
1473 648 1960 728 additamenti
2014 648 2301 725 nullam
2348 648 2635 727 faciunt
2679 646 3139 725 mentionem
3172 638 3429 721 fontes

639 777 932 877 graeci,
971 776 1172 878 quod
1209 775 1542 877 alioquin
1579 800 1863 851 summe
1902 774 2255 874 injustum
2302 772 2609 871 fuisset3
2662 798 2834 850 nam
2874 798 2969 849 ex
3006 769 3427 851 Andocidis

640 902 982 977 oratione
1041 900 1134 977 de
1191 900 1704 1003 mysteriis
1759 893 1893 999 (ξ.
1941 896 2419 989 133-134)
2477 910 2737 975 notum
2794 907 2907 974 est
2963 894 3433 999 Agyrrhium

641 1026 1044 1125 quemdam
1084 1025 1502 1129 principem
1540 1025 1827 1101 factum
1863 1022 2091 1100 fuisse
2128 1022 2425 1120 collegii
2463 1022 3018 1143 rqdemptorum
3054 1022 3431 1121 quinqua·

637 1151 1008 1248 gesimae,
1065 1149 1709 1253 redempsisseque
1765 1147 1911 1223 hoc
1963 1145 2285 1245 vectigal
2323 1147 2629 1245 triginta
2664 1144 2989 1223 talentis.
3062 1142 3432 1244 Collegae

637 1276 713 1353 hi
749 1276 1176 1370 (continuat
1209 1277 1498 1367 orator)
1540 1275 1734 1349 coire
1775 1270 2159 1367 videntur,
2218 1296 2367 1373 quo
2406 1270 2669 1348 horum
2709 1272 3027 1349 duorum
3062 1270 3429 1347 alterutro

639 1401 1061 1499 potiantur:
1099 1410 1184 1476 ut
1220 1410 1348 1477 aut
1380 1408 1683 1475 taceant
1715 1399 1795 1474 in
1833 1395 2126 1473 licendo
2164 1404 2388 1495 atque
2426 1397 2535 1471 sic
2573 1395 2995 1473 mercedem
3031 1394 3429 1491 auferant3

638 1537 770 1601 aut
805 1528 868 1601 si
909 1522 1297 1626 vectigalis
1353 1522 1770 1623 redemptio
1827 1520 2099 1620 exiguo
2159 1531 2463 1611 veneat,
2520 1521 2665 1624 ipsi
2700 1523 2778 1598 in
2816 1520 3426 1598 communionem

639 1650 827 1725 lucri
869 1661 1152 1725 coeant.
1229 1650 1343 1726 Ex
1399 1649 1529 1725 illa
1583 1649 1830 1748 itaque
1892 1646 2405 1748 redemptione
2464 1647 3125 1747 quinquagesimae
3182 1668 3423 1747 quum

635 1774 838 1851 facto
876 1774 1100 1851 trium
1155 1772 1599 1851 talentorum
1653 1768 2101 1873 compendio
2149 1768 2579 1846 didicissent
2616 1796 2840 1871 quam
2876 1771 3266 1849 fructuosa
3304 1796 3429 1847 res

638 1908 873 1996 esset,
931 1899 1233 1975 coibant
1268 1900 1346 1973 in
1383 1896 1808 1975 sodalitium
1829 1950 1848 1986 ,
1908 1907 1985 1971 et
2032 1922 2262 1997 quum
2316 1896 2619 1996 reliquis
2678 1922 2811 1973 suo
2850 1896 2945 1974 de
2980 1896 3191 1974 lucro
3230 1896 3426 1972 offu-

637 2026 786 2101 lam
841 2024 1330 2126 objecissent,
1387 2022 1658 2099 iterum
1715 2021 2025 2121 triginta
2078 2021 2361 2097 talenta
2413 2021 2854 2099 offerebant.
2942 2020 3058 2097 Ibi
3116 2021 3427 2097 nemine

637 2150 955 2245 licente,
1013 2175 1454 2250 progressus
1495 2146 1919 2226 Andocides
1956 2146 2052 2224 ad
2088 2158 2429 2223 senatum
2467 2147 2637 2248 plus
2672 2146 3080 2244 licebatur,
3138 2158 3219 2223 et
3252 2158 3423 2223 tan-

637 2276 810 2353 dem
864 2275 1006 2377 ipsi
1063 2276 1480 2377 redemptio
1535 2302 1676 2377 pro
1732 2302 1865 2351 sex
1922 2288 1999 2349 et
2050 2276 2363 2374 triginta
2416 2276 2715 2353 talentis
2770 2274 3201 2376 adjudicata
3254 2272 3421 2349 fuit.

640 2400 806 2477 Hoc
846 2411 1070 2501 pacto
1107 2400 1250 2477 illis
1289 2400 1596 2503 dejectis
1632 2400 1942 2501 collegit
1997 2399 2318 2499 vectigal
2375 2399 2516 2479 hoc
2552 2412 2775 2501 atque
2814 2400 3100 2477 aerario
3138 2398 3425 2501 depen-

641 2525 788 2617 dit,
845 2551 939 2601 ex
977 2550 1212 2625 eoque
1253 2550 1406 2601 non
1445 2536 1736 2603 tantum
1775 2525 2064 2601 nullum
2099 2524 2391 2625 accepit
2424 2523 2821 2619 damnum,
2871 2523 3003 2601 sed
3043 2524 3269 2599 etiam
3306 2523 3423 2597 lu-

612 2650 810 2726 celli
849 2674 1114 2751 parum
1151 2649 1328 2750 quid
1367 2648 1541 2725 fecit
1577 2674 1744 2725 cum
1781 2650 2257 2725 consortibus
2293 2649 2515 2750 hujus
2553 2650 3109 2752 redemptionis.

854 2774 1024 2867 Quo
1061 2786 1280 2873 pacto
1317 2773 1544 2873 igitur
1581 2775 1905 2876 populus
1942 2773 2419 2851 Atheniensis
2455 2776 2985 2871 consensisset,
3042 2786 3126 2851 ut
3162 2774 3419 2871 singu·

635 2901 753 2978 lus
790 2899 1068 2976 civium
1113 2927 1248 2978 suo
1303 2901 1582 2978 tributo
1639 2900 1713 2977 id
1769 2898 2187 3002 suppleret,
2250 2900 2451 3000 quod
2488 2901 2915 3002 respublica
2952 2926 3091 3003 per
3125 2901 3415 2978 lucrum

639 3025 1188 3126 redemptorum
1219 3025 1314 3102 de
1351 3026 1844 3126 vectigalibus
1884 3024 2308 3127 deperdidit
2326 3026 2363 3101 P

856 3152 1027 3230 Mea
1065 3151 1414 3255 opinione
1449 3144 1539 3224 τὸ
1580 3144 2237 3247 πρασκατάβλημα
2292 3151 2397 3225 nil
2436 3149 2639 3226 aliud
2675 3150 2847 3246 fuit,
2906 3177 3131 3251 quam
3168 3161 3415 3228 certae

642 3279 1122 3375 centesimae,
1161 3303 1346 3378 quas
1383 3277 1524 3379 ipsi
1565 3276 2047 3375 vectigalium
2082 3275 2593 3378 redemptores
2632 3287 2932 3380 praeter
2969 3277 3417 3380 redemptio-

641 3405 758 3482 nis
812 3403 1136 3506 pretium
1191 3403 1480 3480 solvere
1536 3400 1919 3479 debebant
1938 3460 1957 3496 ,
2018 3401 2656 3501 quemadmodum
2710 3414 2969 3480 nostra
3010 3411 3255 3480 aetate
3290 3403 3417 3478 tri-

643 3530 916 3607 butarii
953 3541 1248 3630 praeter
1283 3527 1681 3625 tributum,
1739 3528 1963 3628 hujus
2000 3553 2293 3628 quoque
2331 3528 2773 3604 centesimas
2822 3527 3185 3629 pendunt.

858 3653 1277 3730 Secundum
1335 3649 1637 3729 Suidam
1695 3663 1770 3728 et
1826 3652 2222 3747 Photium,
2280 3679 2449 3729 cum
2494 3651 2892 3752 vectigalia
2952 3652 3413 3744 locabantur,

645 3781 795 3857 duo
835 3779 1189 3880 temporis
1226 3777 1522 3855 termini
1561 3777 2157 3878 redemptoribus
2195 3802 2455 3856 eorum
2494 3777 3161 3880 praeficiebantur3
3216 3777 3411 3854 intra

645 3932 832 4006 quos
868 3905 1187 4006 pecunia
1225 3902 1324 3981 ab
1359 3903 1542 4007 ipsis
1581 3903 2079 4005 persolvenda
2134 3917 2349 3981 esset.
2426 3905 2727 3980 Partem
2758 3905 2989 4002 igitur
3028 3905 3413 4004 pecuniae,

645 4057 834 4131 quae
873 4029 970 4108 ab
1007 4030 1190 4131 ipsis
1229 4029 1306 4106 in
1361 4029 1726 4106 aerarium
1783 4027 2286 4124 inferebatur,
2345 4041 2749 4130 antequam
2812 4029 3209 4129 vectigalia
3264 4029 3413 4106 exi-

643 4182 821 4255 gere
875 4156 1329 4259 incepissent
1348 4213 1369 4249 ,
1446 4147 2051 4251 προκαταβολὴν
2122 4155 2349 4232 fuisse
2408 4166 2747 4234 vocatam
2770 4214 2789 4252 ‚
2863 4153 3177 4232 alteram
3236 4179 3414 4232 vero

645 4295 936 4382 partem
974 4273 1643 4378 προςκατάβλημα.

861 4406 960 4481 Hi
999 4431 1180 4504 ergo
1218 4405 1501 4482 nullum
1540 4405 1824 4482 faciunt
1861 4403 2259 4482 discrimen
2318 4405 2513 4482 inter
2566 4405 2813 4508 ipsum
2850 4407 3177 4508 vectigal
3216 4419 3292 4484 et
3322 4401 3411 4480 τὸ

647 4525 1322 4628 προσκατάβλημα.
1395 4531 1452 4608 J
1453 4557 1574 4608 am
1613 4556 1790 4608 vero
1827 4529 2375 4608 Demosthenes
2414 4534 2519 4628 (c.
2557 4531 2956 4608 Timocrat.
2997 4533 3195 4627 731)
3234 4535 3415 4610 haec

647 4655 794 4732 duo
851 4656 1048 4732 clare
1105 4655 1534 4756 distinguit,
1591 4657 1882 4734 diceus:
1958 4683 2187 4757 quum
2244 4655 2725 4754 vectigalium
2779 4657 3057 4736 reditus
3110 4657 3410 4735 admini-

643 4782 978 4858 strationi
1018 4807 1168 4858 non
1205 4781 1582 4858 suffic-iant
1635 4776 1775 4876 (οὐ
1831 4775 1983 4882 γάρ
2034 4771 2288 4854 ὄντων
2326 4777 2624 4854 ἱκανῶν
2658 4779 2815 4855 τῶν
2852 4785 2947 4855 ἐκ
2980 4779 3141 4855 τῶν
3178 4779 3410 4858 τελῶν

634 4901 1136 5005 χρημάτων),
1191 4909 1295 4984 sic
1350 4907 1588 4984 dictae
1643 4907 1756 4983 ad
1769 4908 1929 5008 jec
1955 4907 2281 4984 tiones
2338 4909 2731 4986 solvuntur
2784 4900 2919 5002 (τά
2978 4933 3407 5008 προςκατα-

645 5027 970 5129 βλήματ’
1009 5025 1546 5129 ὀνομαζόμενα
1583 5027 2215 5131 καταβάλλεται).

861 5157 1382 5234 Demosthenis
1439 5156 1665 5236 verba
1720 5159 2023 5235 nonnisi
2082 5159 2185 5235 ita
2220 5171 2531 5260 possunt
2569 5162 2973 5238 convenire
3010 5187 3183 5238 oum
3220 5163 3407 5238 testi·
