3725 5850
938 406 1558 461 commum-Amos
1594 406 1701 457 An
1744 402 1902 459 1051.
1948 402 2106 460 1052.
2149 404 2305 463 105⁴.
2350 406 2510 462 1056.
2939 388 3084 463 551

1470 592 1622 676 Ad
1667 594 1935 678 1051.

531 760 978 862 Hesychius:
1026 754 1404 863 Ἀλογίου
1446 754 1663 847 δίκη·
1722 752 1823 848 ἦν
1858 757 2289 864 φεύγουσιν
2327 764 2401 835 οἱ
2442 755 2813 860 ἄρχοντες
2851 758 3094 865 λόγον

316 878 412 956 οὐ
456 880 713 970 δόντες
750 882 907 958 τῶν
944 881 1073 973 τῆς
1110 879 1351 983 ἀρχῆς
1403 879 1944 979 διοικημοῖτων.
2023 886 2280 981 (Actio
2320 890 2831 987 neglectarum
2869 889 3090 965 ratio-

311 1037 533 1106 num;
590 1036 814 1112 quam
870 1014 1197 1091 subeunt
1252 1016 1769 1112 magistram,
1826 1014 1954 1111 qui
2011 1040 2166 1090 non
2227 1013 2712 1091 reddiderunt
2765 1014 3094 1089 rationes

312 1162 563 1215 rerum
602 1138 697 1215 ab
736 1140 917 1241 ipsis
956 1142 1473 1239 magistratum
1511 1138 1948 1241 gerentibus
1987 1140 2730 1235 administratamm.)

1461 1314 1612 1398 Ad
1646 1315 1933 1397 1052.

525 1479 587 1555 Ε
624 1478 1089 1581 praescripto
1126 1479 1417 1579 Legum
1443 1479 1777 1555 Platonis
1818 1480 2036 1573 (946,
2079 1482 2146 1557 D
2169 1482 2364 1575 -EJ
2405 1494 2862 1560 correctores
2901 1478 3080 1577 (εὐ-

315 1597 592 1696 θύνοι)
630 1612 1029 1707 postquam
1066 1606 1503 1707 perfunctos
1542 1606 1982 1705 magistratu
2009 1606 2548 1707 judicaverint,
2591 1608 2668 1684 in
2709 1610 2874 1685 foro
2913 1636 3086 1711 pro-

308 1729 571 1830 positis
626 1726 719 1805 de
781 1730 1045 1830 quovis
1102 1731 1399 1832 scriptis
1453 1727 1829 1805 indicante
1884 1728 2206 1823 civitati,
2265 1731 2438 1830 quid
2498 1732 2654 1833 pati
2712 1759 3088 1833 quemque

308 1853 432 1930 vel
470 1852 897 1954 dependere
934 1866 1293 1956 oporteat.
1372 1854 1519 1948 Qui
1578 1878 1757 1931 vero
1812 1854 2387 1953 magistratuum
2429 1858 2633 1959 juste
2685 1885 2766 1935 se
2792 1858 3082 1957 judica-

304 1990 464 2055 tum
502 1980 929 2078 negaverit,
988 1979 1082 2056 ad
1131 1979 1443 2055 selectos
1469 1975 1757 2079 judices
1817 1980 1966 2073 (εἰς
2001 1972 2184 2064 τούς
2221 1976 2637 2065 ἐκλεκτούς
2677 1977 3084 2077 δικαστάς)

303 2105 380 2180 in
408 2105 535 2206 jus
571 2114 841 2181 vocato
881 2118 1370 2196 correctores,
1432 2118 1505 2181 et
1560 2105 1621 2181 si
1679 2105 1843 2204 quis
1899 2132 2051 2183 non
2108 2108 2632 2185 commeruisse
2689 2110 3080 2187 correctio-

304 2254 479 2308 nem
534 2231 737 2307 visus
792 2232 1056 2325 fuerit,
1115 2231 1320 2334 ipsos
1378 2240 1878 2325 correctores,
1937 2230 1998 2307 si
2037 2232 2273 2325 volet,
2333 2245 2702 2309 accusato,
2783 2235 3077 2311 Conde-

302 2369 599 2436 mnatus
639 2375 816 2435 vero
840 2417 858 2451 ‚
898 2359 959 2435 si
1000 2359 1117 2435 cui
1154 2368 1391 2435 morte
1432 2359 1904 2436 aestimatum
1941 2384 1986 2435 a
2024 2359 2571 2435 correctoribus
2611 2360 2866 2450 fucrit,
2906 2361 3075 2435 sim-

302 2484 591 2583 pliciter
628 2482 976 2579 moritor;
1032 2483 1480 2586 reliquarum
1536 2482 1985 2560 muletarum
2045 2494 2336 2579 autem,
2396 2508 2712 2587 quarum
2772 2484 3079 2585 duplum

302 2608 530 2713 pendi
565 2609 875 2712 poterit,
935 2608 1245 2712 duplum
1280 2610 1610 2711 pendito.

1450 2783 1605 2867 Ad
1638 2785 1927 2870 1054.

512 2935 980 3014 Dinarch.
1038 2959 1098 3011 c.
1160 2934 1823 3036 Aristogiton.
1885 2931 2346 3036 §.16-17:
2404 2935 2636 3013 Primi
2693 2936 3070 3034 legislato-

300 3089 419 3140 res
443 3122 461 3157 ‚
522 3063 583 3139 si
623 3062 785 3164 quis
825 3061 1041 3140 donis
1080 3063 1405 3163 acceptis
1459 3062 1697 3140 verba
1745 3063 2024 3140 faceret
2063 3075 2138 3139 et
2176 3062 2269 3140 de
2307 3063 2525 3140 rebus
2563 3061 2886 3164 publicis
2927 3074 3069 3138 sta-

298 3199 578 3283 tueret,
638 3188 834 3265 hunc
888 3187 1258 3289 perditum
1310 3211 1469 3264 esse
1511 3187 1888 3266 volebant.
1961 3189 2254 3268 Deinde
2286 3188 2370 3272 in
2407 3188 2703 3288 legibus
2742 3188 3067 3286 largitio-

296 3341 478 3391 num
534 3314 865 3391 actiones
926 3307 1236 3411 (δώρων
1291 3307 1630 3413 γραφάς)
1690 3313 2032 3390 fecerunt
2091 3324 2165 3390 et
2219 3314 2297 3388 in
2354 3309 2513 3390 solo
2573 3313 2716 3388 hoc
2765 3312 3068 3388 crimine

295 3440 689 3542 decuplam
766 3452 1114 3541 acceptae
1187 3439 1550 3540 pecuniae
1626 3465 1989 3516 summam
2063 3465 2200 3539 pro
2278 3439 2553 3516 mulcta
2603 3439 3068 3536 irrogarunt,

294 3565 803 3643 existimantes
863 3591 1071 3660 eum,
1134 3565 1259 3665 qui
1317 3589 1453 3666 pro
1508 3563 1874 3641 habendis
1938 3589 2189 3640 coram
2244 3564 2529 3666 populo
2606 3563 3068 3638 orationibus

294 3691 617 3794 pretium
650 3691 1053 3792 acceperit,
1113 3716 1265 3767 non
1303 3717 1442 3792 pro
1483 3689 1743 3792 populi
1782 3689 2191 3766 commodis
2231 3689 2838 3767 concionaturum
2880 3714 3064 3783 esse,

294 3815 427 3893 sed
467 3842 599 3916 pro
642 3841 934 3911 eorum,
993 3817 1118 3916 qui
1156 3817 1480 3918 pretium
1517 3814 1858 3894 dederint
1895 3815 2234 3892 utilitate.

511 3939 783 4018 Pollux
838 3939 1044 4035 VIII,
1107 3940 1246 4015 42:
1315 3934 1579 4037 δώρων
1633 3933 1837 4013 κατὰ
1896 3935 2048 4013 τοῦ
2098 3939 2220 4012 ἐπὶ
2278 3933 2544 4038 δώροις
2603 3935 3062 4026 δικάσαντος

290 4056 469 4155 ἦνῆ
513 4059 815 4168 γραφή,
878 4059 1277 4160 δεκασμοῦ
1329 4057 1409 4138 δὲ
1468 4059 1671 4138 κατὰ
1727 4059 1871 4138 τοῦ
1930 4058 2549 4160 διαφθείραντος.
2629 4067 2864 4166 Igitur
2905 4063 3054 4139 δώ-

291 4219 448 4289 ρων
504 4191 698 4270 actio
758 4202 914 4267 erat
970 4202 1227 4267 contra
1280 4188 1484 4267 illum
1508 4244 1531 4284 ‚
1588 4191 1712 4292 qui
1752 4191 1952 4269 dona
1989 4191 2312 4292 accepit,
2375 4184 2766 4284 δεκασμοῦ
2809 4205 3054 4270 autem

294 4331 551 4396 contra
584 4315 828 4411 illum,
884 4317 1008 4416 qui
1046 4316 1286 4413 dedit,
1344 4317 1419 4392 id
1460 4327 1574 4392 est
1609 4317 1978 4418 corrupit3
2037 4309 2415 4413 δεκασμὸς
2472 4317 2671 4394 enim
2727 4331 2837 4394 est
2896 4346 3055 4396 cor-

294 4444 621 4646 mPteiJai'.
659 4565 905 4647 Schol.
944 4568 1039 4644 ad
1078 4565 1423 4648 Aeschin.
1462 4567 1836 4645 Timarch.
1879 4568 2026 4666 863
2083 4568 2360 4647 Lexica
2398 4567 2701 4669 Seguer.
2759 4599 2828 4673 p.
2875 4573 3051 4651 236.

1445 4742 1595 4826 Ad
1631 4745 1918 4826 1050.

506 4893 754 4972 Lexic.
810 4891 1115 4992 Seguer.
1174 4923 1243 4996 p.
1304 4893 1499 4969 237:
1572 4893 1856 4972 Dicunt
1913 4895 2110 4974 hanc
2167 4897 2534 4976 ansonem
2587 4927 2740 4978 non
2794 4901 3042 4980 vocari

299 5012 768 5118 δωροδοκίας
786 5073 809 5108 ,
868 5018 999 5098 sed
1041 5013 1319 5116 δώρων.

504 5143 618 5223 cf.
660 5143 900 5224 Schol.
940 5147 1018 5223 in
1055 5147 1429 5226 Demosth.
1472 5144 1796 5250 Philipp.
1834 5145 1972 5245 111,
2018 5148 2191 5246 122,
2233 5150 2358 5227 23.
