3725 5850
698 485 855 561 33⁰
1780 514 1905 564 ms
1943 508 2360 565 Pusmcma.

1957 719 2182 796 1290.

904 857 1487 968 Amphictyones
1525 860 1918 942 Cirrhaeos
1958 874 2032 939 et
2069 859 2505 961 Cragalidas
2553 862 2721 966 (qui
2760 876 2835 943 et
2871 866 3232 970 templum
3263 870 3468 948 Del-

690 990 992 1091 phicum
1044 1001 1120 1067 et
1176 1016 1363 1090 quae
1420 991 1499 1067 in
1552 1015 1640 1066 eo
1680 998 1896 1065 erant
1933 986 2240 1065 donaria
2278 989 2684 1085 violarunt,
2742 992 3106 1094 simulque
3147 994 3468 1097 Amphi·

692 1128 1043 1219 ctyonum
1080 1116 1395 1191 concilio
1432 1114 1740 1216 injurias
1776 1110 2223 1203 intulerunt]
2263 1116 2812 1216 omnitempore
2852 1118 3006 1195 dies
3044 1132 3465 1222 noctesque

680 1242 893 1319 bello
928 1251 1223 1337 vexent,
1263 1240 1717 1341 direptisque
1756 1263 2018 1314 eorum
2054 1237 2326 1315 finibus
2362 1240 2688 1341 ipsisque
2726 1242 2808 1321 in
2844 1246 3272 1323 servitutem
3311 1248 3462 1323 ab·

692 1360 985 1445 stractis
1005 1424 1023 1461 ,
1081 1392 1301 1466 agros
1354 1366 1524 1443 illos
1578 1363 1928 1465 Apolloni
1974 1363 2246 1463 Pythio
2267 1422 2286 1457 ,
2343 1364 2627 1443 Dianae
2649 1424 2668 1463 ,
2728 1368 3062 1448 Latonae
3086 1430 3104 1467 ,
3163 1370 3457 1449 Miner-

690 1517 827 1570 vae
866 1493 1251 1572 Pronaeae
1271 1548 1289 1585 ,
1345 1492 1539 1567 utin
1576 1501 2023 1593 perpetuum
2067 1489 2326 1567 inculti
2384 1493 2533 1567 sint
2553 1550 2571 1587 ,
2629 1507 3106 1595 consecrent,
3165 1522 3456 1598 eosque

689 1644 929 1719 neque
964 1620 1111 1721 ipsi
1148 1618 1399 1695 colant
1418 1675 1439 1713 ,
1496 1640 1737 1718 neque
1776 1617 1874 1693 ab
1912 1615 2058 1693 alio
2095 1617 2240 1693 coli
2275 1618 2669 1718 patiantur.

1959 1814 2183 1892 1291.

904 1956 1007 2031 Εἴ
1036 1988 1146 2044 τις
1198 1953 1379 2031 τάδε
1434 1956 1896 2055 παραβαίνοι
1937 1949 1988 2046 ἢ
2024 1952 2236 2043 πόλις
2290 1950 2342 2048 ἢ
2394 1954 2686 2050 ἰδιώτης
2739 1953 2786 2051 ἢ
2823 1960 3056 2049 ἔθνος
3081 2020 3104 2052 ,
3163 1958 3450 2068 ἐναγὴς

689 2084 875 2159 ἔστω
912 2082 1059 2158 τοῦ
1101 2078 1593 2166 ’Λπόλλωνος
1632 2084 1770 2153 καὶ
1808 2079 1934 2170 τῆς
1980 2076 2425 2180 Ἀρτέμιδος
2463 2088 2599 2158 καὶ
2637 2084 2939 2175 Λητοῦς
2993 2091 3135 2162 καὶ
3181 2084 3449 2178 Ἀθη-

688 2208 826 2297 νᾶς
872 2212 1287 2308 Προναίας.
1344 2213 1501 2281 Καὶ
1538 2201 2001 2300 ἐπεύχεσθαι
2041 2200 2306 2294 αὐτοῖς
2332 2206 2522 2305 μήτε
2555 2207 2706 2313 γῆν
2756 2209 3101 2313 καρπούς
3155 2219 3446 2311 φέρειν,

680 2332 867 2435 μήτε
904 2342 1282 2439 γυναῖκας
1317 2338 1551 2409 τέκνα
1584 2337 1879 2405 τίκτειν
1912 2329 2274 2435 γονεῦσιν
2310 2330 2621 2408 ἐοικότα
2659 2330 2854 2412 ἀλλὰ
2891 2341 3160 2437 τέρατα
3181 2394 3202 2426 ,
3245 2334 3447 2435 μηδὲ

688 2456 1143 2558 βοσκήματα
1194 2454 1399 2531 κατὰ
1458 2453 1698 2551 φύσιν
1749 2452 1986 2559 γονάς
2045 2464 2474 2548 ποιεῖσθαι,
2535 2448 2770 2551 ἧτταν
2808 2456 2884 2539 δὲ
2923 2456 3186 2549 αὐτοῖς
3243 2458 3446 2537 εἶναι

690 2588 1026 2682 πολέμου
1063 2588 1199 2659 καὶ
1238 2580 1483 2658 δικῶν
1519 2588 1655 2657 καὶ
1692 2578 2023 2687 ἀγορῶν,
2061 2589 2201 2657 καὶ
2239 2581 2528 2675 ἐξώλεις
2566 2582 2760 2660 εἶναι
2795 2592 2933 2661 καὶ
2971 2584 3261 2673 αὐτούς
3295 2594 3445 2663 καί

692 2712 949 2798 οἰκίας
1020 2716 1158 2786 καὶ
1231 2717 1446 2815 γένος
1517 2706 1606 2785 τὸ
1680 2714 2020 2789 ἐκείνων.
2101 2716 2252 2787 Καὶ
2317 2707 2602 2809 μήποτε
2677 2704 2904 2801 ὁσίως
2963 2712 3289 2792 θύσαιεν
3323 2712 3439 2815 τῷ

680 2831 1111 2911 Ἀπόλλωνι
1155 2834 1345 2936 μηδὲ
1402 2836 1495 2933 τῇ
1538 2831 1926 2937 Ἀρτέμιδι
1974 2833 2163 2936 μηδὲ
2215 2834 2306 2934 τῇ
2364 2841 2607 2930 Λητοῖ
2646 2835 2818 2932 ιιηδ’
2863 2834 3173 2941 Ἀθηνᾷ
3217 2846 3442 2941 Προ-

692 2966 876 3061 ναίᾳ
902 3019 921 3052 ,
971 2959 1156 3060 μηδὲ
1198 2961 1540 3054 δέξαιντο
1578 2959 1840 3051 αὐτοῖς
1875 2961 1969 3038 τὰ
2009 2962 2190 3066 ἱερά.

1592 3089 1979 3186 (Aeschin.
2019 3117 2080 3170 c.
2119 3081 2585 3196 ctesiphont.
2627 3089 2694 3196 ξ.
2737 3095 3220 3190 iio—112.)

1957 3289 2185 3368 1291.

904 3435 987 3516 Si
1023 3435 1189 3536 quis
1226 3434 1411 3514 haee
1448 3433 1878 3531 violaverit,
1933 3438 2092 3516 sive
2131 3437 2432 3534 civitas,
2489 3437 2646 3516 sive
2679 3437 3052 3539 privatus,
3107 3437 3268 3516 sive
3306 3465 3434 3515 na·

693 3566 835 3660 tio,
894 3572 1118 3664 caput
1175 3564 1335 3664 ejus
1390 3559 1754 3662 Apollini,
1812 3563 2139 3659 Dianae,
2199 3564 2571 3656 Latonae,
2629 3564 3008 3641 Minervae
3044 3563 3432 3644 Pronaeae

694 3691 1051 3767 devotum
1086 3698 1268 3764 esto.
1341 3685 1916 3787 Imprecandum
1947 3689 2036 3764 iis
2075 3713 2332 3790 porr0,
2387 3698 2472 3764 ut
2530 3713 2773 3788 neque
2826 3689 3009 3790 ipsis
3048 3701 3247 3767 terra
3283 3691 3432 3766 fru-

696 3827 897 3892 ctum
932 3814 1162 3911 ferat,
1221 3838 1461 3912 neque
1508 3812 1866 3914 conjuges
1921 3837 2177 3890 eorum
2209 3813 2484 3891 liberos
2523 3814 2954 3917 parentibus
2989 3814 3268 3892 similes
3305 3815 3434 3892 sed

694 3951 1041 4043 portenta
1074 3937 1486 4033 enitantur,
1540 3961 1779 4038 neque
1842 3938 2166 4039 pecudes
2224 3938 2465 4016 foetus
2522 3939 2897 4019 naturales
2954 3937 3218 4033 edant3
3273 3951 3360 4016 ut
3397 3967 3434 4016 e

692 4067 935 4162 bello,
992 4091 1032 4140 e
1059 4063 1394 4164 judiciis,
1454 4088 1495 4138 e
1534 4062 1698 4138 foro
1754 4063 1927 4140 victi
1975 4063 2362 4141 discedant
2399 4076 2474 4140 et
2508 4064 3010 4141 internecione
3049 4063 3435 4142 deleantur

696 4204 771 4267 et
806 4190 947 4291 ipsi
1001 4201 1075 4265 et
1126 4188 1348 4267 aedes
1404 4197 1480 4264 et
1531 4213 1767 4288 genus
1822 4189 2187 4291 ipsorum,
2245 4215 2485 4290 neque
2541 4216 2866 4292 unquam
2921 4171 3252 4290 Apollini
3309 4202 3432 4269 aut

694 4317 983 4394 Dianae
1042 4327 1170 4394 aut
1220 4313 1553 4394 Latonae
1610 4324 1737 4390 aut
1770 4313 2148 4392 Minervae
2186 4315 2569 4392 Pronaeae
2623 4325 2876 4393 sancte
2923 4315 3210 4394 libanto
3235 4377 3253 4414 ,
3310 4343 3432 4394 ne-

699 4466 841 4542 que
879 4439 1303 4518 numinibus
1340 4440 1483 4516 illis
1521 4465 1778 4516 eorum
1806 4465 2026 4517 sacra
2059 4451 2365 4541 accepta
2397 4451 2640 4518 sunt0.
