3725 5850
669 409 830 487 250
1755 429 1883 480 sus
1918 428 2339 484 romeon.

1960 620 2138 698 m

809 768 819 779 ’
883 768 1028 863 Qui
1065 765 1414 869 Olympia
1444 765 1800 858 vicerint,
1857 763 1946 840 iis
1983 764 2337 844 alimenta
2374 766 2697 870 populus
2735 765 3088 846 decernit.

1968 924 2146 1002 994.

891 1066 1054 1146 Τὸν
1086 1061 1332 1143 αὐτὸν
1357 1061 1464 1165 μὴ
1506 1070 1886 1141 σιτεῖσθαι
1924 1059 2320 1153 πολλάκις.

1718 1195 2137 1292 (Plutarch.
2178 1191 2429 1276 Solon.
2470 1199 2593 1276 24.
2654 1200 2813 1278 Lex
2850 1197 3212 1291 Solonis.)

1958 1359 2136 1434 994.

882 1509 1033 1586 Uni
1071 1505 1364 1608 saepius
1403 1502 1686 1606 epulari
1725 1503 1844 1595 (iu
1877 1501 2227 1578 convictu
2261 1503 2606 1604 publico)
2642 1505 2853 1582 nefas
2890 1516 3071 1583 csto.

1962 1665 2143 1742 995.

889 1808 1041 1898 Τὰς
1112 1802 1433 1909 δωρεὰς,
1491 1801 1673 1894 ὅσας
1729 1797 1774 1882 ὅ
1835 1801 2071 1908 δῆμος
2129 1801 2409 1899 ἔδωκε,
2483 1811 2757 1909 κυρίας
2810 1805 3051 1899 εἶναι,
3107 1804 3293 1896 τούς
3348 1804 3447 1884 δὲ

670 1938 990 2031 ἔχοντας
1045 1939 1505 2035 κρίνεσθαι,
1559 1935 1691 2022 ἵν’,
1759 1936 1833 2006 εἰ
1874 1933 2023 2030 μὲν
2081 1923 2328 2022 ἄξιοι,
2406 1935 2728 2029 ἕνωσιν,
2805 1939 2879 2009 εἰ
2948 1933 3023 2010 δὲ
3100 1931 3451 2026 ἀναξίως

670 2063 880 2158 ἔχειν
919 2059 1277 2151 δοκοῖεν,
1335 2063 1828 2164 ἐλεγχθέντες
1861 2053 2420 2157 ἀφαιρεθιὸσιν.

1049 2187 1552 2284 (scholiastae
1589 2213 1868 2287 argum.
1909 2187 1986 2262 in
2023 2185 2407 2262 Demosth.
2449 2185 2615 2263 adv.
2655 2187 2951 2289 Leptin.
2994 2189 3213 2281 455.)

1962 2349 2139 2428 995.

880 2493 1132 2590 Dona,
1173 2518 1362 2591 quae
1400 2491 1725 2595 populus
1764 2489 2006 2588 dedit,
2047 2502 2207 2568 rata
2243 2503 2508 2586 sunto,
2550 2514 2641 2566 ea
2676 2516 2851 2566 vero
2888 2493 3014 2592 qui
3052 2491 3449 2569 consecuti

665 2630 877 2714 suut,
915 2619 994 2694 in
1017 2619 1146 2719 jus
1185 2627 1587 2714 vocentur,
1629 2627 1748 2715 ut,
1787 2618 1855 2693 si
1889 2615 2099 2716 digni
2138 2617 2327 2712 sint,
2376 2628 2725 2713 teneant,
2764 2616 2879 2692 sin
2918 2617 3276 2693 immerito
3314 2628 3401 2693 te
3431 2659 3447 2668 ·

665 2770 844 2820 nere
885 2741 1279 2821 videantur
1300 2801 1319 2838 ,
1375 2741 1734 2818 convictis
1772 2739 2218 2818 adimantur.

1965 2902 2143 2979 996.

885 3024 1017 3125 Τῷ
1051 3020 1380 3123 ’Ἰσθμια
1453 3022 1856 3115 νικήσαντι
1921 3020 2263 3124 δραχμὰς
2331 3020 2617 3104 ἑκατὸν
2688 3022 3099 3113 δίδοσθαι,
3173 3021 3279 3124 τῷ
3356 3020 3447 3099 δ’

654 3147 1048 3250 Ὀλύμπια
1101 3154 1645 3237 πεντακοσίας·
1703 3148 1957 3229 λύκον
2012 3148 2089 3227 δὲ
2144 3150 2256 3250 τῷ
2312 3155 2729 3248 κομίσαντι
2786 3158 3001 3229 πέντε
3040 3146 3390 3249 δραχμὰς
3416 3206 3445 3239 ,

664 3274 976 3353 λυκιδέα
1015 3274 1138 3367 δὲ,
1185 3281 1407 3376 μίαν.
1716 3279 2132 3374 (Plutarch.
2172 3280 2423 3358 Solon.
2464 3281 2588 3358 23.
2646 3280 2805 3359 Lex
2844 3280 3210 3377 Solonis.)

1956 3444 2135 3519 996.

877 3566 1025 3659 Qui
1063 3564 1374 3644 Isthmia
1408 3567 1670 3643 vicerit
1689 3624 1708 3661 ‚
1769 3567 1838 3642 ei
1877 3578 2177 3644 centum
2216 3564 2614 3643 drachmae
2654 3566 2961 3663 dentur,
2997 3566 3131 3668 >qui
3166 3563 3445 3667 Olym-

663 3691 828 3793 pia,
882 3692 1309 3793 quingenti3
1364 3692 1492 3791 qui
1545 3693 1807 3794 lupum
1840 3688 2221 3796 :attulerim
2276 3692 2641 3794 quinque,
2698 3694 2835 3795 qui·
2862 3692 3191 3770 catulum
3225 3690 3443 3791 lupi,

661 3842 888 3892 unam
924 3817 1260 3918 accipiat.

1960 3926 2139 4005 997.

882 4043 1054 4139 Τὴν.
1096 4044 1396 4146 βουλὴν
1451 4044 1590 4141 τὴν
1643 4044 1984 4140 δόξασαν
2032 4047 2150 4149 τῷ
2204 4044 2417 4148 δήμῳ
2472 4045 2730 4135 καλῶς
2774 4048 3443 4148 βεβουλευκέναι,

663 4172 1265 4267 στεφανοῦσθαι.
2246 4208 2253 4217 ·

1073 4283 1496 4385 (Anonymi
1529 4310 1820 4384 argum.
1858 4284 1939 4361 in
1980 4284 2363 4362 Demosth.
2404 4310 2466 4359 c.
2506 4282 2950 4362 Androtion.
2995 4285 3210 4377 590.)

1949 4444 2129 4525 997.

881 4584 1199 4664 Senatus
1254 4584 1379 4693 qui
1436 4586 1696 4696 populi
1749 4588 2452 4693 approbationem.
2431 4616 2509 4666 m
2550 4584 2930 4689 fungendo
2970 4614 3276 4667 munere
3314 4614 3441 4667 se-

664 4714 959 4791 natorio
996 4708 1384 4813 meruerit,
1443 4739 1720 4791 corona
1758 4713 2097 4794 donetur.

1959 4875 2137 4955 998.

865 5008 1061 5090 Ἐὰν
1117 5008 1346 5105 ἀξίως
1399 5004 1442 5109 ἦ
1499 5010 1746 5117 βουλὴ
1787 5011 2004 5112 ,δοκῇ
2060 5010 2480 5113 βουλεῦσαι
2539 5010 2861 5116 δωρεᾶς,
2930 5012 3226 5093 διδόναι
3284 5010 3439 5093 τὸν

663 5136 909 5241 δῆμον
943 5137 1090 5232 τήν
1127 5136 1416 5239 δωρεάν
1453 5138 1672 5255 αὐτῇ.
1801 5257 1806 5265 .
1944 5143 2365 5236 (Demosth.
2407 5169 2468 5220 c.
2506 5142 2948 5223 Androtion.
2990 5132 3209 5240 594.)
