3725 5850
1447 460 1732 514 Tsssrzs.
2818 435 2967 514 169

421 655 818 728 Σκεπτέον
856 648 933 726 δὲ
971 654 1109 726 καὶ
1147 653 1220 726 εἰ
1253 653 1479 746 φίλος
1531 651 1739 726 ἐστὶν
1793 642 1836 726 o‘
1888 648 2177 752 μάρτυς
2235 639 2300 751 ᾧ
2340 663 2746 750 μαρτυρεῖ,
2810 646 2856 746 ἢ
2896 656 2971 728 εἰ

235 785 548 878 μέτεστιν
599 773 819 877 αὐτῷ
877 782 1129 852 ποθεν
1189 773 1329 850 τοῦ
1389 769 1875 878 πράγματος,
1938 771 1987 867 ἢ
2022 773 2305 875 ἐχθρός
2341 783 2549 852 ἐστιν
2585 765 2685 854 οὗ
2722 806 2969 853 κατα-

240 914 608 1003 μαρτυρεῖ,
669 897 717 993 ἢ
754 907 1012 992 πένης·
1066 899 1366 977 τούτων
1419 897 1568 1005 γὰρ
1625 903 1700 976 οἳ
1728 903 1879 1001 μὲν
1930 897 2061 977 διὰ
2106 900 2397 1002 χάριν,
2456 905 2529 978 οἱ
2568 901 2645 979 δὲ
2686 899 2809 978 διὰ
2848 934 2969 978 τι-

234 1035 543 1132 μωρίαν,
604 1029 678 1105 οἱ
718 1025 795 1105 δὲ
836 1023 962 1104 διὰ
1001 1025 1270 1128 κέρδος
1305 1019 1873 1106 ὑποπτὲυονται
1909 1024 2003 1103 τὰ
2043 1026 2285 1130 ψευδῆ
2313 1039 2753 1129 μαρτυρεῖν.

1371 1163 1378 1168 ’
1473 1157 1955 1252 (Anaximen.
1994 1156 2268 1238 rhetor.
2312 1159 2435 1254 15,
2474 1158 2754 1252 2--3.)

1485 1303 1679 1400 ¹osu

419 1460 738 1560 Quando
773 1476 1162 1567 suspectus
1219 1465 1442 1544 fuerit
1497 1465 1745 1561 testis,
1807 1461 2313 1540 demonstrare
2370 1473 2709 1564 oportet,
2764 1462 2963 1564 quod

241 1619 448 1693 neque
485 1604 569 1668 ut
603 1590 920 1688 gratiam
958 1591 1200 1685 ineat,
1261 1614 1500 1690 neque
1558 1611 1850 1690 poenae
1908 1599 2036 1666 aut
2090 1587 2274 1664 lueri
2322 1613 2549 1664 eausa
2582 1587 2974 1666 mendacia

241 1721 332 1795 vir
363 1718 527 1793 talis
559 1716 1091 1794 testificaturus
1129 1716 1243 1792 sit.

417 1834 1062 1920 Considerandum
1119 1843 1388 1936 etiam,
1447 1865 1549 1915 an
1603 1841 1814 1917 testis
1874 1841 1985 1933 ei,
2042 1841 2161 1916 oui
2200 1841 2709 1918 testimouium
2744 1839 2965 1935 dicit,

240 1970 486 2045 amicus
523 1967 664 2060 sit,
699 1978 828 2044 aut
865 1993 962 2043 an
1000 1967 1108 2043 rei
1147 1966 1444 2044 aliunde
1483 1968 1579 2043 sit
1617 1967 1993 2071 particeps
2015 2023 2033 2060 ‚
2089 1976 2219 2043 aut
2254 1965 2597 2042 inimicus
2632 1969 2731 2043 sit
2758 1967 2929 2068 ejus
2952 1975 2979 2060 ‚'

239 2105 462 2171 contra
515 2117 737 2192 quem
795 2093 1275 2188 testificatur,
1334 2103 1462 2169 aut
1517 2117 1844 2195 pauper:
1902 2091 2169 2170 horum
2227 2093 2428 2169 enim
2482 2092 2607 2168 alii
2663 2103 2972 2192 propter

239 2220 558 2318 gratiam,
614 2217 738 2294 alii
777 2217 875 2292 ob
914 2241 1204 2318 poenae
1241 2225 1562 2313 metum,
1617 2217 1744 2294 alii
1799 2217 1987 2295 luori
2042 2243 2270 2296 causa
2326 2216 2824 2360 suspicionem
2857 2216 2969 2292 in-

238 2355 508 2422 currunt
545 2341 926 2422 mendacis
966 2341 1388 2420 testimonii.
1509 2449 1662 2526 686

413 2589 845 2692 Ἀνῶμοτοι
889 2594 962 2668 οἱ
991 2590 1366 2692 μάρτυρες
1396 2587 1506 2690 μὴ
1547 2595 2397 2692 καταμαρτυρείτωσαν.

1264 2719 1718 2824 (Antiphon.
1758 2721 1850 2800 de
1891 2721 2119 2802 caede
2159 2719 2435 2850 Herod.
2476 2715 2543 2822 ξ.
2599 2719 2757 2812 12.)

1505 2883 1682 2961 686.

423 3029 730 3130 Injurati
769 3038 1002 3121 testes
1033 3052 1128 3107 ne
1169 3027 1420 3107 dicant
1457 2990 1979 3107 testimonium.

1497 3189 1676 3266 687.

429 3326 537 3405 Τὰ
594 3326 1064 3433 πρεσβύτερα
1122 3326 1277 3406 τῶν
1334 3326 1807 3435 πραγμάτων
1862 3327 2005 3408 τὸν
2062 3326 2578 3430 πρεσβύτερον
2633 3312 2751 3402 δεῖ
2800 3324 2969 3401 δια-

231 3453 630 3555 μαρτυρεῖν.
1389 3458 1826 3553 (Demosth.
1866 3456 2036 3535 adv.
2074 3457 2436 3537 Leochar.
2486 3453 2760 3550 1097.)

1505 3619 1681 3695 687.

419 3764 532 3839 De
567 3764 794 3841 rebus
831 3762 1370 3864 antiquioribus
1409 3772 1590 3842 natu
1625 3764 1988 3866 majorem
2024 3765 2422 3841 contestari
2462 3774 2775 3865 oportet.

1499 3926 1680 4004 6883

410 4061 500 4140 'E
519 4095 576 4139 x
587 4096 652 4163 μ
673 4094 722 4141 α
745 4094 848 4165 ρτ
870 4092 980 4166 υρ
1004 4071 1032 4139 ί
1054 4096 1102 4140 α
1159 4060 1496 4165 διαφέρει
1549 4066 1678 4159 τῆς
1725 4069 2193 4166 μαρτυρίας,
2252 4060 2373 4143 ὅτι
2420 4060 2463 4158 ἦ
2498 4070 2649 4166 μὲν
2676 4088 2971 4165 μαρτυ-

236 4192 336 4284 ρία
371 4190 527 4266 τῶν
561 4188 968 4291 παρόντων
1003 4196 1212 4268 ἐστὶν
1230 4249 1251 4281 ,
1313 4184 1356 4284 ἦ
1401 4188 1474 4267 δ’
1509 4196 1985 4293 ἐκμαρτυριά
2020 4192 2178 4269 τῶν
2215 4188 2596 4268 ἀπόντων.

2144 4320 2757 4423 (Harpocratio.)

418 4550 885 4629 Contestatio
923 4551 1174 4629 differt
1209 4580 1255 4629 a
1292 4554 1760 4649 testimonio,
1820 4555 2023 4656 quod
2078 4554 2223 4631 hoo
2278 4553 2575 4653 quidem
2614 4576 2966 4656 praesen-

118 4670 120 4677 ’
235 4673 424 4768 tium,
460 4676 586 4753 illa
621 4702 804 4755 vero
843 4688 958 4758 est
991 4676 1446 4760 absentium..

415 4946 836 5042 Μαρτυρία
869 4948 1222 5020 καλεῖται
1243 4998 1264 5033 ,
1333 4939 1532 5024 ὅταν
1585 4974 1696 5034 τις
1736 4942 1971 5034 αὐτὸς
2010 4942 2203 5021 ἰδών
2230 4944 2618 5046 μαρτυρῇ·
2678 4951 2968 5042 ἐκμαρ-

242 5068 434 5163 τυρία
471 5065 544 5143 δὲ
566 5126 590 5159 ,
654 5064 847 5147 ὅταν
881 5100 990 5157 τις
1026 5068 1228 5169 παρὰ
1265 5098 1392 5147 τοι
1463 5069 1772 5160 ἰδόντος
1807 5068 2155 5149 ἀκοῦσαι
2192 5076 2393 5176 λέγῃ.

1990 5201 2297 5294 (Pouux
2336 5200 2543 5297 v111,
2584 5200 2755 5292 36.)
