3725 5850
979 505 1595 558 coMMEN'rAnms
1631 505 1738 556 An
1779 499 1938 554 156ο.
1978 500 2138 555 1562.
2179 499 2339 555 1565.
2884 472 3029 550 641

267 689 610 768 navalem
668 692 1126 772 Rhodiorum
1184 689 1605 791 εὐνομίαν,
1682 722 1905 797 quam
1976 708 2051 771 et
2105 694 2463 796 imprimis
2522 691 3040 769 admirabilem

267 813 496 891 fuisse
531 819 670 911 ait,
731 831 804 893 et
841 822 1174 898 effecisse
1219 834 1302 898 ut
1337 823 1610 898 Rhodii
1661 824 1975 925 imperio
2034 824 2257 898 maris
2314 821 2771 921 potirentur,
2828 817 3043 893 liberi

267 940 528 1039 suique
573 945 767 1042 juris
823 961 1212 1024 manerent
1268 959 1342 1024 et
1389 975 1434 1024 a
1471 949 1826 1024 Romanis
1867 948 2175 1049 aliisque
2214 944 2559 1042 gentibus
2599 944 3039 1020 colerentur.

267 1063 582 1166 Scripsit
621 1069 758 1144 hoc
797 1068 1069 1148 Strabo
1109 1085 1440 1173 tempore
1479 1072 1819 1170 Augusti.
1861 1070 2283 1172 Augustum
2322 1080 2575 1147 autem
2613 1070 3041 1145 confirmas-

268 1215 348 1265 se
387 1191 630 1290 legem
668 1195 1071 1292 Rhodiam,
1113 1199 1316 1274 testis
1358 1212 1468 1274 cst
1507 1198 1858 1274 Volusius
1898 1197 2344 1275 Maecianus.
2386 1193 2695 1271 Rhodiis
2739 1192 3041 1269 liberta-

265 1327 420 1391 tem
457 1318 723 1396 dicitur
759 1321 1166 1399 reddidisse
1207 1322 1560 1399 Claudius
1597 1324 2044 1425 imperator,
2104 1323 2471 1399 ademisse
2531 1345 2709 1396 vero
2761 1317 3043 1420 Vespa-

268 1442 540 1520 sianus.
618 1443 766 1522 Sed
827 1447 1014 1546 legis
1069 1447 1404 1526 Rhodiae
1459 1475 1634 1525 usus
1689 1461 1766 1526 et
1819 1449 2180 1527 autoritas
2234 1445 2713 1525 nihilominus
2759 1443 3045 1520 Romae

267 1569 613 1646 mansit.“

488 1697 1036 1799 „Praecipuum
1068 1701 1254 1799 legis
1274 1701 1611 1778 Rhodiae
1631 1702 1971 1778 nauticae
2010 1710 2239 1801 caput
2276 1698 2418 1778 fuit
2455 1698 2547 1775 de
2579 1698 2813 1798 jactu.
2853 1699 3043 1775 Fue·

267 1831 442 1896 runt
479 1830 730 1900 tamen
769 1835 845 1900 et
890 1825 1038 1901 alia
1090 1827 1376 1928 capita,
1432 1825 1658 1903 veluti
1715 1826 1806 1902 de
1866 1824 2280 1922 naufragiis
2338 1835 2413 1900 et
2466 1824 2769 1925 piratiS,
2828 1823 3045 1900 sicuti

266 1943 696 2026 Maecianus
731 1950 1033 2028 indicat.
1111 1951 1262 2028 Sed
1301 1965 1376 2028 et
1413 1951 1678 2030 Cicero
1716 1951 1873 2048 (de
1918 1954 2081 2028 inv
2106 1962 2287 2028 ent.
2328 1950 2427 2042 11,
2469 1949 2615 2042 32)
2664 1952 2821 2027 lex
2876 1958 3045 2043 est,

269 2073 548 2173 inquit,
605 2076 862 2176 apud
917 2078 1398 2172 Rhodios,
1471 2089 1576 2152 ut
1645 2079 1725 2154 si
1799 2103 1985 2178 qua
2056 2086 2505 2152 rostrata
2576 2077 2671 2151 in
2743 2086 3049 2176 portu

267 2201 562 2276 navis
618 2200 1249 2304 deprehensa
1321 2205 1488 2297 sit,
1567 2204 2164 2305 publicetur.
2247 2203 2437 2282 Eam
2492 2213 2745 2279 tamen
2800 2201 3052 2300 legem

267 2324 582 2403 Romani
619 2353 774 2404 non
812 2342 988 2406 sunt
1021 2332 1285 2407 imitati
1310 2389 1326 2422 ,
1366 2357 1508 2407 nec
1545 2331 1751 2407 illam
1788 2331 2227 2433 capitalem,
2275 2356 2465 2430 quae
2502 2327 3051 2428 introspicienti

266 2477 544 2528 arcana
580 2455 950 2554 quaedam
989 2459 1406 2552 navalium,
1463 2459 1806 2534 ultimum
1853 2456 2301 2560 supplicium
2338 2454 2761 2555 irrogabat,
2819 2464 2905 2529 ut
2938 2463 3048 2528 te-

266 2579 398 2654 stis
457 2591 570 2656 est
627 2577 898 2658 Strabo
955 2582 1076 2658 lib.
1116 2583 1328 2678 XIV,
1388 2608 1548 2683 cap.
1592 2585 1664 2678 2,
1725 2579 1792 2683 §.
1835 2581 1957 2659 5.“
2037 2581 2667 2676 (Balduinusz
2724 2580 2841 2655 De
2882 2579 3048 2678 lege

266 2702 628 2799 Rhodia.)

483 2830 692 2922 Quae
732 2856 900 2906 cum
938 2833 1043 2908 ita
1080 2833 1266 2927 sint,
1327 2832 1548 2910 facile
1604 2830 2081 2927 crediderim,
2138 2831 2383 2931 legem
2421 2829 2793 2908 Rhodiam
2828 2830 3051 2906 etiam

267 2954 581 3033 Athenis
621 2958 1048 3059 adoptatam
1088 2960 1334 3036 fuisse.

1429 3062 1579 3145 Ad
1624 3046 1915 3145 1500:

484 3230 662 3306 Lex.
725 3228 1030 3329 Seguer.
1089 3259 1160 3333 p.
1221 3230 1414 3306 434:
1463 3222 2067 3325 Ἀπόρρητα,
2127 3224 2380 3300 πάντα
2437 3222 2531 3299 τοὶ
2593 3221 3050 3327 ἀπειρημένα

267 3356 406 3427 καὶ
445 3348 1016 3457 ἀπηγορευμένα
1056 3359 1140 3429 ἐν
1176 3363 1334 3439 τοῖς
1374 3350 1639 3450 νόμοις
1681 3356 2059 3455 λέγουσιν.
2104 3356 2251 3449 (In
2276 3382 2314 3431 e
2339 3356 2377 3431 f
2392 3353 2756 3431 fabilia
2782 3355 3051 3432 dicunt

271 3480 520 3558 omnia
557 3507 747 3581 quae
787 3482 1078 3579 legibus
1115 3482 1510 3559 interdicta
1547 3493 1730 3557 sunt
1767 3494 1840 3558 et
1878 3483 2175 3575 vetita.)

1424 3692 1576 3775 Ad
1612 3694 1901 3777 1502.

483 3860 747 3959 Lysias
786 3888 847 3937 c.
887 3860 1475 3938 Theomnestum
1512 3862 1738 3963 prior.
1780 3856 1846 3961 ξ.
1891 3860 2032 3935 3οε
2093 3848 2136 3934 ὁ
2182 3864 2609 3956 νομοθέτης
2669 3856 3051 3959 οὐδεμίαν

271 3976 460 4084 ὀργῇ
503 3982 961 4086 συγγνώμην
999 3982 1354 4075 δίδωσιν,
1414 3982 1608 4059 ἀλλὰ
1651 3990 1911 4083 ζημιοῖ
1942 3982 2088 4059 τὸν
2125 3986 2479 4081 (κακῶς)
2516 3992 2869 4090 λέγοντα,
2911 3982 3051 4062 ἐὰν

260 4103 370 4204 μὴ
412 4103 814 4205 ἀποφαίνῃ
853 4106 948 4197 ὥς
991 4118 1196 4187 ἐστιν
1232 4106 1484 4200 ἀληθῆ
1526 4107 1620 4185 τοὶ
1660 4114 2031 4211 εἰρημένα.
2076 4112 2416 4207 (Nullam
2452 4114 2885 4191 iracundiae
2925 4139 3049 4191 ve-

271 4239 472 4312 niam
529 4238 655 4313 dat
709 4238 1126 4337 legislator,
1184 4265 1448 4317 verum
1507 4264 1788 4341 poenas
1841 4265 1887 4313 a
1942 4239 2441 4316 conviciatore
2503 4242 2764 4335 sumit,
2824 4238 2903 4315 ni
2964 4267 3054 4319 ea

271 4388 462 4460 quae
502 4362 775 4440 dixerit
809 4389 991 4441 vera
1029 4390 1190 4441 esse
1233 4364 1755 4455 demonstret.)

1419 4576 1569 4659 Ad
1606 4576 1893 4661 1505.

485 4740 1060 4845 Xenophon.
1101 4740 1439 4821 Athen.
1483 4771 1726 4845 resp.
1768 4742 2051 4838 II,18:
2112 4740 2409 4820 Salibus
2450 4747 2749 4821 comicis
2789 4746 2868 4821 in
2907 4773 3041 4849 po-

269 4856 534 4969 pulum
571 4869 734 4967 agi,
794 4894 1107 4968 eumque
1165 4868 1545 4969 proscindi
1604 4868 1958 4946 conviciis
2014 4894 2172 4944 non
2224 4870 2608 4967 patiuntur
2643 4868 3049 4948 Athenien-

272 5020 430 5086 ses,
491 5018 581 5068 ne
621 4994 920 5093 ipsimet
975 4994 1166 5069 male
1225 4994 1569 5091 audiant,
1626 4995 1754 5069 sed
1810 4994 2164 5095 privatim
2213 4997 2721 5097 praecipiunt,
2780 4998 2841 5071 si
2882 4997 3046 5096 quis

274 5119 592 5217 aliquem
632 5117 828 5194 velit.
905 5119 1202 5195 Norunt
1260 5120 1458 5195 enim
1513 5119 1951 5220 plerumque
2007 5144 2166 5195 non
2215 5144 2253 5195 e
2293 5121 2617 5223 populo,
2676 5146 2919 5222 neque
2958 5121 3048 5199 de

274 5242 498 5343 plebe
534 5243 744 5320 illum
783 5266 981 5339 esse,
1025 5244 1149 5344 qui
1187 5243 1266 5319 in
1305 5244 1708 5322 comoediis
1749 5244 2206 5342 exagitetur,
2259 5244 2389 5322 sed
2432 5246 2554 5322 vel
2590 5248 3047 5348 opulentum,

2533 5372 2613 5439 41
