3725 5850
673 408 828 486 374
1753 431 1879 482 ms
1914 425 2351 482 muvA'rou.

673 620 760 721 ἐᾷ
819 619 1362 719 καρποῦσθαι,
1441 612 1492 693 ἃ
1553 624 1909 722 ἐπρίατο,
1986 611 2150 693 ἀλλ’
2212 609 2257 706 ἢ
2316 619 2603 713 ἔχοντα
2660 618 3045 719 ἐκβάλλῃ,
3127 615 3173 710 ἢ
3230 631 3446 715 σχεῖν

673 744 1008 844 κωλύσῃ.
1069 841 1081 862 Ι
1945 853 2148 926 1⁴54
2468 748 2779 840 (Pollux
2818 749 3025 844 VIII,
3069 751 3234 843 59.)

891 983 1108 1062 Actio
1167 995 1418 1065 autem
1472 983 1580 1056 de
1638 983 1729 1056 vi
1786 981 2061 1074 oritur,
2116 1009 2287 1061 cum
2327 984 2488 1083 quis
2528 984 2850 1083 aliquem
2888 996 3299 1078 ementem,
3359 1011 3451 1059 eo

677 1112 873 1211 quod
915 1110 1128 1198 emit,
1191 1109 1337 1184 frui
1375 1135 1525 1182 non
1563 1108 1882 1208 patitur,
1934 1107 2064 1182 sed
2106 1119 2234 1183 aut
2275 1107 2786 1210 possidentem
2825 1108 3068 1209 ejicit,
3111 1120 3237 1185 aut
3275 1136 3451 1210 pos-

677 1237 916 1313 sidere
953 1232 1286 1336 impedit.

1943 1340 2169 1416 1455.

894 1488 1049 1557 Καὶ
1107 1484 1556 1585 ἐπεργασίας
1617 1478 1700 1553 δέ
1753 1510 1860 1567 τις
1919 1483 1993 1554 εἰ
2046 1479 2428 1584 εἴργοιτο,
2490 1477 2805 1556 δίδωσιν
2842 1473 2885 1557 ὃ
2928 1479 3164 1580 νόμος
3224 1479 3458 1558 δικά-

681 1614 951 1700 ζεσθαι
1007 1605 1189 1706 πρὸς
1225 1603 1368 1683 τὸν
1405 1607 1763 1710 εἴργοντα
1822 1603 2173 1697 ἐξούλης,
2232 1611 2369 1681 καὶ
2427 1611 2592 1706 περὶ
2644 1603 3140 1708 ἀνδραπόδου
3196 1607 3459 1684 δὲκαὶ

681 1731 962 1825 παντὸς
1001 1723 1099 1810 οὗ
1138 1738 1323 1830 φησί
1362 1763 1470 1822 τις
1508 1723 1726 1832 αύτῷ
1756 1743 2121 1830 μετεῖναι.
2638 1777 2645 1786 ·

2091 1843 2625 1946 (Harpocratio
2662 1873 2720 1922 s·
2755 1873 2827 1921 v.
2866 1841 3234 1938 ἐξούλης.)

1959 2006 2188 2081 1455.

897 2134 1144 2210 Etiam
1180 2134 1241 2208 si
1280 2134 1442 2233 quis
1484 2134 1726 2234 operis
1767 2133 2238 2209 absolutione
2282 2132 2700 2234 prohibitus
2738 2133 3001 2226 fucrit,
3056 2134 3179 2210 lex
3217 2133 3287 2207 ei
3328 2132 3465 2208 ad-

678 2287 942 2338 versus
998 2259 1518 2360 prohibentem
1575 2259 1704 2336 dat
1758 2258 2130 2336 actionem
2187 2258 2279 2334 de
2338 2257 2455 2352 vi,
2511 2260 2687 2336 item
2726 2271 2801 2334 et
2835 2259 2926 2336 de
2966 2259 3346 2362 mancipio
3388 2270 3469 2335 et

677 2389 772 2466 de
811 2386 1072 2486 quavis
1109 2411 1189 2462 re
1229 2411 1454 2484 quam
1491 2384 1656 2486 quis
1693 2385 1790 2461 ad
1830 2411 1909 2462 se
1946 2412 1989 2460 e
2030 2396 2243 2487 parte
2283 2385 2656 2486 pertinere
2695 2385 2915 2462 dicat.

899 2668 992 2744 Oi
1052 2665 1360 2758 ἐξούλης
1417 2657 1730 2755 ἁλόντες
1786 2672 1926 2743 καὶ
1984 2669 2095 2768 τῷ
2150 2667 2405 2745 ἑλόντι
2445 2666 2842 2760 διδοῦσιν,
2910 2663 2961 2743 ἃ
2998 2665 3468 2768 ἀφῃροῦντο

683 2790 935 2870 αὐτοῦ
951 2849 978 2882 ,
1034 2797 1172 2867 καὶ
1213 2792 1320 2892 τῷ
1361 2791 1702 2894 δημοσίῳ
1738 2800 2229 2872 κατατιθεῖσι
2266 2791 2360 2869 τά
2404 2799 2843 2894 τιμηθέντα.

2464 2924 2769 3022 (Suidas
2793 2952 2810 2999 ε
2866 2917 3236 3019 ἐξούλης.)

1957 3030 1989 3104 1
2006 3032 2180 3107 456.

895 3160 1041 3255 Qui
1079 3156 1172 3234 de
1213 3156 1286 3230 vi
1325 3156 1644 3233 convicti
1683 3155 2005 3253 fuerint,
2047 3183 2200 3232 non
2243 3158 2484 3233 solum
2522 3159 2621 3252 ei,
2674 3158 2799 3258 qui
2836 3159 3037 3259 ipsos
3076 3183 3245 3235 reos
3284 3186 3471 3261 per-

681 3286 881 3385 agit,
939 3285 1372 3377 restituunt,
1435 3309 1625 3385 quae
1664 3281 2174 3376 abstulerunt,
2237 3283 2368 3359 sed
2409 3283 2630 3359 etiam
2670 3284 3132 3384 reipublicae
3171 3285 3473 3389 persol-

680 3422 868 3487 vunt
907 3436 997 3487 ea
1035 3434 1222 3511 quae
1263 3408 1541 3485 fuerint
1576 3409 1983 3484 aestimata.

1951 3571 2177 3647 1457.

895 3698 1062 3781 Εἰς
1125 3701 1386 3791 ἐμφα
1413 3691 1606 3772 νῶν
1657 3692 2040 3769 κατάστ
2068 3719 2341 3785 ασιν,
2420 3687 2675 3793 ὄνομα
2736 3693 2950 3785 δίκης
3003 3697 3212 3771 ἐστὶν
3268 3686 3480 3796 ὑπὲρ

684 3820 832 3897 τοῦ
865 3818 962 3896 τὰ
1001 3817 1691 3920 ἀμφισβητούμενα
1729 3826 1813 3895 ἐν
1851 3818 2164 3919 φανερῷ
2205 3817 2509 3909 ποιῆσαι
2635 3822 3239 3925 (HarpocratiO.)

1968 3986 2194 4061 1457.

899 4109 1114 4190 Actio
1153 4111 1250 4189 ad
1288 4109 1793 4187 exhibendum
1829 4110 1981 4187 litis
2020 4136 2297 4189 nomen
2336 4121 2485 4206 est,
2536 4136 2727 4215 quae
2763 4111 3209 4207 intenditur,
3250 4124 3341 4191 ut
3382 4142 3484 4194 ea

686 4236 780 4315 de
818 4236 1084 4338 quibus
1123 4248 1236 4313 est
1274 4237 1787 4315 controversia
1822 4238 1903 4311 in
1942 4246 2287 4337 apertum
2323 4236 2848 4337 producantur.

1960 4415 2186 4491 1458.

909 4536 1070 4629 Τὴν
1124 4542 1229 4624 εἰς
1285 4537 1656 4640 ἐμφανῶν
1707 4536 2181 4613 κατάστασιν
2240 4538 2652 4614 ποιοῦνταί
2706 4568 2904 4629 τινες
2961 4536 3487 4633 ἀπολέσαντές

685 4696 758 4741 τι
797 4666 952 4740 τῶν
1011 4662 1232 4740 ἰδίων
1289 4664 1590 4740 σκευῶν
1648 4659 1695 4755 ἢ
1749 4660 2265 4763 ἀνδραπόδων
2304 4658 2349 4755 ἢ
2386 4663 2694 4755 κτηνῶν
2730 4660 2781 4756 ἢ
2812 4696 2881 4741 τι
2920 4668 3076 4742 τῶν
3116 4672 3483 4761 οἰκείων,

687 4796 1194 4898 γνωρίσαντες
1233 4784 1416 4886 ὅπερ
1457 4786 1863 4865 ἀπώλεσαν
1904 4788 2104 4889 παρά
2160 4818 2309 4901 τινι
2334 4812 2351 4831 ·
2410 4786 2535 4864 διὰ
2575 4790 2847 4882 ταύτης
2890 4786 3044 4868 οὖν
3078 4791 3211 4884 τῆς
3242 4793 3489 4888 δίκης

690 4916 1098 5023 ἐπαναγκά
1113 4926 1326 5010 ζουσι
1365 4913 1509 4991 τὸν
1550 4920 1834 5013 ἔχοντα
1875 4915 2178 5017 ἐμφανῆ
2240 4918 2709 5007 καταστῆσαι
2750 4914 2948 4993 αὐτά
2985 4950 3063 4994 τε
3102 4917 3195 4993 w?
3234 4920 3485 5015 σῦλα,

682 5031 828 5117 1καὶ
867 5039 1068 5143 παρά
1108 5048 1318 5129 τίνος
1355 5038 1705 5132 ὠνήσατο
1744 5041 2029 5119 ταῦτα·
2086 5049 2223 5119 καὶ
2283 5042 2516 5134 δῆλον
2577 5039 2737 5133 ὅτι,
2800 5048 2873 5119 εἰ
2914 5046 3064 5143 μὲν
3122 5047 3487 5145 πρατῆρα

691 5156 1025 5271 ἐπιδείξῃ
1066 5161 1107 5244 ὃ
1149 5162 1393 5249 ἄλλον
1432 5198 1501 5243 τι
1545 5170 1748 5267 ἔχων
1767 5226 1790 5261 ,
1847 5166 2035 5271 πρὸς
2092 5178 2403 5249 ἐκεῖνον
2436 5175 2731 5276 γίνεται
2770 5168 2877 5273 τῷ
2918 5168 3383 5249 ἀπολέσαντι
3434 5166 3484 5253 ὃ
