3725 5850
636 424 791 504 1182
1319 444 1938 501 coMMsn‘rAmus
1981 443 2082 497 An
2123 443 2246 499 507.
2287 446 2412 499 509.
2455 446 2576 501 511.
2619 446 2744 499 515.

1807 652 1959 736 Ad
2001 654 2235 739 ⁵0⁷.

856 820 992 901 Alii
1047 813 1681 922 προσχαιρητὴρια
1736 820 2116 897 vocabant
2171 820 2312 895 hoc
2373 822 2642 898 festum
2698 822 2776 895 in
2835 820 3177 893 honorem
3220 820 3404 894 Pro-

634 948 977 1051 serpinae
1021 946 1494 1025 celebratum.

1804 1066 1957 1150 Ad
2006 1069 2235 1151 500.

846 1236 1111 1313 Suidas
1169 1263 1227 1311 S.
1284 1263 1353 1311 v,
1400 1226 1917 1307 Ἀνάστατοι.·
1993 1232 2223 1311 Sexto
2282 1232 2566 1310 decimo
2626 1232 2744 1309 die
2802 1231 3079 1309 mensis
3139 1230 3405 1333 Muny-

633 1360 917 1437 chionis
960 1364 1144 1437 fiunt
1181 1361 1611 1462 placentae3
1669 1358 1806 1435 hae
1848 1369 2100 1437 autem
2135 1370 2501 1435 vocantur
2538 1351 3060 1453 ἀμφιφῶντες,
3101 1368 3182 1434 ut
3219 1384 3405 1434 non-

628 1486 815 1563 nulli
870 1484 1171 1585 quidem
1226 1484 1567 1579 tradunt,
1638 1484 1813 1585 quia
1868 1494 2046 1559 tunc
2105 1484 2640 1581 conficiuntur,
2701 1509 2868 1559 cum
2923 1483 3037 1557 sol
3095 1493 3168 1557 et
3226 1482 3410 1557 luna

630 1638 844 1688 mane
884 1637 1110 1713 supra
1158 1623 1430 1686 terram
1488 1620 1898 1713 apparent3
1953 1622 2037 1685 ut
2092 1635 2270 1686 vero
2330 1606 2826 1711 Apollodorus
2881 1608 3176 1703 scribit,
3235 1608 3412 1709 quia

572 1738 575 1741 ’
631 1747 1023 1839 portantur
1062 1736 1321 1815 faculis
1363 1736 1793 1813 ardentibus
1834 1736 2110 1812 circum
2150 1760 2275 1812 eas
2314 1735 2634 1835 undique
2677 1735 2862 1810 fixis.

1825 1947 1977 2031 Ad
2024 1949 2216 2033 511.

847 2112 1198 2192 Suidas
1256 2142 1312 2191 s.
1371 2144 1441 2192 v.
1501 2109 1965 2214 ἄρκτεῦσαι.·
2025 2117 2283 2219 Lysias
2344 2116 2715 2217 virginum
2767 2112 3408 2192 consecrationem

634 2266 821 2341 quae
880 2250 1053 2316 ante
1111 2241 1409 2343 nuptias
1465 2242 1542 2317 in
1608 2241 1969 2317 honorem
2021 2240 2308 2320 Dianae
2371 2240 2633 2336 fiebat,
2695 2234 3098 2338 ἇρκτεύειν
3162 2247 3406 2313 vocat.

633 2362 983 2463 Virgines
1024 2366 1222 2442 enim
1259 2367 1365 2443 sic
1406 2381 1879 2445 consecratae
1919 2368 2499 2471 appellabantur
2538 2356 2812 2467 ἄρκτοι
2855 2369 3170 2461 (ursae).

845 2507 1012 2586 Ide
1036 2535 1110 2584 m
1146 2509 1222 2584 in
1263 2498 1593 2606 ἆ’ρκτος.·
1652 2512 1848 2588 Ursa
1898 2510 2057 2587 fera
2114 2510 2390 2588 relictis
2438 2511 2642 2587 silvis
2680 2512 2756 2585 in
2796 2536 2989 2612 pago
3030 2507 3408 2586 Philaida-

634 2660 793 2711 rum
852 2632 1131 2733 degens
1184 2636 1669 2713 contubernio
1726 2637 2109 2713 hominum
2169 2664 2464 2715 omnem
2522 2636 2824 2714 tandem
2864 2635 3232 2712 feritatem
3268 2662 3408 2735 po-

631 2770 897 2837 suerat.
965 2760 1152 2837 Cum
1194 2771 1445 2840 autem
1482 2765 1696 2861 virgo
1738 2762 2100 2862 quaedam
2140 2790 2308 2841 cum
2349 2789 2437 2840 ea
2475 2763 2766 2840 luderet
2803 2760 3408 2867 petulantiusque

631 2896 1024 2983 tractaret,
1081 2914 1253 2966 ursa
1289 2888 1575 2966 irritata
1612 2914 1774 2965 eam
1813 2891 2190 2990 unguibus
2230 2890 2688 2967 vulneravit:
2748 2916 2894 2990 qua
2931 2914 3008 2965 re
3049 2886 3216 2963 irati
3257 2887 3409 2962 fra-

630 3022 802 3108 tres,
842 3037 1005 3089 eam
1043 3013 1207 3091 telis
1247 3014 1750 3092 confecerunt.
1803 3015 1992 3092 Cum
2029 3016 2258 3114 igitur
2296 3041 2384 3091 ea
2422 3016 2514 3092 de
2556 3040 2780 3094 causa
2814 3016 3172 3118 pestilens
3210 3040 3410 3088 mor-

629 3139 771 3217 bus
833 3136 1321 3217 Athenienses
1389 3141 1829 3237 invasisset,
1908 3141 2289 3217 oraculum
2350 3141 2910 3218 consulentibus
2963 3165 3410 3243 responsum

604 3261 785 3364 est,
843 3267 1243 3346 remedium
1279 3266 1450 3344 mali
1487 3267 1683 3364 fore,
1744 3267 1805 3344 si
1866 3267 2057 3344 filias
2125 3293 2294 3344 suas
2351 3269 2445 3344 ad
2503 3267 2948 3372 expiandam
2988 3291 3200 3342 ursae
3241 3290 3410 3340 cae-

630 3391 799 3472 dem
842 3404 1223 3498 tamquam
1263 3381 1597 3492 ὄῖρκτους
1636 3393 1929 3492 (ursas)
1975 3394 2391 3470 consecrari
2415 3393 2796 3494 juberent.

1806 3603 1958 3687 Ad
2017 3605 2228 3688 515.
2279 3693 2284 3698 ,

846 3769 1005 3851 Lex
1045 3767 1351 3872 Seguer.
1392 3799 1464 3874 p.
1506 3771 1702 3848 263:
1765 3765 2146 3874 θαργήλια
2189 3766 2255 3844 δ’
2295 3775 2449 3846 ἐστὶ
2489 3755 2762 3860 mimae
2799 3772 2870 3845 οἱ
2909 3764 3062 3844 ἀπὸ
3103 3765 3230 3859 τῆς
3267 3765 3410 3872 γῆς

630 3899 943 3999 καρποί.
1002 3895 1449 4000 (Thargelia
1485 3912 1659 3978 sunt
1697 3925 1953 3977 omnes
1991 3909 2229 3976 terrae
2270 3899 2617 3993 fructus.)
2797 3901 2806 3909 ’

844 4043 1089 4146 Etym.
1130 4042 1329 4145 Mag.
1368 4071 1439 4146 p.
1478 4044 1675 4120 443:
1741 4038 2186 4146 Θαργηλιών
2245 4039 2322 4117 δὲ
2377 4033 2422 4116 ὅ
2469 4038 2874 4128 ἑνδέκατος
2901 4037 3068 4139 μὴν
3105 4035 3410 4140 ὀνομά-

634 4173 837 4261 ζεται
859 4224 883 4260 ,
940 4172 1097 4244 ἐπεὶ
1136 4163 1309 4243 τότε
1348 4159 1391 4244 o‘
1436 4162 1643 4259 ἥλιος
1682 4164 2021 4268 πυρώδης
2081 4173 2239 4243 ἐστὶ
2296 4172 2436 4244 καὶ
2496 4174 2582 4244 ἐν
2633 4163 2885 4268 τούτῳ
2939 4167 3048 4267 τῷ
3077 4173 3264 4266 μηνὶ
3303 4168 3404 4244 ‘ca‘

631 4293 758 4386 τῆς
794 4291 931 4398 γῆς
969 4286 1180 4385 ἄνθη
1218 4289 1753 4396 ἀνεξηραὶνετο
1777 4318 1793 4336 ·
1850 4289 2003 4370 ἀπὸ
2055 4293 2200 4370 τοῦ
2245 4299 2502 4397 θέρειν
2539 4287 2687 4371 οὖν
2722 4290 2864 4386 τὴν
2899 4293 3048 4398 γῆν
3083 4291 3174 4370 τὸ
3217 4299 3408 4394 θερ-

622 4416 789 4522 μὸν
826 4417 1226 4526 θάργηλον
1262 4417 1722 4520 ὠνόμασται.
1768 4423 2274 4523 (Thargelion
2312 4437 2617 4501 vocatur
2652 4424 2923 4502 mensis
2953 4422 3408 4519 undecimus,

632 4549 807 4652 quia
844 4559 1023 4626 tunc
1060 4547 1169 4628 sol
1206 4549 1351 4626 urit
1386 4550 1466 4626 in
1502 4551 1809 4628 modum
1846 4551 2086 4649 ignis,
2151 4562 2224 4629 et
2271 4552 2414 4630 hoc
2449 4576 2706 4629 mense
2745 4561 2986 4628 terrae
3019 4549 3242 4628 flores
3283 4577 3406 4628 ex·

630 4675 1123 4756 siccabantur.
1196 4677 1446 4772 Quum
1485 4677 1711 4778 igitur
1748 4675 1954 4752 calor
1998 4686 2274 4756 terram
2312 4679 2760 4776 arefaceret‚
2801 4678 2968 4754 ideo
3009 4670 3410 4780 θάργηλον

632 4812 941 4884 vocatus
981 4806 1154 4898 est.)

846 4945 1306 5052 Hesychius:
1350 4939 1497 5022 Ἐν
1551 4952 1709 5034 τοῖς
1752 4947 2202 5051 Θαργηλίοις
2260 4943 2398 5033 τάς
2447 4941 2798 5048 ἄπαρχᾶς
2833 4941 2993 5023 τῶν
3026 4949 3408 5048 φαινομέ·

639 5093 795 5149 νων
853 5076 1243 5147 ποιεῖσθαι
1299 5075 1438 5145 καὶ
1496 5075 2043 5173 περικομίζειν.
2127 5075 2392 5171 (Festo
2431 5075 2998 5177 Thargeliorum
3037 5077 3406 5179 primitiae

640 5201 822 5278 ⁴iant
860 5201 1379 5304 apparentium
1418 5201 1785 5280 fructuum
1828 5213 1902 5279 et
1941 5201 2646 5300 circumvehantur.)
