3725 5850
677 458 832 535 500
1353 482 1971 538 COMMENTARIUS
2014 486 2117 538 An
2160 486 2283 540 649.
2325 486 2452 540 650.
2492 486 2619 542 652.
2658 486 2784 540 655.

1847 690 1999 774 Ad
2048 695 2277 777 646.

881 853 1108 959 Apud
1163 856 1575 949 Romanos,
1652 856 1742 933 de
1803 858 2074 956 quibus
2131 861 2355 937 rebus
2416 870 2499 935 ut
2552 860 2767 936 aliter
2821 870 3208 960 ageretur,
3279 858 3447 955 lege

670 992 973 1059 cautum
1010 1008 1164 1057 non
1221 993 1418 1077 erat,
1479 982 1571 1057 de
1629 981 1743 1058 his
1793 995 2420 1061 sacramento
2470 985 2876 1083 agebatur3
2933 996 3008 1062 et
3046 986 3173 1085 qui
3210 985 3447 1059 victus

667 1117 864 1201 erat,
923 1132 1291 1184 summam
1345 1107 1790 1184 sacramenti
1843 1112 2279 1207 praestabat
2333 1136 2621 1211 poenae
2679 1111 3023 1209 nomine;
3082 1136 3311 1211 eaque
3369 1109 3449 1182 in

668 1233 1055 1334 publicum
1091 1231 1427 1309 cedebat.
1485 1230 1765 1308 ‘Poena
1818 1244 2067 1308 autem
2106 1236 2551 1312 sacramenti
2589 1246 2719 1311 aut
2758 1236 3251 1335 quingenaria
3290 1248 3451 1310 erat

662 1368 793 1434 aut
829 1356 1507 1459 quinquagenaria:
1560 1384 1736 1434 nam
1774 1358 1866 1435 de
1904 1359 2124 1435 rebus
2177 1361 2379 1438 mille
2420 1361 2611 1437 aeris
2651 1362 2979 1462 plurisve
3018 1360 3441 1460 quingentis

666 1484 978 1580 assibus,
1019 1484 1111 1561 de
1151 1484 1458 1560 minoris
1499 1510 1678 1559 vero
1717 1485 2265 1587 quinquaginta
2302 1488 2593 1563 assibus
2630 1500 3101 1564 sacramento
3142 1496 3444 1561 conten-

669 1608 1028 1707 debatur3
1085 1637 1262 1687 nam
1301 1610 1404 1687 ita
1440 1612 1612 1710 lege
1651 1612 1824 1689 XII.
1866 1611 2291 1689 tabularum
2330 1625 2629 1689 cautum
2671 1624 2842 1690 erat.

885 1736 1158 1837 (Gaji
1215 1737 1548 1813 Instit.
1606 1736 1739 1832 IV,
1800 1736 2179 1831 13-14.)

1849 1949 2002 2032 Ad
2042 1950 2273 2033 650.

879 2112 1161 2191 Lexica
1217 2111 1676 2213 Segueriana
1732 2142 1803 2215 p.
1849 2116 2007 2189 290
2061 2143 2201 2216 pro
2261 2110 2724 2211 παράστασις
2770 2116 3050 2193 habent
3091 2140 3443 2211 παρακα-

665 2231 1038 2320 τάστασις.
1119 2238 1219 2313 Et
1253 2265 1326 2338 p.
1367 2238 1524 2313 298
1563 2239 1818 2316 dicunt
1869 2240 1961 2316 de
2001 2237 2455 2336 παραστάσει
2480 2297 2502 2329 ,
2564 2240 2763 2342 quod
2802 2240 2929 2317 illa
2966 2241 3192 2318 fuerit
3229 2266 3443 2342 pecu-

667 2361 830 2457 nia,
891 2388 1082 2461 quae
1119 2362 1288 2439 ideo
1326 2365 1805 2460 solvebatur,
1863 2392 1960 2442 ne
2001 2368 2093 2443 lis
2133 2369 2746 2445 introduceretur.

1839 2576 1992 2659 Ad
2043 2577 2275 2661 652.

883 2740 1264 2816 ΒὸοΙςΙιίιιε
1303 2739 1523 2816 docet
1564 2739 1928 2834 (Staatsh.
1972 2744 2041 2818 d.
2083 2744 2356 2821 Athen.
2400 2746 2487 2821 T.
2526 2746 2583 2821 I.
2623 2770 2693 2846 p.
2737 2745 2934 2837 466)
2984 2743 3336 2847 prytania
3369 2744 3441 2819 in

667 2866 908 2942 causis
965 2866 1318 2967 privatiS‚
1387 2867 1830 2968 parastasim
1886 2868 1964 2944 in
2025 2869 2339 2971 publicis
2398 2871 2624 2949 fuisse
2680 2868 3039 2966 solutam,
3120 2870 3443 2970 exceptis

667 2991 906 3068 causis
941 2992 1039 3068 ad
1079 2993 1324 3070 forum
1359 2993 1810 3070 arbitrorum
1845 2996 2420 3094 pertinentibus,

880 3133 1032 3212 Sed
1070 3136 1572 3240 Harpocratio
1611 3163 1667 3213 s.
1709 3164 1776 3213 v.
1821 3134 2317 3234 Παράστασις
2356 3140 2573 3217 dicit:
2622 3141 2999 3217 Drachma
3034 3140 3179 3216 fuit
3216 3141 3441 3241 depo-

664 3263 805 3336 sita
838 3262 935 3336 ab
975 3261 1064 3336 iis
1090 3319 1108 3356 ‚
1147 3264 1271 3362 qui
1309 3264 1622 3364 privatis
1659 3263 1856 3342 inter
1894 3291 1973 3357 se
2008 3267 2097 3342 de
2138 3269 2673 3345 controversiis
2712 3268 3242 3368 disceptarent.
3298 3267 3441 3341 De·

665 3386 968 3464 mettius
1026 3397 1278 3464 autem
1312 3389 1718 3466 Phalereus
1776 3390 2001 3466 tradit
2057 3393 2375 3470 arbitros
2424 3394 2710 3494 cepisse
2750 3391 3185 3468 drachmam
3222 3417 3439 3467 unam

667 3520 838 3611 post
875 3510 1341 3588 sortitionem
1379 3538 1688 3608 causae,
1747 3514 2061 3594 alteram
2100 3519 2389 3618 quoties
2429 3518 2588 3594 dies
2625 3518 2957 3594 diffissus
2996 3529 3197 3594 esset
3258 3523 3443 3610 (κα-

663 3629 762 3708 τά
799 3625 1265 3732 ὑπωμοσίαν
1302 3633 1691 3731 ἑκάστην).

1845 3776 1997 3860 Aa
2038 3778 2271 3862 655.

881 3944 1078 4024 Hinc
1136 3954 1387 4049 patet,
1443 3944 2001 4048 stipulationem
2058 3973 2188 4023 seu
2248 3943 2909 4048 παρακαταβολῆν
2960 3950 3041 4025 in
3098 3951 3439 4027 omnibus

664 4069 965 4174 reliquis
1003 4070 1257 4148 litibus
1291 4080 1444 4184 tam
1481 4070 1800 4173 publicis
1840 4099 2065 4172 quam
2105 4074 2415 4174 privatis
2454 4074 2679 4152 fuisse
2718 4076 3161 4176 depositam.

879 4217 972 4292 In
1010 4215 1300 4292 actione
1339 4213 1714 4292 metallica
1751 4216 2249 4319 stipulationis
2300 4220 2755 4296 mentionem
2794 4219 2971 4296 facit
3006 4219 3481 4296 Demosthe-'

663 4367 798 4418 nes
839 4342 1194 4445 (Except.
1234 4340 1401 4418 adv,
1441 4341 1877 4420 Pantaenet.
1920 4346 2146 4438 978):
2196 4340 2391 4443 μετά
2432 4341 2679 4418 ταῦτα
2720 4347 3267 4441 προσκαλεῖται
3297 4347 3441 4440 μέν

655 4494 760 4564 με
797 4459 936 4556 τὴν
975 4462 1204 4558 δίκην
1261 4462 1539 4557 πάλιν,
1597 4465 1851 4558 ἐπειδὴ
1918 4467 2216 4546 θᾶττον
2272 4466 2617 4547 ἀνείλετο
2674 4467 2810 4559 τάς
2866 4498 3443 4571 παρακατα-

662 4587 998 4690 βολάς
2460 4607 2465 4612 “

887 4719 976 4796 In
1017 4719 1436 4799 actionibus
1475 4723 1706 4801 debiti
1755 4726 2316 4827 stipulationem
2352 4727 2603 4804 locum
2640 4726 3031 4823 habuisse,
3088 4725 3298 4802 testis
3335 4735 3442 4801 est

669 4843 942 4923 Suidas
977 4845 1056 4923 in
1093 4843 1702 4948 παρακαταβολὴ
1727 4905 1748 4936 ,
1789 4853 1919 4928 ubi
1956 4853 2053 4929 ad
2091 4851 2615 4955 Aristophanis
2656 4853 2916 4930 Nubes
2972 4855 3083 4946 (V.
3132 4851 3437 4928 1255--

669 4970 924 5064 1256)
983 4972 1197 5050 dicit:
1275 4966 1582 5058 ἀπολεῖς
1635 4978 1776 5048 καὶ
1832 4971 1927 5048 τά
1986 4981 2105 5050 ἐπὶ
2164 4974 2255 5073 τῇ
2314 4975 2572 5081 γραφῇ
2634 4972 3102 5075 ἀναλώματα
3121 5033 3145 5067 ,
3197 4973 3437 5074 μάτην

666 5089 866 5171 αὐτοὶ
931 5091 1298 5189 ποιήσας.
1343 5160 1358 5177 .
1403 5158 1416 5173 .
1461 5093 1506 5173 ὅ
1555 5105 1706 5175 ἐστι
1763 5097 1871 5176 τὸ
1930 5098 2368 5178 δέκατον
2423 5101 2602 5178 τοῦ
2663 5099 3231 5202 τιμήματος
3285 5101 3437 5191 τῆς

666 5218 715 5298 ὃ
735 5223 839 5299 lx
862 5253 1000 5316 ης,
1044 5218 1228 5328 ὅπερ
1267 5230 1612 5302 καλεῖται
1654 5226 2120 5329 συνωνύμως
2159 5225 2785 5332 παρακαταβολή.
2827 5230 3187 5326 (Amittes
3226 5233 3433 5310 etiam
