3725 5850
656 434 812 515 fou
1758 468 1882 519 sus
1917 464 2339 517 flmmeum.

1955 656 2133 733 406.

868 798 963 874 Οἳ
1010 792 1497 897 Εὐμολπίδαι
1553 801 1771 900 γένος
1825 798 2024 873 ειόιν
2081 792 2236 872 ἀπὸ
2299 792 2748 897 Εὔμολπον.
2831 786 3083 875 Οὗτοί
3117 797 3315 873 εἰσιν
3355 796 3432 871 οἳ

638 921 1066 1022 μυοῦντες’
1126 930 1219 1000 ἐκ
1256 922 1559 1001 τούτων
1594 927 1890 1028 γίνεται
1931 920 2367 1023 δᾳδοῦχος,
2426 921 2895 1024 ἱεροφάντης.

1566 1052 1856 1147 (Schol.
1896 1054 1974 1129 in
2013 1051 2362 1133 Aeschin.
2401 1053 2870 1157 Ctesiphont.
2911 1048 3221 1156 §.18.)..

1955 1214 2132 1290 406.

862 1336 1355 1443 Eumolpidae
1392 1366 1629 1443 genus
1668 1338 1952 1416 ducunt
1989 1338 2085 1416 ab
2127 1336 2518 1441 Eumolpo.
2557 1338 2660 1416 Hi
2695 1339 3066 1443 mysteriis
3102 1340 3430 1440 initiant3

649 1488 1053 1566 eorumque
1091 1492 1133 1543 e
1168 1492 1447 1565 genere
1488 1478 1601 1545 est
1637 1466 1886 1545 facem
1919 1462 2210 1567 {gerens
2250 1477 2326 1542 et
2362 1466 2908 1568 hierophantes.

1955 1629 2132 1704 407.

867 1770 961 1845 Oi
998 1762 1491 1867 Εὐμολπίδαι
1528 1774 1704 1843 κατ’
1745 1758 2146 1871 ἀγράφους
2185 1764 2472 1865 νόμους
2527 1762 3026 1872 ἐξηγοῦνται,
3083 1758 3223 1856 οὒς
3281 1762 3433 1844 οὖ·-

651 1889 804 1981 δείς
841 1925 955 1969 πω
992 1892 1265 1995 κύριος
1302 1899 1599 2003 ἐγένετο
1637 1898 2014 1969 καθελεῖν
2051 1889 2233 1969 οὐδὲ
2273 1891 2690 1994 ἐτόλμησεν
2745 1890 3173 1986 ἀντειπεῖν,
3241 1890 3428 1971 οὐδὲ

650 2016 903 2098 αὐτὸν
937 2018 1082 2099 τόν
1123 2004 1359 2098 θέντα
1400 2022 1678 2100 ἴσασιν.
2063 2023 2370 2129 (Lysias
2407 2052 2468 2101 c.
2509 2022 2872 2103 Andocid.
2911 2020 3212 2127 §.10.)·.

1947 2187 2127 2265 407.

862 2312 1358 2417 Eumolpidae
1414 2316 1623 2415 leges
1680 2341 1836 2392 non
1891 2313 2207 2414 scriptas
2262 2314 2889 2416 interpretantur,
2946 2337 3262 2415 quarum
3297 2338 3430 2389 au-

648 2437 1063 2515 ctoritatem
1100 2466 1321 2517 nemo
1361 2466 1691 2542 unquam
1740 2439 1984 2541 potuit
2038 2440 2505 2537 convellere,
2558 2440 2828 2541 quibus
2867 2466 3088 2518 nemo
3129 2449 3429 2515 contra-

648 2561 895 2641 dicere
934 2589 1156 2643 ausus
1194 2576 1347 2663 est,
1388 2576 1465 2641 et
1500 2590 1820 2667 quarum
1853 2564 2174 2641 latorem
2209 2566 2506 2665 penitus
2543 2564 2996 2665 ignoramus.

1949 2728 2126 2805 408.

860 2843 1350 2951 Εὐμολπίδαι
1402 2853 1546 2926 καὶ
1606 2847 1949 2952 Κήρυκες
2005 2856 2092 2928 ἕν
2145 2846 2236 2948 τῇ
2292 2845 2549 2948 τελετῇ
2598 2847 2760 2926 τῶν
2783 2853 3231 2954 μυστηρίων
3266 2860 3430 2938 τοῖς

644 2974 1067 3076 βαρβάροις
1118 2977 1513 3080 εἴργεσθαι
1549 2977 1707 3054 τῶν
1743 2978 2009 3079 ἱερῶν,
2067 2973 2318 3075 ὥσπερ
2355 2987 2516 3064 τοῖς
2555 2973 3116 3076 ἀνδροφόνοις,
3178 3008 3429 3079 προα-

644 3097 1124 3203 γορεύουσιν.
1239 3139 1249 3146 ·
2035 3107 2391 3205 [(Isocrat.
2432 3107 2806 3210 Panegyr.
2849 3102 3202 3208 §.157.).

1943 3269 2123 3344 408.

860 3391 1355 3494 Eumolpidae
1392 3401 1469 3469 et
1505 3393 1932 3469 Praecones
1983 3393 2063 3469 in
2119 3393 2312 3470 festo
2368 3393 2895 3493 mysteriorum
2951 3365 3218 3469 ceteris
3253 3394 3428 3470 bar-

643 3519 885 3615 barie,
926 3529 1286 3620 tanquam
1322 3516 1756 3614 homicidiS,
1798 3519 2027 3596 sacris
2063 3518 2540 3594 interdicunt.

866 3801 975 3880 To*
1030 3802 1187 3879 τῶν
1239 3801 1613 3903 κηρύκων
1666 3808 1929 3907 γένος,
1988 3800 2197 3904 ἱερὸν
2248 3805 2400 3903 μὲν
2443 3797 2784 3904 ιΕρμοῦ,
2848 3799 3418 3906 κατακηρῦττει

648 3926 724 4004 δὲ
766 3921 1099 4024 ἡσυχίαν
1138 3930 1227 4004 ἔν
1261 3959 1341 4004 τε
1380 3925 1622 4032 ἀγῶσι
1660 3934 1801 4003 καὶ
1841 3931 2345 4032 ἱερουργίαις,
2401 3931 2542 4003 καὶ
2603 3927 2939 4017 σπονδάς
2996 3936 3422 4034 προαγγέλ-

646 4059 753 4130 λει
776 4113 797 4144 ,
856 4060 991 4129 καὶ
1030 4057 1465 4153 ἐκεχειρίαν
1502 4059 1984 4158 ἐπαγγέλλει,
2023 4058 2162 4128 καὶ
2201 4052 2384 4141 τούς
2423 4051 2851 4159 ἀγωνιστάς
2889 4051 3421 4155 άνακηρύττει.

2496 4183 2804 4280 (Pollux
2835 4183 2972 4282 IV,
3021 4184 3206 4278 91.)

1937 4294 2116 4368 409.

860 4415 1329 4494 Praeconum
1400 4442 1642 4516 genus
1708 4417 2081 4496 Mercurio
2139 4383 2434 4496 sacrum
2491 4431 2622 4496 est.
2718 4418 3114 4498 Silentium
3169 4431 3424 4499 autem

646 4541 1075 4642 promulgat
1110 4542 1190 4616 in
1227 4543 1755 4619 certaminibus
1795 4554 1872 4618 et
1916 4544 2314 4620 sacrificiis.
2389 4545 2730 4621 Foedera
2764 4547 2944 4622 item
2984 4546 3420 4642 annunciat,

642 4664 981 4742 inducias
1016 4665 1281 4744 indicit
1318 4679 1393 4742 et
1428 4678 1830 4744 certatores
1870 4667 2238 4771 designat.

1937 4830 2116 4906 410.

836 4945 1009 5029 “Hy
1045 4943 1088 5029 ὁ
1127 4949 1367 5051 κῆρυξ
1405 4949 1605 5028 κατά
1644 4941 1827 5042 τούς
1862 4953 2149 5054 νόμους
2205 4949 2480 5051 φωνὴν
2541 4951 2810 5052 ἀφίησι
2831 5015 2854 5048 ,
2915 4953 3201 5052 ταύτην
3235 4987 3420 5034 κοι-

648 5075 792 5170 νὴν
827 5079 955 5172 τῆς
992 5075 1355 5179 πατρίδος
1393 5077 1711 5156 δίκαιόν
1745 5087 1952 5157 ἐστιν
1991 5074 2372 5186 ἡγεῖσθαι.

2035 5209 2456 5309 (Demosth.
2497 5211 2586 5293 de
2624 5237 2920 5292 corona.
2957 5214 3200 5310 2853.
