3725 5850
1161 460 1780 520 contusa-raams
1814 461 1926 514 An
1969 458 2128 520 149⁶.
2170 459 2328 518 1⁴⁹⁷.
2983 443 3154 535 62st

358 666 581 734 caret.
636 657 1021 750 (Μελέται
1058 654 1183 729 ἐπὶ
1220 650 1377 730 τῶν
1411 647 2080 751 ἄστυκῶν.νόμων
2113 654 2271 732 τῶν
2297 651 2611 736 Ἰονίων
2647 653 2925 748 νήσων,
2973 648 3138 733 ὕπὸ

348 775 495 858 'Iro
516 774 836 857 ἀννου
888 783 1239 856 Σκαλτ
1260 774 1435 871 ζού
1456 805 1507 856 ν
1528 809 1590 870 η.
1652 779 1966 859 Athenis
2009 781 2235 860 1866.
2295 810 2466 887 pag.
2513 783 2686 879 13.)

1512 991 1667 1076 Ad
1701 994 1992 1079 use.

564 1159 697 1240 Ro
719 1183 852 1240 ss:
890 1159 1034 1238 Die
1070 1161 1363 1238 Demen
1402 1185 1554 1237 von
1594 1155 1859 1238 Attika
1893 1186 1968 1261 p.
2008 1159 2154 1236 47:
2193 1163 2455 1259 ἕτερον
2481 1159 2800 1259 χωρίων
2835 1163 2924 1265 ἐγ
2967 1164 3146 1236 Κυ-

351 1281 737 1365 &amcam
779 1279 1309 1376 Ἀντικλείδης
1354 1277 1847 1388 Ἀντιγόνρυ.
1927 1279 2428 1381 Κεφάλαιον.·
2486 1285 2694 1364 4837
2733 1287 3146 1429 drachmas

349 1414 401 1490 3
435 1413 659 1492 oboli.
722 1404 1213 1501 Ἕκατοστή.·
1271 1411 1375 1486 48
1412 1410 1815 1488 drachmae
1853 1411 1904 1486 3
1944 1411 2170 1491 oboli.
2569 1439 2576 1446 ·
2699 1441 2706 1447 ·
2841 1445 2848 1454 ·
2953 1443 2961 1451 ·
3129 1411 3142 1452 ³

562 1539 795 1618 Moris
832 1541 1031 1618 enim
1068 1548 1227 1618 erat
1264 1539 1611 1617 venditos
1648 1538 1920 1617 fundos
1971 1537 2096 1617 vel
2140 1564 2401 1618 servos
2437 1541 2740 1642 publice
2759 1521 2970 1619 albis
3008 1541 3134 1618 vel

344 1666 611 1746 buxeis
645 1667 923 1745 tabulis
958 1664 1386 1761 inscribere,
1426 1664 1617 1741 sicut
1652 1674 1728 1740 et
1763 1665 2073 1741 nomina
2107 1666 2704 1767 possessionum,
2744 1692 3136 1744 servorum

346 1801 422 1868 et
458 1792 909 1887 ementium,
948 1800 1033 1867 ut
1067 1789 1129 1868 si
1167 1790 1334 1890 quis
1370 1787 1666 1889 litigare
1703 1788 1956 1884 vellet,
1997 1815 2139 1890 pro
2176 1789 2416 1866 lubitu
2453 1791 2738 1888 legeret
2771 1789 3130 1887 tabulam,

344 1910 710 2013 λεύκωμα
748 1917 1059 1994 dictam·
1102 1911 1583 2013 (Leutsch
1620 1924 1694 1992 et
1728 1913 2472 1992 Schneidewin:
2523 1915 2820 2020 Corpus
2855 1941 3132 2018 paroe-

341 2041 769 2144 miograph.
807 2067 1055 2142 graec.
1098 2040 1315 2118 Tom.
1356 2041 1412 2118 I.
1450 2067 1526 2142 p.
1568 2039 1790 2133 405.)
3131 2065 3139 2098 2

562 2164 917 2246 Suidas
971 2167 1155 2246 dicit
1206 2168 1302 2244 de
1354 2165 1501 2243 hoc
1557 2159 1998 2262 λευκώματι
2022 2195 2046 2237 .·
2103 2167 2364 2244 Paries‘
2395 2193 2642 2270 gypso
2675 2167 2946 2264 illitus,
3003 2167 3142 2244 cui»

339 2317 463 2372 res
498 2295 759 2372 civiles
794 2303 971 2398 apte
1008 2291 1313 2370 inscribi
1350 2302 1687 2393 possunt.
3125 2327 3134 2338 ·

558 2419 783 2523 Apud
819 2417 1235 2519 Cyzicenos
1276 2416 1746 2496 venditiones
1785 2419 2218 2520 priusquam
2256 2420 2880 2496 confirmarentur
2913 2419 3130 2519 quin-

336 2571 488 2648 que
526 2547 895 2624 continuis
952 2541 1217 2621 diebus
1271 2541 1573 2646 publice
1628 2569 1771 2645 per
1822 2567 2276 2646 praeconem
2308 2541 2818 2622 edicebantur.
2876 2541 2974 2638 (S
2991 2555 3024 2621 t
3041 2571 3129 2622 o-

336 2671 643 2751 baeus
700 2695 968 2750 serm.
1020 2670 1150 2766 44,
1190 2668 1359 2764 22.)
3012 2659 3022 2666 ’

558 2795 781 2900 Apud
816 2794 1143 2874 Thurios
1178 2804 1333 2872 tres
1369 2792 1820 2872 venditionis
1871 2802 2101 2872 testes
2151 2793 2703 2876 adhibebantur
2725 2852 2745 2892 ‚
2796 2797 2925 2897 qui
2973 2821 3122 2873 me-

334 2926 621 3003 moriae
677 2936 753 3003 et
786 2924 1017 3003 futuri
1070 2919 1475 3001 testimonii
1532 2919 1777 3022 gratia
1831 2946 2146 3023 parvam
2201 2921 2676 3023 accipiebant
2725 2932 3130 3003 monetam.

335 3048 671 3145 (Ibid.)
1500 3148 1655 3233 Ad
1688 3150 1950 3233 140⁷

556 3318 1098 3420 Harpocratio.
1156 3310 1639 3515 ’Ardysar
1694 3319 1853 3391 ἐστι
1907 3309 2000 3389 τὸ
2048 3310 2381 3412 μηνύειν
2431 3311 2578 3391 τὸν
2635 3311 3119 3415 πεπρακότα,

384 3598 485 3650 ue
578 3578 802 3649 etere.
3089 3643 3096 3653 .

330 3597 382 3672 q
522 3573 912 3774 Ρδιιίᾶίε
967 3722 1023 3774 s.
1063 3723 1131 3773 v.
1191 3686 1785 3792 αὐτομαχῆσαι.·
1841 3694 2037 3774 Cum
2094 3696 2260 3798 quis
2297 3694 2605 3775 domum
2641 3708 2770 3775 aut
2805 3698 3120 3777 fundum

329 3822 483 3900 sibi
520 3819 887 3917 vindicat,
944 3832 1021 3898 et
1057 3821 1407 3900 venditor
1451 3818 1814 3898 solvendo
1873 3832 1986 3899 est
2006 3880 2025 3918 ‚
2081 3846 2326 3924 neque
2351 3822 2724 3923 judicium
2759 3822 3119 3903 adversus

328 3946 845 4025 vindicantem
898 3948 1264 4027 detrectat
1286 4006 1305 4045 ‚
1364 3972 1678 4049 eamque
1734 3948 1833 4025 ob
1889 3974 2194 4028 causam
2249 3976 2638 4053 possessor
2691 3948 2951 4027 domus
2995 3953 3120 4028 vel

329 4070 548 4150 fundi
604 4074 767 4174 ipse
811 4074 1107 4176 judicio·
1154 4074 1319 4153 vult
1367 4073 1722 4153 adversus
1777 4100 1950 4153 eum
2001 4076 2322 4178 experiri
2343 4134 2364 4174 ,
2421 4078 2552 4178 qui
2607 4076 2702 4155 de
2749 4100 2832 4155 re
2866 4088 3120 4181 empta

327 4198 927 4277 controversiam
960 4212 1216 4278 movet
1236 4244 1267 4296 ,-
1310 4198 1389 4278 id
1426 4191 1977 4297 αὖτομαχῆσαι
2011 4200 2300 4278 dicitur.

552 4322 1275 4429 Harpocratioz
1348 4318 1856 4423 Αὖτομαχεῖν
1909 4337 2028 4405 est
2080 4348 2216 4430 per
2271 4352 2354 4405 sc
2413 4329 2698 4431 ipsum,
2755 4352 2927 4407 -non
2979 4354 3123 4431 per-

323 4454 599 4550 alium‚
642 4450 933 4553 judicio
988 4448 1489 4551 contendere3
1542 4465 1629 4530 ut
1676 4453 1738 4530 si
1777 4454 1946 4554 quis
1982 4452 2080 4531 ad
2115 4452 2588 4531 venditorem
2625 4452 2987 4551 deducat,
3040 4458 3124 4534 et

326 4578 429 4659 ad
465 4578 671 4656 hunc
707 4574 1050 4656 ostendat
1084 4578 1457 4655 actionem
1494 4575 1884 4682 pertinere.
3025 4606 3032 4613 ·

548 4704 847 4782 Heffter
883 4701 1199 4797 (Athen.
1236 4700 1773 4781 Gerichtsverf.
1822 4732 1900 4807 p.
1939 4704 2185 4800 4373:
2239 4702 2324 4782 si
2360 4703 2704 4783 venditor
2735 4706 2863 4784 vel
2898 4708 3110 4812 oppi-

321 4854 663 4931 gnerans
699 4828 1109 4907 declaravit
1128 4887 1147 4925 ‚
1199 4854 1283 4905 se
1338 4830 1657 4932 emptori
1712 4830 1838 4907 vel
1893 4832 2174 4931 pig-nus
2228 4830 2630 4934 accipienti
2665 4842 2927 4913 contra
2961 4844 3118 4912 ter-

323 4960 521 5035 tium
556 4956 920 5057 aliquem,
976 4955 1104 5057 qui
1139 4954 1284 5057 ipsi
1319 4954 1528 5032 litem
1564 4967 1942 5055 moveret,
1999 4958 2490 5059 possessionis
2528 4969 2905 5035 auctorem
2944 4984 3110 5039 esse

325 5082 528 5161 velle
550 5140 569 5179 ,
624 5090 1013 5159 accusator
1045 5106 1201 5158 non
1240 5082 1561 5183 amplius
1580 5090 1859 5161 contra
1894 5107 2418 5184 possessor-en,
2459 5083 2592 5165 sed
2629 5094 2892 5165 contra
2927 5110 3105 5173 ven-

322 5209 652 5290 ditorem
690 5207 813 5287 vel
850 5209 1477 5312 oppignerantem
1514 5208 1718 5289 litem
1753 5210 2126 5293 movebat.
