3725 5850
716 439 869 514 392
1803 465 1931 516 ms
1964 465 2391 518 Pusmcnu.

1987 654 2211 734 1186.

933 775 1083 863 Τάς
1120 775 1442 874 ἐσχάτας
1480 781 1834 876 τιμωρίας
1874 774 2071 854 εἶναι
2095 836 2118 868 ,
2177 776 2317 857 ἐάν
2370 811 2477 870 τις
2520 776 2978 871 Ἀθηναίων
3026 771 3311 859 ἄλλοσέ
3344 807 3479 854 ποι

712 903 1067 1010 σιτηγήσῃ
1109 898 1154 995 ἢ
1189 895 1292 990 ὥς
1337 899 1834 994 Ἀθηναίους.
2096 907 2461 1010 (Lycurg.
2500 933 2565 990 o.
2604 909 2943 998 Leocrat.
2982 902 3051 1008 ξ.
3090 907 3259 1002 27.)

731 1069 736 1077 ’
1987 1068 2210 1145 1186.
2435 1077 2441 1085 ’

921 1213 1276 1288 Extrema
1314 1209 1684 1312 supplicia
1721 1218 1940 1286 sunto
1961 1268 1979 1305 ,
2019 1211 2079 1287 si
2120 1211 2283 1313 quis
2318 1179 2891 1308 Atheniensium
2928 1211 3077 1288 alio
3112 1235 3338 1312 quam
3375 1208 3477 1286 ad

705 1335 1205 1435 Athenienses
1243 1338 1617 1414 frumenta
1653 1334 2131 1443 divendenda
2168 1335 2619 1415 transvehat.

1981 1498 2018 1573 1
2042 1495 2209 1574 187.

917 1617 1134 1696 Κατὰ
1172 1616 1332 1696 τῶν
1369 1624 1675 1720 ἑτέρωσέ
1726 1649 1856 1696 ποι
1910 1625 2049 1696 καί
2095 1591 2206 1720 μή
2254 1617 2652 1713 Ἀθήναζε
2690 1615 3291 1724 σεσιτηγηκότων
3326 1625 3477 1716 ἐμ-

703 1735 961 1845 πόρων
1016 1741 1065 1838 ἢ
1118 1744 1575 1846 ναυκλήρων
1619 1742 2077 1838 Ἀθηναίων
2130 1746 2397 1845 φάσεις
2450 1746 2675 1825 εἶναι.
2752 1751 2908 1823 Καὶ
2962 1743 3107 1824 ἐάν
3148 1775 3257 1833 τις
3293 1773 3477 1820 τινα

701 1870 945 1967 φήνας
993 1869 1100 1968 μὴ
1160 1876 1416 1970 ἐπεξίῃ
1471 1868 1518 1964 ἢ
1572 1871 1897 1964 ἐπεξιών
1936 1871 2046 1975 μὴ
2104 1874 2307 1977 λάβῃ
2341 1873 2432 1952 τὸ
2476 1881 2822 1973 πέμπτον
2847 1876 3078 1973 μέρος
3112 1869 3271 1953 τῶν
3307 1868 3477 1972 ψή-

700 2025 914 2093 φων,
965 2002 1228 2096 χιλίας
1271 2002 1611 2075 ἐκτίνειν
1663 1999 1772 2098 τῷ
1832 1997 2216 2100 δημοσίῳ,
2272 2012 2430 2090 τοῖς
2486 1999 2562 2076 δὲ
2604 1996 3004 2095 ὀφείλουσι
3032 1992 3143 2095 μή
3184 2003 3477 2088 ἐξεῖναι

699 2129 966 2226 λέγειν.
1125 2125 1542 2229 (Anonymi
1578 2153 1862 2227 argum.
1901 2131 1982 2207 in
2016 2131 2399 2208 Demosth.
2436 2157 2500 2209 c.
2542 2127 2935 2206 Theocrin.
2975 2125 3251 2217 1321.)

1974 2290 2199 2373 1187.

911 2433 1366 2511 Mercatores
1421 2444 1551 2511 aut
1603 2434 2101 2513 navicularios
2157 2433 2695 2532 Athenienses,
2755 2433 2879 2538 qui
2924 2431 3072 2509 alio
3107 2430 3475 2534 quopiam

697 2584 916 2657 quam
953 2556 1285 2636 Athenas
1325 2559 1778 2636 frumentum
1817 2562 2200 2657 vexerint,
2238 2561 2459 2638 liceat
2499 2562 2817 2642 deferre.
2892 2558 2972 2635 Si
3011 2559 3175 2660 quis
3211 2569 3474 2637 autem

695 2681 1017 2783 aliquem
1053 2683 1436 2782 detulerit,
1493 2711 1634 2762 nec
1670 2686 2037 2762 actionem
2076 2699 2510 2790 persecutus
2549 2687 2809 2781 fuerit,
2862 2693 2990 2762 aut
3024 2692 3474 2786 persecutus

695 2809 1030 2907 quintam
1068 2812 1598 2910 suffragiorum
1634 2823 1926 2913 partem
1962 2839 2115 2887 non
2155 2814 2444 2908 tulerit,
2502 2812 2701 2888 mille
2741 2810 3132 2889 drachmas
3172 2807 3471 2883 aerario

694 2936 957 3034 solvat,
981 2945 1055 3013 et
1091 2935 1550 3014 debitoribus
1590 2938 1852 3015 aerarii
1890 2964 2144 3015 coram
2181 2939 2457 3041 populo
2492 2938 2725 3015 verba
2745 2939 2991 3015 facere
3026 2960 3176 3010 non
3212 2932 3469 3011 liceat.

1958 3097 2185 3180 1188.

914 3226 1091 3307 Τοῖς
1127 3218 1483 3329 ἐμπόροις
1522 3225 1657 3297 καὶ
1695 3230 1853 3308 τοῖς
1893 3200 2349 3323 ναυκλήροις
2386 3219 2578 3297 εἶναι
2613 3217 2747 3309 τὰς
2786 3217 3011 3312 δίκα-ς
3052 3214 3236 3319 πρὸς
3274 3214 3473 3303 τούς

699 3350 1214 3445 θεσμοθέτας,
1291 3344 1426 3423 ἐάν
1496 3378 1570 3423 τι
1648 3342 2077 3424 ἀδικῶνται
2142 3354 2229 3423 ἐν
2285 3346 2393 3447 τῷ
2450 3344 2795 3448 ἐμπορίῳ
2851 3340 2899 3439 ἢ
2952 3342 3266 3424 ἐνθένδε
3326 3373 3473 3419 ποι

693 3476 1038 3561 πλέοντες
1076 3468 1122 3563 ἢ
1160 3477 1527 3573 ἑτέρωθεν
1566 3471 1836 3573 δεῦρο,
1894 3478 2032 3549 καὶ
2070 3484 2227 3561 τοῖς
2266 3469 2628 3548 ἀδικοῦσι
2687 3470 2971 3572 δεσμὸν
3021 3470 3215 3549 εἶναι
3254 3460 3475 3547 τοῦέ

692 3600 1079 3694 πιτίμιον,
1155 3604 1288 3685 ἕως
1343 3592 1448 3674 ἂν
1503 3602 1911 3675 ἐκτίσωσιν
1964 3594 2012 3674 ὃ
2067 3628 2137 3679 τι
2194 3592 2299 3676 ὅῖν
2350 3594 2616 3676 αὐτῶν
2668 3596 3239 3703 καταγνωσθῇ,
3320 3600 3471 3673 ἵνα

683 3719 940 3821 μηδεὶς
980 3719 1223 3821 ἀδικῇ
1241 3721 1532 3824 μηδένα
1570 3722 1729 3804 τῶν
1763 3722 2118 3825 ἐμπόρων
2154 3723 2353 3821 εἰκῇ.

1997 3852 2420 3947 (Demosth.
2460 3852 2629 3930 adv,
2670 3846 2977 3956 Apatur.
3018 3852 3237 3946 892.)

1966 4014 2194 4091 1188.

905 4156 1438 4234 Mercatoribus
1477 4169 1551 4236 et
1587 4158 2059 4243 naviculariis
2116 4158 2334 4237 detur
2387 4160 2579 4237 actio
2629 4158 2828 4261 apud
2866 4158 3426 4237 thesmothetas
3448 4216 3475 4258 ‚

691 4282 752 4359 si
793 4308 940 4380 qua
973 4283 1244 4385 injuria
1278 4284 1354 4358 in
1393 4297 1724 4364 mercatu
1759 4287 2188 4364 afficiantur
2220 4286 2377 4364 sive
2414 4285 2589 4362 hinc
2624 4285 2771 4363 alio
2810 4286 3254 4383 navigantes
3290 4286 3475 4364 sive

693 4406 986 4485 aliunde
1023 4409 1211 4506 hu03
1267 4419 1340 4485 et
1393 4420 1648 4488 sontes
1703 4411 2023 4488 vinculis
2073 4412 2479 4513 puniantur
2504 4469 2523 4507 ‚
2582 4408 2821 4487 donec
2854 4408 3262 4511 judicatum
3296 4415 3469 4490 sol-

693 4542 874 4608 vant
894 4590 913 4629 ‚
973 4542 1056 4611 ut
1091 4558 1188 4611 ne
1229 4534 1392 4635 quis
1429 4544 1708 4615 temere
1745 4537 1983 4615 ullum
2016 4549 2501 4615 mercatorem
2540 4534 2808 4613 laedat.

1966 4697 2193 4773 1189.

903 4813 1225 4906 Μηδένα
1280 4818 1436 4895 τῶν
1489 4826 1575 4897 ἐν
1629 4819 1720 4918 τῇ
1777 4819 1990 4897 πόλει
2048 4824 2552 4909 πλιίωσῖτον
2604 4817 3084 4913 πεντήκοντα
3121 4825 3475 4923 φορμῶν

693 4948 1223 5023 συνωνεῖσθαι.
1319 4950 1476 5021 Καὶ
1527 4944 1648 5021 δεῖ
1699 4942 1963 5047 ὀβολῷ
2009 4944 2268 5045 μόνον
2323 4952 2601 5027 πωλεῖν
2668 4945 3133 5051 τιμιώτερον.
3220 4948 3469 5045 Μηδὲ

694 5075 1300 5171 συμπριαμένους
1333 5076 1825 5149 καταθέσθαι
1844 5130 1868 5163 ,
1928 5066 1976 5165 ἢ
2015 5076 2357 5163 θάνατος
2392 5075 2579 5153 ἔστω
2619 5067 2661 5169 ἦ
2706 5077 2952 5173 ζημία.

1421 5200 1732 5303 (Lysias
1772 5200 1943 5295 adv.
1984 5202 2527 5293 frumentarios.
2568 5198 2685 5305 βξ.
2728 5204 2799 5282 6.
2834 5202 2911 5279 8.
2949 5202 3020 5283 9.
3060 5201 3229 5299 13.)
