3725 5850
1283 455 1383 506 ns
1417 429 1987 507 'ramnAncmAJ
2856 429 3009 505 2³7

1541 643 1716 720 936.

469 792 939 868 Trierarchia
993 801 1106 868 est
1158 790 1540 893 publicum
1596 817 1884 867 munus.
1976 790 2293 892 Oportet
2360 790 2559 866 enini
2632 790 3009 865 triremem

266 918 590 994 omnibus
645 919 872 996 rebus
927 916 1023 993 ad
1077 917 1356 992 bellum
1411 916 1842 992 necessariis
1898 917 2339 993 instructam
2392 941 2551 992 esse
2575 973 2593 1010 ,
2656 939 2839 1014 quas
2886 913 3011 992 ille

267 1043 604 1146 praebet,
663 1042 792 1142 qui
827 1043 924 1120 ad
957 1067 1226 1118 munus
1262 1041 1408 1118 hoc
1447 1040 1775 1118 delectus
1814 1053 1947 1120 est.
3007 1037 3016 1044 “

1541 1200 1716 1278 937.

475 1341 932 1445 Τριὴραρχοι
972 1345 1494 1420 καθίστανται
1530 1340 2005 1444 τετρακόσιοι
2043 1341 2373 1418 ἑκάστου
2410 1343 2794 1422 ἐνιαυτοῦ.

1415 1473 1904 1572 (Xenophon.
1940 1473 2165 1575 Resp.
2208 1470 2466 1552 Athen.
2506 1473 2642 1568 III,
2683 1473 2799 1569 4.)

1539 1633 1715 1710 937.

467 1777 952 1856 Trierarchae
993 1779 1544 1856 constituuntur
1581 1780 1980 1880 quotannis
2018 1779 2567 1882 quadringenti.

1545 1940 1720 2016 938.

475 2081 564 2157 Οἱ
603 2083 1005 2184 στρατηγοὶ
1042 2075 1506 2180 τριήραρχον
1544 2079 1986 2158 καθιστᾶσι.

1375 2211 1384 2220 ’
1507 2209 1934 2302 (Demosth.
1974 2208 2138 2287 adv.
2180 2211 2439 2290 Boeot.
2480 2213 2535 2288 Ι.
2577 2209 2795 2303 997.)

1545 2371 1722 2446 938.

469 2516 970 2617 Imperatores
1009 2516 1468 2592 constituunt
1503 2515 2002 2594 trierarcham.

1549 2675 1723 2751 939.

478 2809 678 2901 Τούς
714 2811 1209 2915 τριηράρχους
1246 2809 1388 2890 τὸν
1429 2811 1736 2913 μισθὸν
1773 2821 1909 2890 καὶ
1946 2814 2036 2891 τὸ
2076 2821 2491 2916 σιτηρέσιον
2526 2827 2689 2905 ταῖς
2728 2807 3011 2916 ὑπηρε-

273 2944 458 3041 σίαις
490 2946 626 3017 καὶ
661 2952 822 3030 τοῖς
858 2938 1251 3042 ἐπιβάταις
1291 2938 1488 3040 παρά
1531 2940 1689 3018 τῶν
1727 2942 2165 3047 στρατηγῶν
2202 2941 2643 3043 λαμβάνειν.

1417 3072 1842 3164 (Demosth.
1880 3071 2046 3148 adv.
2086 3070 2487 3173 Polyclem.
2535 3072 2799 3164 1209.)

1542 3232 1718 3310 939.

471 3374 952 3451 Trierarchae
1011 3376 1434 3451 mercedem
1488 3387 1564 3451 et
1618 3386 2115 3451 commeatum
2168 3402 2305 3477 pro
2342 3376 2691 3453 ministris
2730 3376 3011 3452 navali-

272 3499 404 3575 bus
439 3512 510 3577 et
547 3500 936 3577 classiariis
974 3500 1330 3576 militibus
1369 3502 1465 3577 ab
1503 3502 2076 3603 imperatoribus
2114 3502 2502 3607 accipiant.

1545 3665 1722 3741 940.

481 3805 654 3879 Τῶν
679 3806 830 3904 μὲν
869 3802 1178 3879 ναυτῶν
1226 3802 1648 3903 τριάκοντα
1702 3801 2052 3903 δραχμάς
2108 3812 2425 3893 ἕκαστος
2482 3808 2682 3901 ἔχει,
2741 3804 2897 3880 τῶν
2937 3802 3012 3879 δὲ

274 3929 734 4033 τριηράρχων
768 3926 1188 4031 τριάκοντα
1215 3930 1418 4031 μνᾶς
1455 3934 1560 4019 εἰς
1599 3934 1975 4007 ἐπίπλουν
2008 3929 2389 4032 λαμβάνει
2428 3938 2765 4019 ἕκαστος.

1175 4060 1600 4153 (Demosth.
1640 4059 1732 4137 de
1773 4060 2073 4137 Corona
2108 4061 2484 4137 trierarch.
2530 4060 2801 4152 1231.)

1548 4221 1722 4295 940.

472 4368 885 4443 Nautarum
919 4368 1226 4469 quisque
1269 4366 1584 4444 tricenas
1635 4365 2026 4443 drachmas
2083 4366 2391 4469 accipit,
2449 4365 3017 4445 trierarcharum

277 4517 438 4568 vero
475 4494 734 4591 cuique
774 4491 1096 4569 tricenae
1136 4490 1375 4568 minae
1416 4520 1551 4596 pro
1594 4492 2067 4593 expeditione
2107 4492 2319 4567 navis
2356 4506 2851 4570 numerantur.

485 4772 683 4863 Τούς
722 4772 1130 4871 διαδόχους
1168 4770 1470 4855 ἀπιέναι
1508 4780 1628 4850 ἐπὶ
1682 4771 1816 4863 τάς
1874 4773 2104 4865 ναῦς,
2166 4770 2360 4851 ὅταν
2392 4777 3010 4854 κατασταθῶσιν.

1422 4905 1842 4999 (Demosth.
1883 4905 2051 4980 adV.
2094 4904 2487 5007 Polyclem.
2535 4906 2801 4999 1226.)

1551 5068 1728 5145 941.

473 5192 957 5273 Successores
993 5193 1090 5271 ad
1125 5218 1358 5273 naves
1393 5196 1689 5291 abeant,
1731 5220 1955 5297 quum
1978 5195 2295 5299 primum
2324 5194 2602 5273 fuerint
2621 5192 3011 5294 designati.
