3725 5850
1388 444 1491 495 ns
1527 440 1958 493 MAmchS.
2903 412 3056 493 289

304 628 547 722 τόνδε,
624 626 671 723 ἢ
716 628 1237 734 μεταποιήσῃ,
1315 626 1566 710 αὐτὸν
1622 622 1908 729 ἄτιμον
1962 626 2164 705 εἶναι
2217 634 2356 704 καὶ
2433 628 2707 716 παῖδας
2762 634 2902 704 καὶ
2955 626 3051 707 τά

299 762 609 837 ἐκείνου.
1584 756 2006 855 (Demosth.
2045 785 2105 839 c.
2148 757 2575 839 Aristocrat.
2617 756 2840 854 640.)

1554 921 1787 999 1145.

493 1066 933 1167 Quicunque
968 1068 1446 1166 magistratus
1483 1078 1613 1144 aut
1658 1067 1997 1168 privatus
2055 1078 2318 1147 auctor
2371 1067 2596 1145 fuerit
2647 1066 2908 1147 harum
2947 1065 3052 1145 le-

296 1217 463 1290 gum
496 1189 1237 1295 perfringendarum,
1297 1192 1421 1269 vel
1456 1218 1583 1269 eas
1620 1191 2060 1285 mutaverit,
2112 1192 2526 1292 ignominia
2562 1202 2859 1272 notetur
2897 1202 3055 1269 tum

296 1320 447 1421 ipse
480 1328 633 1397 tum
672 1316 889 1397 liberi
927 1328 1087 1395 tum
1124 1342 1245 1395 res
1282 1318 1445 1419 ejus
1484 1315 2004 1420 publicandae.

1549 1478 1779 1556 1146.

492 1618 913 1721 Μηδεμίαν
966 1650 1123 1699 των
1178 1620 1434 1719 φόνου
1492 1618 1991 1721 ἀδικημάτων
2046 1624 2533 1720 προθεσμίαν
2569 1616 2814 1711 εἶναι,
2875 1614 3045 1693 ἀλλ’

294 1746 422 1821 ει’τ’
456 1740 699 1837 εὐθύς
735 1748 886 1825 εἴτε
921 1744 1225 1895 χρόνῳ,κ
1245 1779 1357 1837 τις
1411 1759 1885 1847 τιμωρεῖται,
1943 1744 2234 1824 τοῦτον
2288 1744 2406 1823 δεῖ
2455 1741 3044 1834 ἀποδεικνύναι,

296 1904 391 1961 ως
424 1869 515 1950 οὐ
555 1877 922 1967 πεποίηκε
960 1904 1124 1977 περι
1163 1903 1278 1950 ων
1313 1880 1523 1951 ἐστιν
1564 1865 1603 1969 ἧ
1648 1876 1883 1951 αἰτία.

1760 2003 2068 2104 (Lysias
2105 2028 2172 2080 c.
2209 2000 2511 2103 Agorat.
2552 1997 2620 2103 ξ.
2661 1999 2832 2094 83.)

1555 2161 1785 2261 1146.

491 2306 763 2385 Caedis
804 2307 1239 2384 criminibus
1296 2306 1769 2386 vindicandis
1822 2307 2114 2384 nullum
2167 2316 2466 2407 tempus
2521 2317 2638 2382 est
2691 2303 3047 2381 constitu-

291 2445 477 2529 tum3
530 2430 661 2512 sed
699 2432 855 2510 sive
894 2431 1059 2534 quis
1097 2432 1483 2535 exemplo,
1520 2432 1680 2509 sive
1720 2433 1958 2509 serius
1999 2458 2280 2533 poenas
2319 2442 2602 2525 sumat,
2641 2456 2770 2506 reo
2809 2428 3048 2505 cuivis

288 2558 577 2635 omnino
616 2558 759 2635 hoc
794 2571 909 2635 est
964 2556 1631 2639 demonstrandum
1651 2616 1670 2652 ,
1727 2583 1809 2635 se
1871 2557 2128 2658 utique
2187 2583 2280 2635 ea
2331 2582 2483 2633 non
2531 2566 3044 2663 perpetrasse,

290 2710 591 2795 quorum
628 2710 799 2763 reus
837 2684 1139 2763 sistitur.

1478 2892 1847 2984 Μέροςζ.

1164 3020 1427 3109 Περὶ
1504 3019 2152 3109 κακούργων.

1562 3175 1769 3188 .............

1490 3273 1713 3339 Pars
1773 3281 1832 3346 7.

1322 3397 1447 3466 De
1510 3397 1996 3464 maleficis.

488 3705 947 3811 Κακοῦργοί
986 3711 1183 3783 εἰσιν
1222 3705 1597 3806 ἱερόσυλοι
1635 3707 1775 3778 καὶ
1814 3699 2426 3806 ἀνδραποδισταὶ
2461 3707 2601 3778 καὶ
2660 3699 3038 3803 τοιχωρύ-

279 3859 405 3926 χοι
444 3835 582 3906 καὶ
620 3826 1120 3934 ἀποστερηταὶ
1157 3835 1294 3906 καὶ
1334 3835 1671 3908 κλέπται.

1670 3957 1950 4052 (Plato.
1991 3956 2321 4058 Respub.
2363 3983 2436 4056 p.
2481 3956 2656 4032 344.
2697 3956 2826 4048 Β.)

1546 4118 1774 4194 1147.

488 4264 805 4342 Malefici
844 4273 1016 4340 sunt
1070 4263 1449 4362 sacrilegi,
1507 4260 1892 4366 plagiarii,
1948 4263 2316 4363 parietum
2356 4261 2859 4364 perfossores,
2919 4289 3029 4341 ra-

288 4401 529 4492 ptores
567 4400 643 4468 et
678 4389 893 4466 fures.

1549 4491 1583 4568 1
1604 4495 1774 4572 148.

477 4632 668 4713 Ἐἀν
704 4665 813 4724 τις
850 4633 943 4712 τά
982 4634 1142 4735 ἶερά
1198 4641 1526 4735 κλέπτῃ,
1583 4642 1960 4734 κριθέντα
2015 4643 2100 4713 ἐν
2156 4634 2664 4740 δικαστηρίῳ,
2720 4633 2822 4715 ἂν
2877 4668 3029 4715 κα·-

288 4759 687 4867 ταγνωσθῇ
711 4818 733 4854 ,
782 4761 889 4862 μὴ
926 4761 1263 4858 ταφῆναι
1303 4769 1388 4846 ἐν
1423 4761 1515 4860 τῇ
1562 4757 1927 4860 Ἀττικῇ·
1970 4760 2064 4837 τά
2104 4761 2181 4840 δὲ
2208 4760 2567 4863 χρήματα
2605 4759 2853 4841 αὐτοῦ
2894 4762 3026 4856 δη-

282 4886 501 4986 μόσια
536 4884 753 4968 εἶναι.
1551 4891 2041 4993 (Xenophon.
2080 4892 2246 4970 hist.
2284 4918 2396 4994 gr.
2435 4894 2494 4989 I,
2534 4891 2606 4988 7,
2645 4892 2812 4984 22.)

1548 5048 1769 5128 1148.

490 5177 567 5260 Si
602 5177 763 5284 quis
799 5163 917 5254 res
936 5197 1183 5260 sacras
1202 5177 1400 5260 furto
1422 5175 1892 5276 subtraxerit,
1933 5203 2156 5259 causa
2173 5203 2311 5285 pro
2331 5177 2680 5259 tribunali
2717 5181 3022 5282 cognita

2515 5300 2598 5370 19
