3725 5850
1283 479 1386 528 DE
1421 477 1981 530 TnlssnAncmA.
2858 449 3011 524 239

1539 671 1714 745 946.

461 813 886 890 Trierarohi
940 812 1036 889 ad
1091 813 1463 910 singulam
1519 813 1897 890 triremem
1954 823 2313 890 vocentur
2372 811 2668 905 sedeni,
2732 837 2772 885 e
2830 807 3011 883 elas-

278 943 440 1016 sium
473 937 1102 1015 contributoribus
1125 993 1144 1031 ,
1200 963 1246 1013 a
1304 939 1629 1038 quinque
1687 948 1763 1014 et
1814 938 2085 1038 viginti
2142 939 2356 1014 annis
2412 961 2645 1036 usque
2702 935 2799 1012 ad
2834 959 3011 1035 qua·

277 1066 637 1168 draginta,
697 1065 824 1165 qui
863 1089 956 1141 ex
992 1087 1230 1164 aequo
1269 1063 1768 1167 suppeditent.

1541 1223 1720 1302 947.

471 1364 674 1454 Τούς
725 1363 1224 1465 τριηράρχους
1278 1368 1666 1466 αἱρεῖσθαι
1722 1370 1841 1444 ἐπὶ
1898 1361 2043 1458 τὴν
2093 1364 2349 1466 τριήρη
2387 1360 2543 1440 ἀπὸ
2581 1362 2706 1456 τῆς
2744 1357 3013 1447 οὐσίας

281 1491 464 1570 κατά
505 1498 816 1593 τίμησιν
851 1488 1006 1567 ἀπὸ
1041 1489 1445 1570 ταλάντων
1482 1490 1708 1567 δέκα·
1749 1488 1893 1569 ἐὰν
1930 1490 2005 1567 δὲ
2046 1489 2420 1568 πλειόνων
2459 1484 2501 1582 ἦ
2543 1486 2776 1566 οὐσία
2811 1484 3012 1562 ἄπο-

284 1625 696 1720 τετιμημένη
729 1611 781 1717 ᾗ
808 1616 1271 1719 χρημάτων,
1329 1614 1534 1694 κατὰ
1589 1616 1734 1696 τὸν
1789 1615 2320 1725 ἀναλογισμὸν
2356 1624 2487 1706 ἕως
2522 1614 2755 1716 τριῶν
2789 1617 3015 1690 πλοί-

284 1775 376 1822 ων
405 1751 538 1821 καὶ
573 1736 1045 1845 ὖπηρετικοῦ
1085 1737 1128 1838 ἦ
1173 1749 1608 1850 λειτουργία
1647 1746 1835 1821 ἔστω
1859 1767 1877 1786 ·
1931 1741 2139 1820 κατὰ
2193 1739 2339 1834 τὴν
2394 1739 2643 1834 αὐτὴν
2687 1740 2767 1818 δὲ
2813 1735 3013 1817 ἅνα-

283 1877 534 1977 λογίαν
571 1873 758 1947 ἔστω
797 1876 932 1946 καὶ
975 1867 1090 1958 οἷς
1126 1868 1463 1947 ἐλάττων
1499 1867 1733 1947 οὐσία
1769 1875 1927 1947 ἐστὶ
1966 1870 2125 1946 τῶν
2172 1867 2359 1946 δέκα
2413 1867 2851 1959 ταλάντων,
2910 1871 3017 1954 εἰς

285 2004 694 2076 συντέλειαν
731 2001 1280 2101 συναγομένοις
1317 1999 1422 2082 εἰς
1459 1993 1552 2070 τοὶ
1597 1993 1782 2072 δέκα
1819 1994 2182 2075 τάλαντα.

829 2129 1248 2223 (Demosth.
1289 2128 1382 2205 de
1423 2127 1739 2208 Corona.
1779 2130 1959 2207 262.
2016 2131 2177 2209 Lex
2214 2128 2804 2221 Demosthenis.)

1543 2291 1720 2369 947.

466 2433 890 2512 Trierarohi
947 2435 1041 2512 ad
1097 2435 1472 2534 singulam
1529 2435 1911 2512 triremem
1966 2433 2343 2537 deligendi
2400 2447 2573 2512 sunt
2612 2461 2650 2512 e
2688 2460 2767 2511 re
2806 2434 3016 2511 fami-

280 2559 422 2636 liari
473 2561 880 2636 secundum
937 2585 1278 2656 censum,
1338 2587 1384 2636 a
1420 2561 1632 2637 denis
1669 2559 1990 2637 talentis.
2067 2562 2287 2655 Quod
2344 2561 2404 2638 si
2463 2586 2581 2636 res
2637 2559 3017 2637 familiaris

283 2684 487 2786 pluris
520 2687 911 2761 aestimata
949 2685 1212 2782 fuerit,
1269 2712 1538 2762 munus
1575 2685 1653 2761 id
1690 2714 1826 2788 pro
1863 2689 2210 2788 portione
2250 2686 2347 2765 ad
2381 2699 2633 2764 ternas
2674 2710 2907 2760 naves
2944 2694 3019 2760 et

285 2809 612 2910 scapham
647 2811 1189 2911 progrediatur.
1271 2809 1554 2888 Eadem
1608 2813 1794 2888 ratio
1853 2826 2193 2890 servetur
2250 2826 2323 2889 et
2378 2814 2456 2890 in
2512 2812 2642 2907 iis,
2704 2837 3017 2915 quorum

286 2962 522 3013 census
578 2938 838 3013 decem
889 2937 1191 3013 talentis
1251 2949 1362 3014 est
1399 2940 1680 3035 minor,
1741 2950 1824 3015 ut
1860 2940 2303 3017 contributis
2342 2940 2545 3033 aliis,
2608 2937 2863 3015 decem
2898 2947 3007 3013 ta-

281 3062 464 3139 lenta
497 3062 952 3165 expleantur.

1545 3175 1722 3251 948.

491 3310 598 3389 Τὰ
639 3311 874 3405 σκεύη
912 3311 1030 3391 δεῖ
1065 3321 1422 3414 παρέχειν
1458 3312 1601 3406 τὴν
1639 3313 1868 3392 πόλιν
1906 3327 2063 3404 τοῖς
2100 3316 2593 3417 τριηράρχοις.

1408 3446 1834 3539 (Demosth.
1874 3446 1967 3520 de
2006 3472 2253 3521 coron.
2292 3447 2491 3523 trier.
2538 3444 2804 3533 1229.)

1553 3608 1731 3684 948.

472 3744 953 3824 Armamenta
987 3748 1248 3824 civitas
1287 3749 1646 3850 praebeat
1682 3752 2091 3827 triremium
2128 3752 2548 3853 praefectis..

1551 3913 1728 3989 949.

473 4045 656 4123 Εἶτα
696 4048 1146 4151 πληρώμαθ’
1185 4046 1226 4146 ἦ
1271 4053 1484 4141 πόλις
1523 4060 1848 4156 παρέχει.

1782 4186 2209 4280 (Demosth.
2250 4187 2327 4261 in
2366 4186 2541 4262 Mid.
2585 4187 2808 4281 565.)

1549 4328 1728 4406 949.

470 4464 760 4542 Deinde
817 4468 1362 4572 complementa
1421 4470 1883 4564 (classiarios
1922 4483 1998 4548 et
2034 4475 2333 4569 nautas)
2382 4472 2808 4573 respublica
2845 4499 3017 4580 sup-

277 4588 554 4685 peditat.

482 4837 680 4927 Τούς
706 4846 860 4941 μὲν
896 4843 1053 4919 τῶν
1089 4850 1426 4944 νεωρίων
1462 4842 1910 4943 ἐπιμελητάς
1950 4842 2433 4945 παραδοῦναι
2473 4859 2630 4935 τοῖς
2669 4845 3016 4950 τριηράρ-

269 4988 436 5053 χοις
466 4960 596 5050 τὰς
631 4966 823 5053 ναῦς
859 4974 997 5042 καὶ
1048 4967 1144 5044 τοὶ
1202 4968 1478 5060 σκεύη,
1536 4968 1722 5057 τούς
1760 4968 1835 5045 δὲ
1876 4970 2371 5072 τριηράρχους
2410 4973 3021 5074 παρασκευάζειν

283 5081 404 5174 τὰς
441 5088 624 5177 ναῦς
662 5096 785 5167 ἐπὶ
819 5090 962 5170 τὸν
999 5097 1360 5175 ἔκπλουν.

1277 5225 1662 5326 (Inscript.
1701 5234 1903 5305 naut.
1942 5252 2060 5331 ap.
2100 5228 2435 5306 Boeekh.
2472 5256 2547 5331 p.
2589 5230 2806 5327 462.)
