3725 5850
653 374 812 458 58⁰
1155 360 1163 367 ’
1487 400 1973 455 conum-ru
1984 401 2103 451 ms
2143 400 2253 451 An
2284 396 2415 452 ooo.
2452 395 2583 450 σοί.

647 595 1011 673 cabantur
1030 652 1050 690 ‚
1105 594 1380 672 licebat
1427 593 1495 671 ei
1515 650 1534 688 ‚
1593 594 1722 693 qui
1759 590 2159 695 pecuniam
2195 599 2525 665 mutuam
2562 589 2707 692 ipsi
2744 588 3057 667 dederat
3078 647 3097 686 ‚
3161 590 3239 665 in
3276 616 3437 667 me·

649 720 850 796 dium
886 718 1232 821 prodire,
1273 718 1642 795 dicentem
1681 717 1823 795 sibi
1861 716 2195 793 debitum
2230 715 2310 790 in
2346 715 2509 817 ejus
2544 714 2763 793 bonis
2802 713 3085 793 deberi.
3154 715 3250 792 Et
3286 716 3441 793 hoc

648 856 962 921 vocatur
997 844 1566 921 vindicatio
1618 855 1693 919 et
1729 842 2325 935 vindicare.)

859 986 1084 1067 Actio
1123 986 1544 1089 hujusmodi
1582 987 1808 1063 etiam
1847 980 2296 1057 διαδικασία
2338 986 2751 1063 vocabatur
2773 1043 2792 1081 ‚
2854 996 2938 1061 ut
2974 985 3235 1063 dicunt
3270 986 3437 1062 Le-

647 1113 866 1189 xica
903 1113 1211 1213 Seguer.
1252 1142 1324 1215 p.
1347 1113 1545 1188 236:
1587 1106 2037 1183 διαδικασία
2075 1113 2369 1211 λέγεται
2408 1102 2600 1183 ὅταν
2640 1104 3141 1204 δημευθείσης
3158 1102 3439 1192 οὐσίας

645 1230 1047 1327 δικάζηταί
1084 1266 1196 1321 τις
1233 1232 1418 1332 πρὸς
1453 1230 1544 1309 τὸ
1585 1231 1953 1327 δημόσιον
1974 1290 1996 1329 ,
2056 1224 2161 1320 ὥς
2196 1229 2724 1330 ὀφειλομένων
2758 1226 2979 1329 αὐτῷ
3007 1226 3441 1329 χρημάτων

641 1364 730 1435 ἄν
763 1358 856 1456 τῇ
897 1358 1362 1459 &mcxv-mm
1400 1354 1657 1459 οὐσίᾳ.
1735 1356 2247 1458 (Διαδικασία
2286 1358 2555 1437 dicitur
2592 1384 2825 1459 quum
2860 1357 3259 1460 publicatis
3296 1357 3435 1432 bo·

643 1487 762 1563 nis
803 1488 1090 1587 jndicio
1147 1486 1533 1565 contendit
1579 1487 1844 1588 aliquis
1882 1512 2055 1563 cum
2092 1484 2479 1587 republica
2499 1542 2516 1577 ‚
2574 1481 2777 1583 quod
2814 1480 3239 1559 debeantur
3276 1481 3429 1582 ipsi

641 1616 1004 1712 pecuniae
1045 1640 1086 1689 e
1123 1611 1342 1689 bonis
1379 1611 1850 1714 publicatis.)

1813 1778 1967 1885 ‘aa
2015 1800 2245 1883 eoo.

854 1970 908 2048 S
931 1970 1212 2049 uidas
1247 1995 1304 2046 s.
1345 1998 1416 2045 v.
1457 1962 1855 2069 ἀγραφίου
1878 1995 1903 2037 .·
1961 1966 2287 2043 Nomina
2320 1966 2618 2043 illorum
2656 1963 2785 2065 qui
2820 1964 3175 2043 mulctam
3216 1990 3432 2041 aera·

637 2096 748 2173 rio
785 2096 1171 2173 debebant
1206 2096 1479 2171 tabulis
1533 2094 2050 2171 inscribebant
2090 2092 2263 2167 huic
2302 2092 2607 2190 negotio
2644 2116 2784 2193 pro
2822 2100 3163 2193 tempore
3204 2116 3429 2193 prae·

637 2220 902 2320 positi,
961 2220 1216 2295 addito
1251 2232 1616 2320 quantum
1651 2219 2121 2318 singulorum
2160 2228 2357 2295 esset
2394 2218 2668 2297 debito.

1821 2447 1974 2533 Ad
2031 2450 2242 2531 001.

850 2615 1210 2712 Tributa‚
1287 2642 1478 2716 quae
1545 2616 1836 2692 alienae
1894 2614 2237 2691 civitates
2293 2614 2877 2693 Atheniensibus
2934 2611 3423 2716 pendebant,

634 2740 917 2841 primus
975 2740 1314 2817 definivit
1363 2741 1727 2817 Aristides
1751 2798 1770 2835 ‚
1827 2752 2017 2817 teste
2054 2740 2499 2843 Thucydide
2548 2740 2685 2833 (V,
2736 2740 2913 2832 18):
2968 2731 3107 2821 τὰς
3146 2730 3225 2809 δὲ
3268 2728 3421 2807 πόα

632 2865 786 2950 λαις
839 2860 1224 2962 φερούσας
1267 2861 1412 2939 τὸν
1467 2863 1720 2964 φόρον
1774 2860 1954 2942 τὸν
2026 2870 2159 2940 ἐπ’
2223 2858 2869 2960 Ἀριστείδου
2924 2855 3425 2958 αὐτονόμους

631 2985 852 3067 εἶναι.

845 3117 1073 3194 'Peste
1130 3117 1536 3196 Plutarcho
1597 3118 1760 3213 (Ar
1780 3119 1804 3193 i
1827 3145 1862 3194 s
1884 3118 1959 3193 ti
1980 3116 2049 3194 d.
2090 3117 2235 3209 24)
2294 3114 2569 3194 Graeci
2608 3115 3011 3195 Aristidem
3048 3117 3147 3192 ab
3186 3112 3420 3192 Athe-

631 3242 1016 3318 niensibus
1068 3244 1482 3344 petierunt,
1543 3243 1665 3343 qui
1723 3268 1945 3341 agros
2002 3252 2079 3317 et
2134 3240 2412 3318 reditus
2469 3240 2911 3341 inspiceret,
2970 3267 3061 3318 ac
3098 3238 3421 3346 proinde

629 3367 1029 3467 unicnique
1067 3369 1232 3444 urbi
1271 3393 1408 3468 pro
1465 3368 1626 3468 ejus
1685 3366 2166 3444 facultatibus
2220 3364 2663 3468 pensionem
2717 3363 3103 3443 indiceret.
3180 3364 3413 3443 Athe-

628 3492 999 3568 niensium
1053 3493 1238 3572 socii
1294 3491 1654 3567 tributum
1705 3492 1802 3567 ab
1843 3489 2165 3568 Aristide
2213 3491 2646 3592 impositum
2682 3491 3121 3568 felicitatem
3158 3513 3413 3590 quam-

631 3616 804 3691 dam
825 3615 1190 3693 Graeciae
1230 3613 1689 3692 nominando
1730 3610 2239 3708 celebrabant,
2280 3615 2596 3692 maxime
2638 3641 2809 3691 cum
2848 3615 2925 3692 id
2964 3615 3201 3691 multo
3242 3623 3415 3716 post

627 3753 960 3842 tempore
1001 3740 1310 3841 duplum
1349 3754 1572 3841 atque
1621 3739 1796 3816 inde
1850 3737 2153 3841 triplum
2212 3739 2661 3840 exigeretur.
2737 3737 3085 3816 Aristidis
3122 3762 3412 3816 summa

627 3875 788 3942 erat
841 3865 1288 3942 talentorum
1347 3865 1641 3941 circiter
1695 3862 2414 3975 quadringentorum
2490 3865 2881 3966 sexaginta
2914 3890 2935 3962 ς
3008 3863 3183 3940 hnic
3254 3864 3407 3941 fere

623 3992 966 4068 trientem
1007 3991 1293 4068 addidit
1330 3991 1655 4067 Pericles
1678 4049 1695 4084 ‚
1737 3987 2107 4091 siquidem
2142 3984 2627 4094 Thucydides
2662 3992 2768 4067 ait
2806 3991 2944 4087 (ΙΙ,
2994 3991 3136 4083 13)
3173 3987 3404 4066 Athe-

625 4115 1010 4192 niensibus
1049 4143 1096 4191 a
1131 4116 1351 4191 sociis
1390 4116 1674 4191 talenta
1711 4115 2018 4191 rediisse
2057 4127 2440 4192 sexcenta.
2500 4117 2795 4193 Mortuo
2834 4113 3129 4194 Pericle
3150 4175 3169 4212 ,
3211 4143 3401 4192 sum-

626 4266 752 4315 ma
787 4242 882 4316 ab
920 4241 1050 4336 iis,
1110 4243 1234 4340 qui
1291 4241 1656 4341 populum
1711 4241 2198 4317 concionibus
2254 4242 2617 4339 regebant
2638 4300 2657 4337 ‚
2715 4242 2813 4319 ad
2870 4242 3073 4319 mille
3132 4251 3209 4318 et
3260 4255 3401 4318 tre·

624 4377 845 4440 centa
877 4364 1156 4442 talenta
1191 4379 1306 4441 est
1341 4364 1702 4462 adducta,
1761 4391 1913 4442 non
1965 4379 2119 4442 tam
2154 4365 2360 4443 bello
2398 4368 2497 4443 ob
2538 4366 3006 4447 durationem
3044 4380 3123 4445 et
3162 4370 3403 4445 varios

623 4515 838 4566 casus
887 4502 1136 4566 tantos
1192 4501 1534 4591 sumptus
1589 4492 2020 4592 postulante
2042 4551 2061 4588 ‚
2120 4518 2347 4592 quam
2384 4493 2667 4595 populo
2710 4494 2811 4570 ab
2844 4494 2934 4571 iis
2970 4493 3068 4570 ad
3106 4492 3395 4569 divisio-

611 4637 752 4690 nes
790 4615 1280 4716 pecuniarum
1303 4671 1320 4704 ‚
1381 4613 1717 4693 theorica
1755 4629 1830 4692 et
1867 4618 2433 4695 simulacrorum
2470 4645 2557 4694 ac
2612 4620 3061 4720 templorum
3116 4629 3394 4696 exstru-

619 4739 906 4814 ctiones
945 4739 1352 4838 exigendas
1390 4737 1658 4818 illecto.

831 4864 1395 4964 Descriptiones
1479 4863 1931 4942 tributorum
2016 4892 2063 4942 a
2132 4869 2353 4945 sociis
2444 4869 2857 4945 solutorum
2950 4869 3125 4946 vide
3198 4867 3389 4971 apud

613 4988 1231 5098 Boeckhium.
1305 4987 1666 5082 (Staatsh.
1725 4991 1794 5066 d.
1855 4991 2124 5071 Athen.
2182 4991 2397 5067 Tom.
2460 4995 2553 5070 ΙΙ.
2630 5021 2701 5094 p.
2762 4993 2917 5067 369
2998 5019 3235 5094 nsque
3290 4991 3381 5068 ad

615 5115 910 5206 finem.)
