3725 5850
628 416 783 496 316
1712 438 1837 489 ms
1874 434 2291 491 Punuctm.

619 656 859 733 neque
896 634 973 707 in
1012 626 1429 707 custodiam
1464 652 1707 728 neque
1742 628 1823 703 in
1879 628 2182 707 vincula
2235 626 2561 707 dandum
2617 644 2822 726 esse;
2877 626 3079 730 quod
3117 628 3178 705 si
3213 630 3362 731 quis

619 758 1049 853 violaverit,
1106 754 1395 855 ingenti
1430 754 1709 830 mulcta
1746 750 2134 854 plectatur.

1885 915 2112 991 1242.

832 1052 1209 1142 Δικαστὰς
1246 1050 1401 1130 ἀπὸ
1441 1051 1849 1155 συμβόλων
1887 1052 2331 1159 εἰσάγουσιν
2367 1058 2443 1131 οἱ
2484 1060 2978 1155 θεσμοθέται.

2401 1186 2710 1279 (Pollux
2748 1186 2960 1281 xm,
2999 1185 3166 1277 88.)

1898 1291 2126 1371 1242.

831 1436 1421 1539 Reciperationis
1446 1437 1739 1537 judices
1776 1436 2140 1515 inducunt
2175 1437 2772 1515 Thesmothetae.

1895 1597 2124 1675 1243.

841 1736 953 1813 Τά
993 1737 1345 1837 σύμβολα
1380 1734 1613 1836 κύρια
1650 1734 1872 1827 εἶναι,
1911 1734 2220 1814 ἐπειδᾶν
2256 1745 2344 1815 ἐν
2373 1739 2482 1841 τῷ
2526 1738 2987 1841 δικαστηρίῳ
3023 1738 3365 1839 κυρωθῇ.

1907 1868 2327 1962 (Demosth.
2370 1868 2460 1946 de
2501 1869 2958 1947 Halonneso.
3000 1868 3165 1961 ⁷8.)

1895 2029 2126 2109 1243.

831 2173 1298 2275 Reciperatio
1338 2183 1503 2249 rata
1538 2183 1739 2269 esto,
1800 2173 1927 2249 ubi
1963 2174 2044 2249 in
2068 2172 2353 2273 judicio
2392 2174 2830 2249 confirmata
2866 2173 3109 2250 fuerit.

1899 2353 2122 2427 1244.

822 2484 1234 2581 Ἀθηναῖοι
1276 2483 1429 2564 ἀπὸ
1470 2484 1882 2589 συμβόλων
1918 2487 2434 2583 δικαζέτωσαν
2478 2501 2637 2579 τοῖς
2673 2482 3064 2581 ὑπηκόοις.

1885 2620 2228 2714 (Bekker
2264 2618 2549 2698 Anecd.
2587 2647 2698 2721 gr.
2740 2621 2798 2698 Ι.
2837 2648 2909 2722 p.
2950 2619 3164 2712 436.)

1893 2782 2118 2859 1244.

830 2922 1325 3002 Athenienses
1401 2924 1809 3002 secundum
1876 2936 2099 3026 pacta
2169 2935 2544 3003 conventa
2593 2925 2936 3026 judicent
2988 2925 3156 3002 lites
3211 2925 3370 3001 sub·

620 3051 957 3129 ditorum.

1885 3158 2109 3234 1245.

612 3391 615 3394 ῃ
807 3293 1364 3392 ’Ἑκκλητος
1420 3295 1675 3388 πόλις,
1736 3289 1832 3390 ἣν
1869 3292 1972 3372 ἂν
2007 3299 2449 3372 ἐκκαλεῖταί
2495 3326 2603 3383 τις
2658 3299 2764 3384 εἰς
2813 3294 2904 3372 τὸ
2961 3298 3368 3398 κρίνεσθαι

618 3423 970 3517 δηλονότι
1005 3421 1145 3516 τὴν
1182 3423 1478 3522 πρώτην
1516 3419 1609 3498 οὐ
1654 3427 1985 3526 στέργων
2033 3423 2334 3521 κρίσιν,
2392 3412 2493 3508 ὦς
2531 3419 2715 3522 πρὸς
2755 3423 3055 3523 ἔχθραν
3093 3425 3369 3521 κρίνα-

617 3575 763 3627 σαν
817 3545 864 3643 ἢ
918 3545 1101 3649 πρὸς
1143 3553 1423 3649 χάριν·
1482 3551 1719 3639 ἔξεστι
1778 3547 1855 3622 δὲ
1913 3557 2070 3634 τοῖς
2116 3550 2264 3646 μὲν
2320 3553 2558 3639 ξένοις
2607 3553 3114 3624 ἐκκαλεῖσθαι
3153 3543 3375 3623 πόλιν

618 3669 903 3767 ἄλλην,
959 3685 1117 3761 τοῖς
1157 3672 1235 3751 δὲ
1274 3677 1617 3760 πολίταις
1657 3669 1942 3752 οὐκέτι.
2360 3677 2826 3779 (Etymolog.
2867 3675 3162 3776 Magn.)

1904 3838 2126 3915 1245.

829 3980 1246 4060 Provocata
1302 3979 1567 4059 civitas
1624 3993 1739 4058 est
1792 3983 1890 4060 ad
1943 4007 2166 4085 quam
2213 3981 2376 4083 quis
2421 3981 2685 4085 judicii
2723 4005 2946 4058 causa
2981 3991 3372 4081 provocat,

618 4108 743 4207 qui
780 4109 1064 4209 primae
1103 4111 1516 4186 sententiae
1556 4111 1713 4186 sive
1752 4135 1843 4188 ex
1883 4108 2055 4186 odio
2093 4109 2246 4186 sive
2271 4135 2310 4184 e
2344 4109 2672 4209 partium
2707 4108 2951 4184 studio
2989 4108 3184 4184 latae
3223 4133 3374 4184 non

616 4234 1035 4334 acquiescit.
1110 4235 1321 4310 Licet
1356 4246 1607 4312 autem
1640 4236 2059 4337 peregrinis
2105 4233 2568 4312 solummodo
2606 4232 2702 4311 ad
2737 4235 2960 4312 aliam
3001 4234 3374 4312 civitatem

619 4384 1070 4462 provocare,
1128 4388 1283 4437 non
1321 4361 1545 4439 etiam
1582 4361 1889 4438 civibus.

1889 4521 2117 4601 1246.

818 4659 1151 4768 Ἀγορᾶς
1186 4668 1323 4742 καὶ
1360 4667 1689 4768 λιμένων
1724 4665 2117 4771 εἴργεσθαι
2163 4667 2301 4737 καὶ
2355 4658 2932 4745 ἀπελαύνεσθαι
2953 4719 2978 4755 ,
3035 4659 3242 4763 παρὰ
3285 4655 3368 4737 τοὶ

617 4785 849 4864 κοινοὶ
893 4786 1159 4865 δίκαιά
1198 4797 1374 4868 ἐστι.
1879 4903 2082 4978 1246
2235 4793 2655 4885 (Plutarch.
2696 4794 2956 4870 Pericl.
2993 4795 3160 4886 29.)

825 5047 1041 5123 Foris
1132 5057 1207 5124 et
1296 5047 1659 5149 portubus
1752 5047 2128 5148 prohiberi
2216 5057 2292 5123 et
2364 5045 2592 5124 arceri
2673 5045 2890 5124 nefas
2967 5056 3126 5124 esto
3203 5039 3368 5146 jure

618 5173 974 5278 gentium.
