3725 5850
719 432 872 507 524
1473 457 2092 511 οοΜΜεΝΤΑιυυε
2142 455 2237 503 m
2278 452 2403 505 ειη.
2444 452 2567 505 341.
2610 455 2737 507 845.

929 649 1312 725 Demosth.
1370 652 1448 725 in
1507 652 1779 747 Everg.
1839 659 1918 724 et
1972 646 2283 723 Mnesib.
2326 673 2395 748 p.
2446 645 2689 721 1161:
2744 638 3041 719 κελεύει
3098 636 3143 720 ὅ
3206 641 3467 741 νόμος,

711 766 892 857 τούς
931 770 1456 869 προσήκοντας
1493 778 1858 863 ἐπεξιέναι
1892 774 2120 869 μέχρι
2158 764 2627 869 ἀνεψιαδῶν.

927 917 1193 995 Pollux
1259 920 1468 1010 VIII,
1523 918 1714 997 118:
1773 913 2031 1011 φόνου
2088 914 2157 989 δ’
2216 916 2504 1005 ἔξεστιν
2560 918 2927 1004 ἐπεξιέναι
2977 920 3247 1011 μέχρις
3302 909 3469 989 ἆνε-

709 1037 960 1139 ψιῶν,
1033 1046 1173 1117 καὶ
1228 1048 1314 1117 ἐν
1369 1041 1476 1143 τῷ
1541 1038 1752 1142 ὅρκῳ
1826 1038 2445 1140 προσεπερωτᾶν,
2523 1042 2634 1127 τίς
2692 1038 3104 1137 προσήκων
3160 1045 3317 1115 ἐστὶ
3369 1039 3469 1139 τῷ

703 1166 1108 1243 τεθνεῶτι·
1164 1162 1325 1267 κᾶν
1360 1171 1658 1261 οἰκέτης
1691 1160 1784 1267 ᾗ,
1843 1172 2338 1257 ἐπισκήπτειν
2373 1162 2968 1270 συγκεχώρηται.

919 1312 1202 1411 Legem
1241 1341 1288 1393 a
1322 1315 1831 1393 Demosthene
1879 1316 2181 1391 citatam
2218 1312 2629 1411 genuinam
2664 1311 2891 1389 fuisse
2914 1369 2933 1405 ‚
2990 1320 3203 1412 patet
3240 1336 3335 1387 ex
3369 1311 3467 1385 in·

703 1438 1110 1539 scriptione
1147 1465 1458 1537 graeca,
1497 1466 1720 1541 quam
1761 1438 2081 1517 Pittakis
2116 1438 2195 1515 in
2240 1432 2692 1533 Ἐφημερίδι
2732 1429 3309 1536 ἀρχαιολογικῇ
3342 1436 3469 1511 sub

701 1587 1016 1641 numero
1055 1564 1318 1659 888-0,
1359 1576 1436 1641 et
1470 1565 1837 1663 Rangabe
1876 1565 1953 1643 in
1990 1564 2184 1641 libro
2222 1560 2815 1663 Antiquites
2852 1560 3469 1660 helleniques

701 1689 843 1765 sub
881 1712 1187 1766 numere
1227 1691 1382 1764 259
1419 1690 1568 1767 luci
1624 1689 1971 1792 publicae
2027 1685 2435 1782 dederunt,
2492 1687 2597 1764 ibi
2652 1686 2855 1765 enim
2906 1686 3095 1763 haec
3151 1685 3275 1761 lex
3326 1684 3465 1761 fere

699 1810 791 1889 de
827 1813 1058 1892 verbo
1097 1814 1192 1894 ad
1231 1815 1544 1893 verbum
1581 1817 2023 1895 continetur.
2096 1814 2249 1893 Sed
2284 1842 2425 1917 pro
2470 1807 3073 1889 αἰδεσάσθωσων
3110 1812 3467 1914 reperitur

696 1936 776 2013 in
811 1937 1064 2039 lapide
1136 1942 1476 2015 ἐσέσθων
1511 1940 1991 2036 (immittant,
2036 1941 2357 2017 reditum
2402 1940 2882 2033 concedant).

913 2064 1028 2141 cf.
1067 2064 1486 2143 Kohler:
1547 2065 1883 2146 Attische
1922 2064 2382 2143 Inschriften
2439 2066 2844 2162 (Hermes,
2886 2064 3323 2143 Zeitschrift
3359 2063 3467 2141 fiir

697 2187 1094 2267 classische
1134 2189 1552 2293 Philologie
1593 2194 1689 2271 11.
1731 2221 1803 2294 p.
1844 2192 1969 2267 31.

1872 2384 2023 2469 Aa
2065 2386 2297 2469 840.

909 2544 1180 2625 Sextus
1217 2550 1495 2652 Empir.
1535 2548 1706 2627 adv.
1747 2550 2175 2629 mathemat.
2226 2554 2337 2629 11:
2402 2544 2581 2625 Οὐκ
2618 2552 3081 2647 ἐπιτρέπεται
3125 2543 3459 2648 συνῆγο-

693 2694 836 2763 ρον
877 2672 1393 2765 παρίστασθαι
1451 2682 1610 2759 τοῖς
1670 2680 2157 2771 κρινομένοις
2210 2678 2334 2749 ἐπὶ
2388 2671 2517 2764 τῆς
2555 2680 2641 2749 ἐν
2685 2668 2970 2771 Ἀρείῳ
3009 2668 3234 2775 πάγῳ
3270 2671 3463 2769 βου-

695 2791 864 2883 λῆς·
939 2790 1108 2869 ἀλλ’
1162 2802 1526 2885 ἕκαστος,
1603 2789 1706 2885 ὦς
1761 2800 1921 2895 ἔχει
1980 2796 2415 2897 δυνάμεως,
2485 2795 3013 2897 ἀδιαστρὸφως
3068 2799 3221 2873 καὶ,
3268 2790 3465 2869 ἀπα-

693 2914 1036 3025 νούργως
1091 2912 1282 3022 ὑπὲρ
1340 2924 1620 3001 ἑαυτοῦ
1678 2921 1958 3030 λόγους
2017 2935 2363 3002 ποιεῖται.
2462 2927 2675 3023 (Non
2749 2926 3185 3003 conceditur
3256 2936 3341 3000 ut
3390 2925 3465 2998 in

692 3043 1090 3150 Areopago
1145 3078 1410 3128 causae
1469 3053 1900 3130 defensores
1958 3063 2157 3131 stent
2211 3081 2379 3130 cum
2418 3053 2899 3144 adversariis,
2959 3050 3089 3126 sed
3130 3050 3465 3149 singulus

691 3197 828 3271 pro
869 3174 1149 3252 viribus
1187 3202 1338 3255 non
1377 3205 1728 3280 perverse
1766 3190 1844 3256 et
1880 3181 2143 3282 procul
2165 3179 2619 3256 afraudibus
2658 3203 2795 3278 pro
2831 3204 2912 3253 se
2954 3175 3190 3252 verba
3220 3175 3463 3266 facit.)

1863 3389 2016 3474 Ad
2076 3393 2287 3474 841.

901 3549 1117 3627 Plato
1157 3553 1338 3652 Leg.
1379 3557 1512 3649 XI,
1553 3557 1730 3651 937,
1775 3557 2049 3636 A—-Bz
2108 3551 2365 3650 Δούλῃ
2421 3585 2499 3629 τε
2537 3557 2675 3627 καὶ
2716 3549 2975 3650 δούλῳ
3014 3555 3152 3624 καὶ
3196 3545 3451 3636 παιδὶ,

689 3670 944 3766 φόνου
973 3671 1229 3770 μόνον
1266 3683 1532 3766 ἐξέστω
1560 3690 1980 3778 μαρτυρεῖν
2016 3684 2153 3755 καὶ
2194 3689 2663 3783 συνηγορεῖν.
2706 3680 3029 3777 (Servae
3055 3691 3129 3753 ct
3152 3703 3368 3754 servo
3388 3689 3455 3750 et

689 3826 922 3902 puero
959 3802 1054 3878 de
1091 3804 1320 3880 caede
1359 3817 1646 3884 tantum
1683 3807 1963 3884 licitum
2006 3821 2163 3884 esto
2202 3807 2575 3883 testificari
2614 3820 2689 3884 et
2726 3831 3027 3883 causam
3066 3803 3379 3894 dicere.)

1861 4017 2013 4102 Ad
2053 4019 2286 4100 84⁵.

903 4183 989 4256 In
1033 4182 1420 4280 Hungaria
1455 4183 1550 4258 ab
1589 4187 1913 4285 antiquis
1968 4186 2431 4289 temporibus
2488 4210 2917 4286 supremum
2972 4183 3185 4282 regni
3222 4181 3451 4256 tribu·

683 4303 848 4396 nal,
890 4305 1090 4405 quod
1129 4307 1498 4386 Tabulam
1537 4307 2159 4413 Septemviralem
2200 4322 2498 4402 vocant,
2545 4337 2698 4387 non
2739 4307 2958 4386 modo
3000 4335 3039 4385 e
3078 4308 3247 4406 lege
3271 4367 3289 4403 ,
3330 4303 3453 4383 sed

683 4429 906 4504 etiam
945 4457 1032 4506 ex
1073 4435 1445 4533 aequitate
1471 4435 1685 4536 judic
1691 4448 1782 4511 at.

899 4553 1124 4657 Apud
1165 4558 1801 4636 Lacedaemonios
1859 4587 2027 4636 cum
2085 4563 2178 4639 de
2238 4564 2393 4638 vita
2451 4562 3039 4661 anquirebatur
3020 4587 3097 4635 m
3124 4561 3449 4661 judicic,

683 4652 908 4757 causa
944 4707 989 4756 a
1025 4684 1440 4762 senioribus
1481 4713 1616 4787 per
1663 4687 2081 4788 complures
2140 4687 2297 4764 dies
2354 4689 2948 4789 disceptabatur,
3008 4699 3083 4764 et
3140 4688 3266 4788 qui
3325 4687 3446 4763 ab·

678 4806 1154 4902 solvebatur,
1211 4810 1690 4886 nihilominus
1743 4838 1915 4886 rcus
1972 4811 2343 4887 manebat.
2418 4811 2744 4890 Causam
2801 4812 3020 4915 hujus
3078 4814 3187 4888 sic
3225 4839 3445 4914 expo-

679 4932 826 5004 suit
881 4931 1464 5011 Alexandrides:
1544 4936 1805 5012 Plures
1861 4937 2021 5013 dies
2068 4939 2355 5038 judicio
2410 4939 2781 5040 impendi,
2836 4940 3038 5040 quod
3095 4939 3173 5014 in
3230 4963 3444 5016 causa

679 5057 978 5158 capitali
1037 5085 1244 5136 error
1298 5062 1841 5136 correctionem
1899 5089 2048 5138 non
2107 5063 2489 5139 admittat:
2546 5065 2844 5141 interim
2901 5092 3111 5142 reum
3158 5065 3439 5166 legibus

529 5205 534 5211 ·
677 5185 956 5275 teneri,
1015 5187 1188 5286 quia
1242 5186 1382 5264 hac
1437 5187 1604 5286 lege
1660 5187 2110 5290 permissum
2146 5189 2243 5264 sit
2278 5189 2551 5266 rectius
2606 5191 2885 5290 aliquid
2924 5192 3018 5268 de
3057 5219 3147 5269 eo
3189 5191 3432 5269 decer-
