3725 5850
636 408 800 495 516,
1395 426 2017 485 commen-mmm
2054 432 2163 481 An
2202 424 2331 485 ¹76⁷.
2368 432 2496 487 ⁷69.
2537 426 2660 487 ¹772.

631 631 830 732 quit,
903 626 1386 705 nundinis
1439 626 1764 726 partis
1819 636 2258 701 secanto.
2332 625 2433 703 Si
2488 626 2709 728 plus
2762 625 3215 703 minusve
3269 652 3403 705 se-

630 765 1092 847 cuerunt,
1149 778 1250 829 se
1310 750 1669 829 fraude
1726 764 1960 826 esto.
2038 749 2371 843 (Gellius
2427 753 2642 829 Noct.
2703 751 2854 829 Att.
2896 753 3067 850 XX,
3138 756 3203 848 ¹,
3242 754 3414 844 45.)

845 877 984 954 Ga
994 878 1074 978 ji
1111 878 1436 955 Instit.
1479 879 1616 971 ΙΙΙ,
1658 877 1801 952 78:
1861 876 2077 952 Bona
2115 889 2446 953 veneunt
2471 878 2985 978 judicatorum
3022 888 3195 977 post
3232 890 3417 953 tem-

629 1030 808 1106 pus,
871 1004 1070 1103 quod
1110 1003 1212 1080 eis
1250 1003 1522 1104 partim
1561 1004 1730 1101 lege
1768 1004 1939 1081 XII.
1978 1002 2419 1101 tabellarum
2459 1004 2725 1105 partim
2767 1000 3009 1078 edicto
3046 1004 3419 1104 praetoris

517 1200 520 1203 ,
627 1128 724 1206 ad
763 1127 1308 1229 expediendam
1343 1128 1739 1229 pecuniam
1775 1127 2147 1203 tribuitur.

844 1256 970 1333 Id.
1011 1254 1144 1349 IV,
1187 1256 1280 1330 21
1313 1283 1331 1330 :
1387 1254 1538 1329 Per
1589 1280 1852 1331 manus
1899 1255 2376 1354 injectionem
2411 1280 2647 1356 aeque
2683 1252 2781 1331 de
2820 1255 2933 1332 his
2972 1249 3201 1329 rebus
3240 1278 3415 1351 age·

627 1383 866 1457 batur.
942 1379 1054 1456 De
1091 1380 1360 1481 quibus
1397 1390 1478 1455 ut
1513 1380 1620 1455 ita
1654 1392 2043 1477 ageretur,
2104 1381 2269 1479 lege
2324 1382 2579 1481 aliqua
2633 1392 2935 1457 cautum
2992 1392 3149 1474 est,
3210 1380 3417 1454 velut

617 1505 932 1608 judicati
969 1506 1137 1603 lege
1177 1505 1348 1581 XII.
1387 1504 1808 1581 tabularum
1831 1563 1848 1598 ‚
1908 1530 2099 1604 quae
2158 1508 2355 1582 actio
2408 1506 2577 1581 talis
2628 1518 2809 1581 erat.
2884 1505 3035 1599 Qui
3091 1504 3413 1603 agebat,

626 1632 732 1711 sic
769 1630 1113 1710 dicebat:
1163 1630 1419 1730 quod
1469 1644 1567 1705 tu
1605 1630 1838 1707 mihi
1884 1627 2407 1729 judicatus
2462 1631 2675 1707 sive
2734 1629 3259 1706 damnatus
3312 1654 3414 1702 es

627 1757 1200 1833 sestertium
1255 1756 1330 1831 X
1383 1756 1695 1852 milia,
1752 1780 2000 1856 quae
2058 1754 2171 1833 ad
2220 1754 2421 1832 .hoc
2496 1780 2683 1831 non
2744 1754 3207 1846 solvisti,
3288 1754 3409 1829 ob

629 1907 836 1961 eam
907 1907 1100 1959 rem
1173 1906 1355 1979 ego
1430 1879 1616 1957 tibi
1701 1880 2293 1959 sestertium
2364 1880 2439 1955 X
2526 1880 2901 1957 milium
2959 1877 3411 1978 judicati

629 2033 1008 2086 manum
1063 2005 1420 2099 inicio,
1476 2018 1552 2081 et
1607 2007 1828 2084 simul
1886 2006 2213 2105 aliquam
2273 2016 2567 2105 partem
2622 2006 2957 2105 corporis
2994 2003 3153 2103 ejus
3190 2028 3412 2103 pron-

625 2131 894 2228 debat3
949 2156 1090 2205 nec
1146 2129 1417 2207 licebat
1459 2128 1797 2229 judicato
1855 2158 2159 2207 manum
2214 2128 2356 2207 sibi
2414 2128 2793 2231 depellere
2831 2141 2905 2205 et
2942 2156 3081 2228 pro
3121 2154 3201 2203 se
3241 2129 3409 2227 lege

625 2282 849 2357 agere
873 2315 894 2351 ‚
951 2253 1084 2331 sed
1125 2254 1498 2331 vindicem
1538 2254 1806 2345 dabat,
1866 2256 1990 2355 qui
2049 2282 2187 2355 pro
2226 2280 2307 2331 se
2346 2279 2639 2332 causam
2680 2279 2906 2351 agere
2944 2252 3278 2331 solebat:
3336 2266 3413 2329 at

625 2382 750 2481 qui
808 2380 1184 2459 vindicem
1241 2408 1394 2458 non
1467 2381 1732 2476 dabat,
1807 2380 2111 2459 domum
2184 2380 2597 2461 ducebatur
2654 2380 2750 2455 ab
2810 2392 3059 2457 actore
3119 2393 3193 2457 et
3248 2381 3409 2455 vin-

626 2508 981 2584 aiebatur.

1801 2608 1953 2693 Ad
2000 2614 2061 2691 7
2068 2612 2229 2693 69.

835 2776 1370 2873 Intelliguntur
1424 2774 1704 2877 publici
1771 2776 2077 2871 arbitri3
2149 2803 2196 2851 a
2250 2776 2565 2876 privatis
2622 2777 2824 2853 enim
2876 2804 3045 2855 non,
3086 2776 3409 2855 dabatur

621 2901 1050 3005 appellatio,

837 3027 1208 3108 Plutarch.
1251 3027 1502 3104 Solon.
1549 3027 1685 3104 18:
1726 3029 2063 3122 Quarum
2101 3054 2497 3106 causarum
2520 3025 2809 3129 judicia
2846 3030 3410 3126 magistratibus

621 3153 883 3230 tribuit
931 3153 1201 3250 Solon,
1261 3181 1514 3230 earum
1567 3153 2112 3230 concedebatur
2148 3155 2235 3228 iis
2276 3155 2401 3252 qui
2441 3154 2726 3230 vellent
2766 3181 2811 3230 a
2848 3154 3405 3253 magistratibus

623 3279 717 3356 ad
745 3279 1038 3380 judices
1074 3278 1538 3379 provocatio.

839 3402 1065 3506 Apud
1103 3405 1484 3480 Romanos
1523 3405 1618 3479 ab
1657 3407 1860 3480 omni
1888 3405 2173 3505 judicio
2215 3431 2612 3507 poenaque
2652 3406 3042 3507 provocari
3080 3405 3401 3500 licuisse,

620 3531 952 3607 indicant
985 3531 1158 3607 XII.
1199 3528 1496 3605 tabulae
1537 3529 2043 3629 compluribus
2082 3529 2397 3629 legibus.
2436 3530 2709 3622 (Cice
2734 3558 2833 3606 ro
2871 3529 2916 3606 d
2940 3557 2979 3606 e
3020 3558 3117 3606 re
3140 3557 3259 3631 pu
3282 3531 3401 3606 bl.

621 3657 719 3751 II,
761 3655 1094 3758 3254.)

835 3783 923 3859 Id
947 3784 1110 3882 Jam
1159 3791 1516 3858 statutum
1567 3793 1726 3856 erat
1763 3781 1933 3878 lege
1972 3782 2277 3860 Valeria
2332 3793 2407 3858 et
2455 3782 2767 3860 Aternia
2803 3782 3153 3884 Tarpeia.
3211 3779 3399 3875 (Id.

622 3907 843 3984 ibid.
884 3909 979 4000 ΙΙ,
1021 3907 1146 4003 35,
1189 3908 1354 3998 60.)

1798 4010 1950 4095 Ad
1992 4015 2223 4094 ⁷⁷2.

836 4175 1084 4254 Lexic.
1127 4175 1434 4276 Seguer.
1475 4204 1546 4277 p.
1590 4177 1784 4252 245:
1834 4171 2053 4275 Ἐρή
2066 4209 2133 4273 μ
2154 4199 2297 4266 ην·
2356 4171 2534 4266 δίκη
2572 4179 2817 4264 ἐστὶν,
2864 4166 3060 4250 ὅταν
3087 4171 3202 4272 μὴ
3246 4206 3401 4252 πα-

623 4295 921 4398 ρόντων
975 4293 1433 4396 ἀμφοτέρων
1487 4289 1532 4374 0‘
1594 4297 1959 4392 δικαστὴς
2024 4299 2167 4392 τήν
2222 4299 2502 4401 ψῆφον
2557 4305 2929 4405 ἐπενέγκῃ
2988 4299 3195 4376 κατὰ
3253 4302 3397 4378 τοῦ

622 4419 976 4510 ἀπόντος.
1039 4425 1588 4519 (Contumacia.
1629 4429 1766 4504 Est
1801 4430 1993 4505 actio
2017 4489 2035 4524 ‚
2075 4455 2306 4530 quum
2343 4455 2497 4504 non
2536 4431 3145 4530 comparentibus
3180 4432 3399 4507 utris-

621 4579 764 4653 que
808 4593 903 4605 -·
945 4553 1096 4628 imo
1135 4554 1384 4652 potius
1422 4581 1573 4628 nou
1609 4571 2097 4656 comparente
2148 4557 2505 4632 alterutro
2546 4599 2647 4610 -—-
2677 4555 2913 4656 judex
2950 4557 3399 4632 sententiam

617 4679 766 4756 fert
801 4689 1062 4754 contra
1093 4679 1544 4772 absentem.)

833 4801 1138 4882 Suidas:
1185 4795 1402 4898 'Emi
1415 4833 1544 4900 μη
1600 4799 1869 4894 δίκη·
1927 4797 2121 4882 ὅταν
2164 4800 2275 4900 μή
2334 4798 2773 4895 ἀπαντήσας
2828 4797 2875 4881 ὃ
2917 4803 3393 4906 διωκόμενος

619 4932 740 5005 ἐπὶ
779 4923 920 5017 τὴν
959 4923 1191 5016 δίκην
1227 4925 1810 5025 καταδικασθῇ·
1849 4923 2132 5026 ὅμοιον
2166 4935 2307 5004 καὶ
2344 4927 2432 5004 τὸ
2472 4928 2753 5028 ἐρήμην
2788 4924 3113 5008 ἁλῶναι.
3156 4936 3387 5030 (Con-

614 5057 983 5134 tumaciae
1019 5055 1236 5130 actio.
1313 5055 1564 5147 Quum
1617 5083 1790 5132 reus
1849 5083 1998 5132 non
2058 5083 2495 5158 comparens
2532 5059 2608 5133 in
2654 5060 3019 5160 judicium
3046 5120 3063 5155 ,
3124 5063 3387 5139 conde·-

616 5194 932 5260 mnatur.
991 5179 1344 5258 Similiter
1383 5191 1458 5256 et
1497 5183 2007 5264 contumaciae
2053 5185 2463 5276 convinci.)
