3725 5850
678 419 834 496 390
1248 489 1252 494 .
1767 444 1892 493 ms
1928 443 2366 494 vaxrtm.

1954 632 2182 708 1519.

893 780 1213 883 Sponsio
1252 791 1364 853 est
1401 779 1775 878 fidejussio
1814 776 1907 852 de
1949 776 2203 876 aliqua
2242 804 2345 853 re.

1954 940 2182 1015 1520.

897 1078 1096 1168 Τούς
1133 1077 1502 1184 ἐγγυητάς
1543 1077 1659 1155 δεῖ
1690 1090 1848 1168 τοῖς
1888 1075 2151 1168 αὐτοῖς
2190 1085 2596 1176 ἐνέχεσθαι
2654 1085 2745 1154 ἐν
2800 1073 3060 1178 οἷσπερ
3119 1069 3259 1162 οὓς
3318 1071 3464 1178 137-

680 1208 1092 1314 γυῆσαντθ·
2129 1207 2535 1302 (Andocid.
2578 1208 2669 1284 de
2712 1219 2927 1310 myst.
2971 1201 3037 1306 ξ.
3078 1206 3244 1297 44.)

1955 1371 2187 1447 1520.
2250 1409 2255 1414 ·

895 1514 1311 1622 Sponsores
1349 1517 1423 1593 id
1463 1519 1709 1619 ipsum
1747 1516 2119 1610 debeant,
2178 1517 2380 1618 quod
2428 1515 2578 1611 illi,
2642 1539 2961 1614 quorum
2998 1523 3173 1590 sunt
3210 1511 3467 1588 vades».

1948 1674 2177 1751 1521.

901 1799 1052 1890 Τὰς
1091 1799 1370 1906 ἐγγύας
1409 1805 1791 1890 ἐπετείους
1831 1795 2050 1878 εἶναι.

1984 1909 2417 2006 (Demosth.
2459 1908 2627 1985 adv.
2670 1907 2983 2010 Apatur.
3026 1907 3246 2001 901.)

1963 2074 2191 2149 1521.

896 2201 1356 2303 Sponsiones
1394 2226 1685 2278 annuae
1724 2209 1968 2278 sunto.

1859 2502 2298 2604 Τμῆμαδ’.

1303 2653 1604 2747 Περὶ
1717 2644 2828 2748 παρακαταθήκης.

1913 2809 2229 2822 ΜΜΙΜᾹΜΛ

1885 2920 2134 2999 Sentio
2193 2921 2263 2999 4.

1648 3068 1799 3144 De
1895 3066 2503 3170 deposita

1965 3264 2191 3339 1522.

895 3399 1593 3499 ῙΙαρακαταθήκη,
1653 3400 1852 3500 δόμα
1884 3399 2080 3501 μετὰ
2118 3404 2455 3487 πίστεως.

2056 3530 2337 3625 (Plato.
2379 3531 2853 3608 definitiones
2893 3530 3072 3625 415,
3109 3532 3245 3623 D.)

1954 3695 2181 3771 1522.

897 3818 1344 3918 Depositum
1383 3830 1498 3893 est
1534 3844 1653 3896 res
1693 3846 1862 3897 oum
1902 3819 2049 3897 fide
2087 3820 2377 3898 tradita.

1956 3980 2185 4057 1523.

899 4115 1605 4218 Παρακαταθήκην
1660 4117 2097 4221 δεινότερον
2158 4117 2610 4219 ἀποστερεῖν
2668 4115 2715 4212 ἢ
2772 4117 3105 4199 δάνειον.
3150 4114 3253 4196 ‘O
3312 4120 3479 4225 γάρ

681 4242 822 4335 τὴν
859 4242 1530 4341 παρακαταθήκην
1567 4240 2009 4345 ἀποστερῶν
2047 4249 2291 4341 φίλον
2351 4242 2611 4321 ἀδικεῖ
2629 4273 2642 4288 ·
2706 4242 2957 4332 οὐδεὶς
3012 4244 3159 4350 γάρ
3216 4277 3479 4345 παρα-

685 4374 1199 4445 κατατίθεται
1224 4366 1332 4467 μὴ
1377 4367 1789 4445 πιστεύων·
1851 4358 1953 4446 οὗ
1992 4368 2067 4447 δὲ
2106 4363 2196 4446 vd
2228 4378 2483 4470 χρέος,
2548 4368 2641 4445 οὐ
2687 4375 2937 4465 φίλος.
3000 4367 3217 4470 Πρὸς
3255 4370 3331 4449 δὲ
3376 4374 3479 4470 τῇ

686 4500 916 4595 ζημίᾳ
956 4500 1094 4571 καὶ
1133 4494 1275 4586 τὴν
1313 4500 1572 4572 πίστιν
1609 4499 2093 4596 παραβαίνει.
2133 4490 2312 4572 ”Eu
2370 4498 2523 4571 τῶν
2571 4500 2723 4596 μὲν
2764 4490 2803 4589 ἦ
2848 4494 3052 4584 δόσις
3107 4499 3479 4594 φυλακῆς

685 4627 824 4699 καὶ
865 4614 1299 4709 ἀποδόσεως
1326 4618 1612 4721 χάριν,
1669 4620 1826 4698 τῶν
1866 4620 1941 4698 δὲ
1981 4627 2121 4697 καὶ
2160 4618 2551 4717 ὠφελείας.

1926 4748 2349 4843 (Aristotel.
2393 4752 2767 4829 Problem.
2806 4752 3092 4847 XXIX,
3130 4753 3245 4843 2.)

1960 4906 2186 4988 1523.

899 5056 1345 5155 Depositum
1405 5057 1750 5133 fraudare
1809 5059 2116 5156 gravius
2172 5071 2285 5135 est
2340 5086 2563 5159 quam
2620 5069 2977 5135 mutuum.
3053 5059 3199 5153 Qui
3259 5062 3475 5137 enim

687 5180 1110 5288 depositum
1163 5179 1490 5279 fraudat,
1548 5185 1785 5262 amico
1840 5184 2188 5286 injuriam
2244 5185 2459 5285 facit;
2515 5210 2737 5263 nemo
2796 5187 2995 5265 enim
3054 5187 3477 5287 quidquam
