3725 5850
1376 490 1999 567 Ammononu.
2901 470 3055 549 329

1576 684 1801 762 1286.

520 828 935 931 Pylagorae
992 840 1165 907 sunt
1220 839 1547 905 oratores
1604 854 1651 904 a
1704 829 2128 907 civitatibus
2181 828 2275 907 ad
2315 831 2702 908 concilium
2740 829 3049 935 Amphi-

331 966 663 1057 ctyonum
699 956 943 1055 missi,
1006 966 1087 1031 ut
1121 954 1224 1031 ibi
1262 952 1497 1030 verba
1532 953 1885 1031 facerent.

1572 1116 1795 1193 1287.

508 1252 931 1349 Ἐκκλησία
982 1255 1141 1332 τῶν
1184 1252 1794 1355 Ἀμφικτυόνων
1848 1253 2352 1357 ὀνομάζεται,
2413 1254 2606 1335 ὅταν
2650 1256 3050 1359 μὴμόνον

322 1379 485 1470 τούς
520 1379 995 1487 πυλαγόρους
1030 1386 1167 1457 καὶ
1202 1379 1385 1467 τούς
1423 1380 1970 1481 ἱερομνήμονας
2008 1389 2576 1488 συγκαλέσωσιν
2591 1442 2616 1477 ,
2677 1381 2871 1462 ἄλλα
2909 1390 3048 1462 καὶ

322 1506 485 1597 τούς
519 1506 1007 1595 συνθύοντας
1041 1513 1180 1584 καὶ
1207 1512 1651 1607 χρωμένους
1685 1508 1793 1608 τῷ
1835 1508 2017 1609 θεῷ.

1408 1630 1855 1730 (Aeschines
1893 1640 1972 1713 in
2005 1637 2470 1742 Ctesiphont.
2511 1636 2579 1741 ξ.
2621 1640 2836 1733 124.)

1567 1797 1793 1875 1287.

513 1939 794 2021 Concio
833 1938 1465 2045 Amphictyonum
1510 1942 1974 2038 nominatur,
2026 1940 2318 2042 quando
2367 1970 2518 2019 non
2558 1944 2798 2021 solum
2833 1944 3048 2046 pyla-

314 2092 527 2167 gorae
570 2079 646 2144 et
678 2067 1321 2145 hieromnemones
1361 2077 1904 2162 convocantur,
1959 2067 2092 2143 sed
2129 2068 2181 2143 ii
2217 2068 2478 2164 etiam,
2535 2070 2662 2170 qui
2699 2094 2912 2145 sacra
2949 2070 3042 2145 si-

314 2192 457 2269 mul
490 2194 811 2288 faciunt,
867 2194 1139 2293 quique
1178 2192 1555 2269 oraculum
1595 2192 1713 2269 dei
1749 2192 2050 2269 adeunt.

1562 2354 1790 2429 1288.

394 2530 401 2537 ·
512 2498 607 2571 Oi
650 2490 1269 2595 Ἀμφικτύονες,
1329 2492 1531 2595 ἱερᾶς
1584 2494 1715 2587 τῆς
1775 2497 2098 2593 θεωρίας
2154 2486 2428 2585 οὔσης,
2493 2490 2673 2581 τούς
2702 2495 2852 2593 μὲν
2887 2523 3044 2589 φυ-

308 2618 437 2723 γῇ,
490 2617 673 2709 τούς
711 2617 789 2697 δὲ
830 2617 1150 2722 θανάτῳ
1185 2619 1338 2697 τῶν
1377 2620 1677 2725 ἐναγῶν
1717 2620 2087 2719 ζημιοῦσι.

1506 2751 1925 2844 (Plutarch.
1964 2760 2244 2849 quaest.
2281 2774 2616 2849 graecae.
2659 2751 2827 2841 59.)

1563 2910 1598 2983 1
1614 2909 1789 2987 288.

506 3054 1095 3159 Amphictyones
1114 3066 1446 3158 tempore
1474 3065 1988 3138 sacrosanctae
2027 3054 2397 3132 missionis
2435 3054 2830 3136 sceleratos
2870 3081 3037 3158 par-

301 3180 427 3258 tim
462 3181 685 3258 exilio
722 3181 987 3284 partim
1026 3194 1256 3261 morte
1292 3180 1629 3284 puniunt.

1548 3339 1776 3419 1289.

510 3465 601 3540 Οἱ
636 3461 820 3565 πρὸς
854 3461 945 3542 τὸ
984 3461 1192 3564 ἱερὸν
1224 3459 1315 3542 τὸ
1342 3470 1429 3542 ἐν
1448 3468 1776 3561 Δελφοῖς
1810 3454 2380 3563 ἁμαρτάνοντες
2416 3459 2622 3538 κατὰ
2659 3460 2816 3540 τῶν
2841 3467 3038 3539 Φαι-

302 3586 624 3690 δριάδων
658 3589 951 3690 πετρῶν
988 3586 1405 3670 ὠθοῦνται.

1272 3700 1555 3796 (Schol.
1592 3703 1671 3778 in
1714 3699 2056 3783 Aeschin.
2097 3699 2560 3804 ctesiphont.
2605 3700 2824 3798 142.)

1556 3867 1781 3943 1289.

502 3987 649 4084 Qui
702 4001 957 4068 contra
1011 4013 1299 4068 sacrum
1353 3990 1799 4096 Delphicum
1853 3991 2338 4093 delinquunt,
2408 3992 2499 4067 de
2556 4013 2740 4091 rupe
2795 3987 3032 4064 Phae-

294 4111 625 4210 driadum
660 4117 1261 4220 praecipitantur.

1552 4225 1775 4304 1290.

504 4341 705 4436 Τούς
748 4342 1341 4448 ’Λμφικτύονας
1414 4352 1775 4448 πολεμεῖν
1838 4351 2233 4448 Κιρραίοις
2304 4351 2444 4422 καὶ
2513 4343 3031 4452 Κραγαλίδαις

290 4473 416 4568 (οἳ
444 4474 549 4561 εἰς
582 4469 672 4549 τὸ
711 4470 921 4574 ἱερὸν
972 4471 1063 4550 τὸ
1120 4479 1204 4550 ἐν
1239 4477 1561 4568 Δελφοῖς
1608 4479 1747 4549 καὶ
1800 4471 1898 4549 τοὶ
1957 4470 2418 4573 ἀναθήματα
2471 4467 2841 4572 ἠσέβουν,
2899 4479 3026 4566 135—-

290 4595 723 4700 ημάρτανον
778 4596 855 4674 δὲ
906 4603 1044 4676 καὶ
1098 4601 1201 4685 εἰς
1251 4594 1434 4685 τούς
1476 4594 2114 4697 Ἀμφικτύονας]
2153 4596 2373 4676 πάντ’
2413 4591 2666 4697 ἤματα
2705 4603 2842 4675 καὶ
2881 4597 3028 4672 πά-

291 4751 419 4814 σας
454 4721 780 4816 νύκτας,
838 4730 975 4800 καὶ
1030 4719 1174 4816 τὴν
1214 4721 1487 4825 χώραν
1542 4719 1803 4800 αὐτῶν
1859 4723 2489 4825 ἐκπορθήσαντας
2544 4730 2682 4801 καὶ
2740 4718 3027 4812 αὐτοῦς

291 4848 1080 4952 ἀνδραποδισαμένους
1118 4845 1533 4926 ἀναθεῖναι
1570 4850 1682 4949 τῷ
1707 4845 2145 4927 Ἀπόλλωνι
2181 4847 2289 4951 τῷ
2329 4855 2628 4951 Πυθίῳ
2669 4855 2807 4926 καὶ
2834 4845 3025 4952 Ἀρ-

290 4974 523 5074 τέμιδι
559 4982 697 5052 καὶ
734 4981 980 5067 Λητοῖ
1010 4980 1147 5050 καὶ
1190 4972 1503 5076 Ἀθηνᾷ
1523 4980 1887 5076 Προναίᾳ
1925 4981 2046 5052 ἐπὶ
2085 4973 2284 5073 πάσῃ
2321 4973 2616 5082 ἀεργίᾳ,
2657 4981 2794 5051 καὶ
2831 4972 3024 5050 ταύ-

290 5132 417 5195 την
450 5099 595 5196 τήν
619 5099 894 5201 χώραν
920 5097 1095 5200 μήτ’
1134 5095 1420 5189 αὐτούς
1457 5099 1915 5206 ἐργάζεσθαι
1946 5098 2120 5200 μῆτ’
2159 5093 2405 5176 ἄλλον
2439 5101 2598 5179 ἐᾶν.

1106 5229 1553 5322 (Aeschines
1588 5231 1666 5307 in
1706 5228 2174 5333 Ctesiphont.
2216 5224 2809 5332 §.107-108.)
