3725 5850
624 418 780 497 498
1541 446 2159 499 COMMENTARIUS
2204 445 2303 495 An
2344 442 2469 497 633.

629 636 986 736 legimus:
1046 639 1558 735 προσκληθεὶς
1595 630 1750 709 ἀπὸ
1792 631 1924 724 τῆς
1964 636 2265 722 οἰκίας,
2325 630 2419 708 οὐ
2462 630 2611 737 γὰρ
2652 626 2746 726 ἦν
2783 632 3139 733 φανερός.
3208 634 3397 717 Hinc

623 762 955 863 sequitur
991 773 1455 861 accusatum,
1498 764 1558 839 si
1595 765 1674 839 in
1715 764 1881 841 foro
1922 790 2072 840 non
2112 763 2598 864 reperiretur,
2648 790 2687 841 e
2726 763 2951 841 domo
2991 761 3291 864 quidem
3322 764 3399 839 in

609 888 737 989 jus
774 900 1117 967 vocatum
1154 888 1402 983 fuisse,
1434 890 1666 967 sedin
1704 887 1935 965 dubio
1971 888 2435 988 relinquitur,
2475 915 2653 965 num
2688 889 2766 965 in
2794 888 2919 989 jus
2954 914 3233 966 vocans
3270 888 3397 965 do-

619 1039 826 1089 mum
880 1014 1208 1091 accusati
1245 1014 1626 1115 ingressus
1669 1016 1950 1093 fuerit?
2020 1014 2355 1091 Dubium
2408 1026 2660 1090 tamen
2696 1016 2922 1091 solvit
2966 1017 3092 1117 jus
3131 1014 3397 1089 Roma·

621 1164 804 1215 num
839 1135 1546 1240 Antejustinianum,
1587 1140 1788 1243 quod
1827 1142 1907 1217 in
1946 1141 2197 1217 multis
2232 1140 2564 1217 imitatur
2599 1140 2807 1241 leges
2830 1139 3138 1219 Atticas.
3180 1137 3401 1241 Apud

619 1263 1001 1341 Romanos
1052 1278 1302 1342 autem
1363 1267 1749 1371 „plerique
1789 1277 2246 1369 putaverunt
2282 1267 2571 1342 nullum
2607 1266 2699 1342 de
2736 1265 2961 1343 domo
3000 1292 3136 1343 sua
3172 1264 3249 1341 in
3274 1266 3401 1365 jus

618 1388 870 1465 vocari
906 1388 1168 1467 licere:
1226 1392 1400 1492 quia
1455 1390 1714 1469 domus
1772 1391 2221 1469 tutissimum
2274 1390 2540 1489 cuique
2596 1391 2973 1490 refugium
3024 1401 3248 1489 atque
3288 1415 3397 1465 re-

619 1514 1090 1617 ceptaculum
1127 1516 1259 1593 sit:
1319 1544 1674 1619 eumque,
1734 1519 1858 1620 qui
1897 1518 2071 1594 inde
2110 1517 2189 1592 in
2217 1517 2341 1617 jus
2380 1529 2724 1612 vocaret,
2785 1518 2938 1593 vim
2976 1518 3251 1594 inferre
3290 1515 3393 1589 vi-

617 1639 847 1717 deri.“
910 1638 1260 1741 (G'rajus
1318 1642 1522 1720 Lib.
1559 1644 1616 1719 I.
1674 1641 1786 1719 ad
1845 1643 2164 1741 legem
2218 1642 2391 1721 XII.
2430 1640 3057 1721 Tabularum.
3119 1640 3391 1724 Dein

606 1766 767 1868 jus
829 1765 1345 1860 vocand0.)

834 1888 1032 1988 „Sed
1072 1892 1133 1968 si
1172 1893 1458 1970 aditum
1494 1893 1589 1969 ad
1627 1919 1706 1969 se
1745 1905 2115 1995 praestet,
2170 1906 2300 1971 aut
2356 1918 2449 1970 ex
2507 1895 2811 1995 publico
2846 1893 3388 1996 conspiciatur:

611 2026 812 2093 recte
866 2016 946 2091 in
989 2017 1114 2117 jus
1172 2044 1338 2095 eum
1397 2018 1651 2095 vocari
1708 2018 2061 2095 Julianus
2117 2020 2290 2095 ait.“
2391 2019 2797 2113 (Paulus
2873 2018 3071 2095 Lib.
3149 2020 3205 2099 Ι.
3282 2018 3388 2094 ad

618 2140 682 2219 E
704 2141 752 2217 d
774 2142 978 2220 ictu
997 2144 1136 2236 m.)

831 2267 1120 2345 Eadem
1174 2268 1524 2367 leguntur
1587 2270 1666 2345 in
1725 2270 2031 2369 Eclogis
2085 2270 2579 2347 Basilicorum
2650 2267 2858 2363 (Lib.
2918 2270 3095 2367 VII,
3156 2270 3266 2345 tit.
3320 2270 3385 2345 8.

611 2418 772 2497 cap.
816 2393 1003 2488 18.).

829 2520 1026 2597 Num
1064 2530 1313 2597 certus
1351 2521 1429 2597 in
1455 2520 1582 2620 jus
1621 2522 1941 2597 vocandi
1983 2521 2141 2598 dies
2178 2522 2401 2599 fuerit
2436 2522 2904 2623 praefinitus,
2946 2548 3103 2598 non
3141 2520 3383 2621 liquet.

613 2642 778 2744 Ego
815 2644 1115 2747 quidem
1151 2647 1442 2747 opinor,
1486 2645 1929 2723 clarissimos
1952 2648 2151 2723 viros
2189 2648 2371 2724 Mei
2394 2673 2433 2723 e
2454 2677 2491 2724 r
2514 2675 2562 2723 u
2584 2673 2660 2722 m
2698 2657 2771 2725 et
2808 2644 2862 2722 S
2886 2673 2927 2723 c
2947 2646 2997 2722 h
3017 2672 3062 2723 o
3084 2672 3124 2722 e
3146 2674 3220 2722 m
3244 2674 3289 2724 a
3306 2674 3382 2721 n-

613 2796 828 2849 num
883 2798 1039 2848 non
1093 2782 1293 2848 recte
1351 2780 1675 2848 statuere
1735 2769 2088 2865 (Attisch.
2132 2773 2470 2850 Process.
2512 2802 2583 2876 p.
2629 2772 2867 2867 579),
2926 2800 3095 2850 reos
3134 2775 3386 2875 quinta

612 2894 708 2974 ad
761 2924 1134 2975 summum
1189 2908 1363 2975 ante
1420 2898 1747 2976 delatam
1804 2901 2176 2977 actionem
2231 2900 2350 2976 die
2408 2900 2673 2977 citatos
2730 2898 2999 2996 fuisse3
3055 2927 3235 2975 nam
3270 2900 3383 2978 lex

612 3022 814 3124 apud
868 3021 1458 3101 Demosthenem
1516 3024 1723 3118 (adv.
1767 3025 2149 3104 Macartat.
2195 3024 2487 3120 1076),
2545 3026 2640 3104 ad
2677 3050 2900 3127 quam
2937 3037 3383 3128 provocant,

610 3149 1052 3251 praescribit
1090 3159 1171 3224 ut
1206 3174 1432 3226 causa
1469 3151 1866 3246 orborum,
1926 3151 2462 3252 epiclerorum,
2529 3150 2916 3229 viduarum
2972 3151 3383 3228 summatim

611 3287 1006 3372 tractetur3
1061 3300 1214 3351 non
1250 3285 1502 3376 potest
1539 3301 1722 3376 ergo
1763 3277 1859 3354 ad
1898 3276 2347 3354 ordinariam
2385 3277 2582 3352 viam
2608 3276 2803 3379 juris
2843 3274 3247 3379 applicari3
3300 3301 3382 3352 eo

609 3401 854 3477 minus
877 3459 896 3498 ‚
956 3425 1130 3478 cum
1171 3426 1264 3478 ex
1301 3401 1431 3478 illa
1467 3402 1635 3502 lege
1673 3429 1829 3478 non
1869 3429 2041 3505 pars
2076 3403 2379 3503 litigans
2402 3462 2421 3501 ,
2484 3402 2617 3481 sed
2655 3403 2819 3506 ipse
2857 3404 3138 3480 archon
3177 3413 3386 3478 vocet

611 3527 686 3602 in
712 3525 1098 3626 judicium.
1137 3569 1240 3580 -
1279 3526 1531 3605 Nihilo
1571 3528 1844 3604 rectius
1891 3538 2225 3605 statuunt
2264 3527 2675 3606 doctissimi
2710 3529 2849 3607 viri
2888 3527 3384 3632 Strepsiadem

612 3651 730 3746 (in
769 3653 1115 3731 Nubibus
1152 3649 1675 3756 Aristophanis
1730 3681 1800 3729 v.
1847 3655 2046 3730 1131
2094 3667 2170 3731 et
2211 3654 2460 3747 1221)
2517 3655 2778 3755 quinta
2832 3666 3007 3731 ante
3058 3652 3383 3730 ultimam

609 3777 887 3855 mensis
926 3777 1119 3855 diem
1154 3779 1234 3854 in
1257 3779 1384 3881 jus
1425 3791 1774 3857 vocatum
1815 3781 2066 3857 fuisse.
2142 3780 2230 3859 Id
2278 3805 2755 3882 nequaquam
2790 3781 3125 3858 indicant
3159 3779 3384 3856 verba

610 3902 1097 4007 Strepsiadis‚
1155 3906 1280 4006 qui
1336 3906 1632 3983 nonnisi
1687 3922 2032 3984 numerat
2086 3919 2269 4008 quot
2324 3907 2567 3984 adhuc
2622 3907 2773 3984 sint
2822 3906 2980 3984 dies
3020 3934 3257 4007 usque
3295 3907 3380 3984 ad

606 4041 940 4106 veterem
982 4040 1058 4107 et
1095 4056 1412 4124 novum,
1468 4057 1598 4109 seu
1655 4032 1997 4109 ultimum
2052 4032 2363 4128 mensis,
2425 4057 2647 4134 quem
2695 4032 2952 4110 horret
2991 4043 3067 4108 et
3104 4034 3377 4110 abomi-

609 4163 868 4254 natur3
922 4155 986 4231 si
1059 4156 1258 4234 enim
1333 4183 1488 4234 non
1543 4157 1890 4252 solverit,
1968 4159 2346 4235 minantur
2406 4158 2809 4236 creditores
2872 4183 2973 4234 se
3049 4183 3379 4236 nomen

609 4279 932 4382 ipsius
987 4275 2079 4379 delaturos-mexdoswat
2144 4284 2337 4376 φασί
2384 4310 2527 4378 μοι
2590 4309 2658 4360 v.
2722 4284 3013 4381 1141),
3084 4285 3261 4385 quia
3310 4285 3379 4358 in

609 4404 946 4504 singulos
999 4431 1294 4485 menses
1350 4409 1671 4509 pecunia
1725 4408 1945 4486 datur
1998 4409 2285 4487 foenori
2341 4399 2557 4506 (ὁτιὴ
2608 4403 2813 4482 κατὰ
2842 4405 3055 4503 μῆνα
3092 4401 3379 4511 τάργύ-

609 4555 782 4626 ριον
819 4525 1242 4621 δανείζεται
1279 4561 1350 4610 v.
1391 4534 1612 4626 756).
1688 4533 2039 4613 Hucdum
2086 4559 2267 4636 ergo
2323 4563 2477 4614 non
2534 4537 2674 4614 fuit
2730 4545 3045 4614 vocatus
3080 4535 3162 4613 in
3189 4535 3373 4637 judi-

609 4655 844 4755 cium;
901 4659 1233 4759 alioquin
1289 4660 1577 4737 nullum
1632 4659 2001 4738 haberent
2066 4686 2371 4739 sensum
2444 4662 2709 4739 Pasiae
2747 4662 2982 4739 verba
3029 4661 3374 4758 (1220—

619 4779 845 4860 1221.
885 4785 1040 4877 V.):
1095 4776 1294 4857 ἀλλὰ
1351 4779 1748 4883 καλοῦμαι
1785 4781 2277 4886 Στρεψιάδην
2334 4791 2407 4872 ἐς
2458 4780 2599 4876 τὴν
2652 4789 2834 4876 ἕνην
2887 4813 2967 4860 τε
3005 4790 3147 4861 καὶ
3182 4793 3374 4863 νέαν.

824 4923 1135 5004 Accedit
1171 4925 1369 5027 quod
1406 4928 1488 5004 in
1543 4925 1921 5006 Avibus
1980 4930 2504 5034 Aristophanis
2547 4934 2657 5025 (v.
2700 4931 2952 5025 1046)
3007 4932 3376 5033 inspector

608 5053 844 5132 dicat:
897 5047 1295 5147 καλοῦμαι
1335 5056 1909 5156 Πεισθέταιρον
1964 5047 2254 5154 ὕβρεως
2306 5060 2377 5140 ἐς
2415 5048 2560 5131 τὸν
2596 5052 3125 5150 Μουνιχιῶνα
3150 5052 3373 5155 μῆνα.

606 5179 664 5258 J
666 5205 786 5258 am
825 5205 1004 5258 vero
1040 5179 1540 5259 Bacchanalia
1576 5181 1901 5281 urbana,
1964 5182 2233 5284 quibus
2270 5182 2457 5262 haec
2494 5183 2747 5264 fabula
2784 5193 2960 5262 acta
2992 5194 3147 5283 est,
3194 5185 3371 5262 cele·
