3725 5850
637 437 760 519 94.
1731 462 1858 512 ms
1897 461 2321 516 runmctm.

631 652 904 755 secabo
929 710 948 748 ‚
1001 651 1142 732 sed
1199 650 1576 752 magistris
1615 655 1774 750 ejus
1811 649 1991 728 artis
2030 650 2289 750 peritis
2325 650 2403 728 id
2438 651 2769 730 muneris
2806 649 3237 730 concedam.
3312 653 3409 732 111

631 802 1146 882 qpamcunque
1187 786 1438 852 autem
1475 776 2199 874 domum.ingressus
2226 775 2449 854 fuero
2468 830 2491 862 ,
2548 776 2645 856 ad
2692 778 3254 876 aegrotantium
3290 801 3413 852 sa-

627 902 862 981 lutem
896 901 1274 1008 ingrediar
1292 958 1311 997 ‚
1357 927 1664 980 omnem
1715 902 2025 1003 injuriae
2072 900 2506 978 inferendae
2546 914 2622 980 et
2658 903 3123 1006 corruptelae
3160 901 3409 1004 suspi-

631 1028 926 1132 cionem
971 1028 1234 1129 procul
1270 1026 1570 1125 fugiens
1591 1083 1609 1118 ‚
1668 1038 1830 1102 tum
1865 1025 1989 1102 vel
2024 1027 2345 1104 maxime
2382 1053 2633 1104 rerum
2667 1053 3156 1106 venerearum
3194 1025 3421 1128 cupi-

630 1152 944 1233 ditatem
1008 1177 1190 1251 erga
1245 1151 1596 1229 mulieres
1645 1151 1873 1251 juxta
1928 1175 2017 1226 ac
2074 1151 2277 1228 viros
2322 1164 2483 1230 tum
2518 1153 2883 1252 ingenuos
2921 1165 3083 1231 tum
3118 1177 3416 1234 servos.-

631 1277 842 1372 Quae
879 1303 1060 1354 vero
1097 1277 1296 1354 inter
1329 1275 1779 1369 curandum,
1837 1284 1967 1352 aut
2022 1276 2247 1352 etiam
2293 1277 2745 1356 medicinam
2776 1278 3083 1356 minime
3122 1275 3413 1354 faciens

629 1402 709 1481 in
748 1403 1125 1494 communi
1181 1401 1572 1478 hominum
1625 1395 1781 1476 vita
1836 1399 1960 1476 vel
2006 1399 2267 1477 videro
2307 1403 2435 1480 vel
2468 1402 2815 1495 audiero
2873 1427 3065 1506 quae
3102 1401 3413 1480 minime

627 1527 706 1608 in
743 1529 1012 1628 vulgus
1047 1525 1299 1604 efferri
1336 1535 1720 1627 oporteat,
1760 1549 1850 1602 ea
1886 1549 2164 1604 arcana
2198 1552 2361 1604 esse
2398 1537 2605 1605 ratus
2641 1527 2897 1606 silebo.
2971 1527 3142 1604 Hoc
3176 1527 3413 1626 igitur

616 1651 1144 1756 jusjurandum
1180 1653 1241 1730 si
1279 1650 1625 1750 religiose
1666 1650 2165 1728 observavero
2186 1677 2271 1728 ac
2290 1653 2590 1728 minime
2610 1653 2900 1728 irritum
2935 1651 3205 1746 fecem,
3224 1649 3415 1728 mihi

631 1778 854 1861 liceat
890 1803 1062 1855 cum
1095 1801 1388 1856 summa
1423 1773 1623 1878 apud
1657 1799 1917 1850 omnes
1966 1775 2510 1854 existimatione
2568 1789 2935 1880 perpetuo
2973 1777 3208 1852 vitam
3240 1776 3413 1853 feli-

631 1929 790 1985 cem
827 1901 1106 2007 degere,
1141 1914 1216 1978 et
1251 1901 1430 1978 artis
1476 1900 1932 1978 uberrimum
1986 1901 2315 1980 fructum
2371 1901 2780 2006 percipere.
2854 1900 3077 2000 Quod
3116 1903 3179 1978 si
3214 1899 3410 1978 illud

631 2025 1018 2109 violavero
1059 2039 1134 2106 et
1167 2028 1609 2130 pejeravero
1647 2027 2031 2106 contraria
2066 2027 2244 2104 mihi
2284 2029 2743 2130 contingant.

1793 2251 2071 2355 Τμῆμα
2128 2253 2264 2335 ια’.

1599 2393 2063 2497 Ἀρχῶν
2154 2397 2441 2488 εἴδη.

1801 2653 2052 2732 Sectio
2109 2652 2231 2730 11.

1396 2795 2171 2895 Magistratuum
2240 2821 2629 2896 genera.

1930 2958 2108 3033 381.

823 3076 1046 3157 ’Ἔστι
1080 3082 1238 3158 usar
1275 3088 1440 3181 περὶ
1477 3079 1614 3170 τὰς
1665 3077 1911 3180 ἀρχὰς
1964 3077 2129 3172 εἴδη
2183 3085 2355 3180 τρία
2375 3138 2397 3171 ,
2454 3070 2573 3156 οἷν
2608 3084 2696 3159 ἓν
2722 3084 2873 3180 μὲν
2910 3084 2987 3159 οἱ
3020 3088 3412 3181 κληρωτοὶ

629 3216 768 3284 καὶ
807 3211 881 3283 οἱ
909 3213 1443 3307 χειροτονητοὶ
1502 3200 1875 3307 ἄρχοντας
1892 3263 1914 3296 ,
1976 3204 2339 3305 δεύτερον
2395 3204 2473 3283 δὲ
2532 3202 2702 3283 ὅσοι
2734 3236 2809 3285 τι
2848 3206 3405 3307 διαχειρίζουσι

631 3334 786 3411 τῶν
817 3332 947 3425 τῆς
983 3331 1266 3419 πόλιως
1321 3324 1510 3431 ὑπὲρ
1565 3329 1992 3431 τριάκοντα
2048 3322 2320 3430 ἡμέρας
2356 3336 2496 3409 καὶ
2540 3336 2613 3409 οὶ
2648 3332 2811 3409 τῶν
2846 3332 3233 3431 δημοσίων
3268 3338 3409 3431 ἕρ·-

629 3490 794 3565 γων
845 3456 1232 3537 ἐπιστάται
1256 3486 1273 3503 ·
1343 3464 1605 3559 τρίτον
1662 3457 1738 3535 δὲ
1795 3464 1939 3535 καὶ
1994 3458 2072 3535 εἴ
2114 3486 2313 3545 τινες
2368 3451 2593 3535 ἄλλοι
2650 3460 2935 3558 αἱρετοὶ
2990 3452 3406 3565 ἡγεμονίας

631 3585 1140 3683 δικαστηρίων
1177 3584 1682 3685 λαμβάνουσι.
1823 3585 2217 3683 (Aeschin.
2254 3588 2337 3664 in
2376 3586 2845 3689 Ctesiphont.
2881 3584 2949 3691 ξ.
2990 3591 3181 3682 29.)

1924 3730 2101 3807 381.

841 3840 1028 3919 'Pria
1063 3840 1838 3947 ε1111111111818111111111111
1872 3864 2195 3937 genera:
2255 3864 2348 3916 ex
2387 3838 2657 3938 quibus
2694 3866 2929 3917 unum
2962 3850 3077 3917 est
3114 3865 3403 3933 eorum,

630 3968 758 4069 qui
794 3977 994 4045 sorte
1041 3977 1176 4046 aut
1207 3967 1466 4067 populi
1504 3966 1865 4063 suffrag-io
1903 3974 2291 4041 creantur:
2325 3964 2644 4042 alterum
2665 4022 2683 4057 ‚
2722 3966 2847 4067 qui
2884 3965 3162 4065 aliquid
3196 3964 3405 4067 quod

629 4090 725 4169 ad
761 4092 1144 4169 civitatem
1179 4090 1510 4193 pertinet
1541 4091 1740 4169 ultra
1774 4090 2087 4191 triginta
2133 4089 2293 4167 dies
2348 4103 2671 4169 tractant
2690 4148 2711 4183 ‚
2768 4091 3039 4192 quique
3076 4089 3407 4192 publicis

629 4216 980 4319 operibus
1017 4228 1196 4295 sunt
1227 4215 1625 4319 praefecti:
1679 4217 1985 4293 tertium
2022 4228 2309 4311 antem,
2368 4218 2433 4293 si
2479 4217 2606 4317 qui
2643 4216 2766 4295 alii
2804 4216 3073 4293 delecti
3110 4216 3185 4293 in
3225 4217 3403 4295 foro

628 4342 882 4442 aliquo
906 4341 1242 4443 judiciali
1279 4342 1830 4445 praefecturam
1866 4342 2357 4444 susceperint.

1920 4483 2095 4563 382.

837 4592 942 4666 At
985 4595 1518 4689 χειροτονηταὶ
1576 4584 1620 4681 ἢ
1675 4592 1967 4687 αἱρεταὶ
2022 4586 2258 4690 ἀρχαὶ
2326 4594 2739 4693 γίγνονται
2794 4596 2871 4679 ἐξ
2940 4586 3403 4679 Ἀθηναίων

623 4704 999 4794 ἁπάντων
1018 4774 1040 4807 ,
1119 4710 1297 4793 οἷον
1349 4718 1426 4793 οἱ
1481 4721 1931 4819 στρατηγοὶ,
1990 4719 2363 4814 ἵππαρχοι
2384 4772 2405 4804 ,
2464 4712 2908 4802 ἀποστολεῖς
2929 4770 2951 4804 ,
3010 4717 3351 4813 πρέσβεις
3374 4772 3397 4805 ,

625 4840 940 4918 andrae
962 4897 983 4932 ,
1023 4844 1459 4940 ἐπιμεληταὶ
1497 4838 1607 4915 τῶ
1611 4869 1657 4915 ν
1683 4844 2127 4939 μυστηρίων
2147 4896 2169 4930 ,
2207 4842 2585 4941 ἱεροποιοὶ
2621 4838 2776 4916 τῶν
2812 4838 3117 4939 σεμνῶν
3154 4840 3401 4919 θεῶν·

625 4963 824 5058 πλὴν
859 4966 1018 5042 τῶν
1053 4964 1482 5064 φυλάρχων
1517 4970 1654 5041 καὶ
1691 4963 2151 5062 ταξιάρχων.

837 5092 1148 5188 (Pollux
1179 5092 1388 5187 VIII,
1411 5093 1538 5169 87.
1563 5094 1686 5169 94.
1723 5092 2086 5170 Boeckhii
2122 5092 2453 5195 inscript.
2491 5092 2735 5169 naval.
2772 5120 2845 5196 p.
2878 5094 3059 5190 466,
3082 5096 3205 5171 28.
3242 5096 3399 5173 De-

835 5202 1104 5283 mosth.
1125 5228 1264 5304 pro
1283 5198 1454 5279 Gor.
1477 5198 1656 5277 234.
1677 5200 1858 5277 310.
1878 5198 2185 5280 Midian.
2210 5200 2387 5277 552.
2418 5200 2869 5301 Harpocrat.
2884 5204 3391 5301 ἐπιμεληταὶ).
