3725 5850
691 407 858 540 236ί
1779 488 1905 540 ms
1942 487 2363 544 Punmcum.

1974 679 2149 758 932.

899 821 1368 902 contribules
1409 823 1694 921 eligunt
1729 849 1935 922 eum,
1994 824 2121 925 qui
2158 823 2583 902 convivium
2619 823 2999 927 praebeat.

1868 1103 2138 1180 Ἀρθρον
2174 1103 2250 1161 6‘.

1697 1209 2419 1288 Ἀρχιθεωρία.

2010 1321 2117 1339 m

1876 1411 2155 1464 Atticulae
2192 1409 2244 1464 4.

1363 1517 1901 1572 Praefectura
1956 1533 2237 1572 naono
2292 1518 2760 1585 legationis.

1972 1683 2149 1760 933.

883 1821 1563 1924 Ἀρχιθεωροῦντα
1601 1819 1927 1929 ἀγαγεῖν
1961 1823 2071 1924 τῷ
2110 1823 2249 1901 Διῒ
2274 1819 2383 1924 τῷ
2426 1825 2723 1924 Νεμείῳ
2760 1821 2906 1915 τὴν
2940 1819 3223 1915 κοινὴν
3250 1815 3447 1922 ὑπὲρ.

677 1950 806 2044 τῆς
843 1949 1122 2038 πόλεως
1162 1949 1519 2051 θεωρίαν.
2144 1981 2153 1990 ·
2202 1953 2625 2048 (Demosth.
2667 1953 2745 2030 in
2785 1953 2962 2031 Mid.
3006 1955 3223 2046 552.)

1969 2081 2144 2157 933.

887 2223 1308 2326 Spectaculi
1346 2225 1698 2326 princeps
1735 2223 1816 2300 in
1853 2223 2213 2301 honorem
2228 2225 2283 2302 J
2288 2226 2449 2302 ovis
2488 2226 2561 2304 N
2566 2225 2754 2304 emei
2792 2249 3267 2304 communem
3300 2251 3433 2327 pro

672 2347 1064 2450 republica
1097 2349 1554 2448 legationem
1591 2350 1832 2428 ducat.
1972 2459 2125 2540 934

875 2590 1424 2698 Ἀρχιθεωρῶν
1459 2589 1502 2677 ὁ
1544 2591 1809 2700 ἅρχων
1841 2599 2145 2701 θεωρός.
2197 2602 2473 2699 Θεωροί
2516 2595 2599 2675 δέ
2631 2601 2829 2675 εἰσιν
2867 2601 2940 2674 οὶ
2977 2594 3111 2685 τὰς
3154 2602 3431 2690 θυσίας

675 2724 815 2815 ἔξω
851 2734 1013 2812 τοῖς
1057 2731 1266 2812 θεοῖς
1303 2721 1838 2826 ἀποφέροντες.

1799 2852 2090 2947 (Schol.
2128 2853 2206 2931 in
2242 2851 2629 2931 Demosth.
2666 2851 2842 2932 Mid.
2886 2855 3059 2951 552,
3102 2856 3217 2947 4.)

1963 3017 2137 3093 934.

883 3155 1228 3237 Summus
1283 3185 1535 3239 sacrae
1591 3162 1989 3263 legationis
2046 3162 2195 3239 dux
2244 3172 2357 3237 est
2393 3161 2741 3263 princeps
2776 3159 3089 3260 legatus,
3168 3158 3427 3260 Legati

667 3296 916 3361 autem
951 3295 1162 3383 sunt,
1201 3287 1328 3387 qui
1363 3288 1730 3365 sacrificia
1765 3288 1905 3365 diis
1946 3298 2158 3364 extra
2195 3287 2572 3363 civitatem
2608 3284 3003 3362 abducunt.

1857 3582 2229 3661 Ἀρθρονέ.

1513 3692 1766 3771 Περὶ
1841 3699 2577 3771 τριηραρχίας.

1952 4168 2128 4245 935.

877 4312 1330 4411 Ναυκραρία
1370 4306 1648 4400 ἑκάστη
1689 4315 1994 4409 παρέχει
2034 4309 2241 4385 ναῦν
2268 4312 2487 4408 μίαν.

1958 4528 2111 4605 935
2390 4418 2698 4513 (Pollux
2736 4415 2946 4517 VIII,
2991 4419 3210 4510 108.)

875 4674 946 4752 N
949 4672 1283 4753 auci-aria
1320 4672 1698 4774 quaelibet
1734 4672 2037 4751 exhibet
2072 4668 2329 4750 navim
2365 4697 2607 4748 unam.

1953 4836 2128 4911 936.

879 4979 1342 5075 Τριηραρχία
1382 4981 1535 5051 ἐστὶ
1577 4980 2054 5079 λειτουργία·
2116 4974 2231 5050 δεῖ
2264 4971 2411 5079 γάρ
2446 4970 2593 5067 τήν
2636 4972 2888 5081 τριήρη
2928 4974 3176 5055 πάντα
3216 4978 3419 5077 ἔχειν

657 5102 839 5201 πρὸς
878 5100 1217 5199 πόλεμον
1271 5098 1632 5201 εὐτρεπῆ,
1693 5100 1881 5203 ἅπερ
1940 5102 2491 5203 παρασκευάζει
2532 5094 2575 5180 ὃ
2616 5109 2721 5192 εἰς
2758 5102 2901 5196 τήν
2938 5110 3418 5210 λειτουργίαν

654 5228 938 5321 ταύτην
978 5230 1463 5331 προβληθείς.
1743 5230 2029 5327 (Schol.
2068 5234 2145 5309 in
2185 5232 2657 5335 Aristophan.
2698 5234 2941 5334 Equit.
2987 5236 3209 5326 912.)
