3725 5850
1018 437 1634 492 commen'rmms
1672 435 1779 486 An
1825 429 1982 484 1175.
2027 429 2183 486 1176.
2229 431 2386 486 1178.
2940 407 3102 518 571-

306 629 593 728 puisset
666 630 961 730 vimque
1038 629 1142 706 illi
1216 629 1621 724 attulisset,
1684 624 2240 702 matrimonium
2303 626 2545 700 fuerat
2603 625 2766 724 ejus
2825 649 3094 725 poena.

309 751 803 845 (Achilles
864 755 1215 830 Tatius
1272 755 1370 847 II,
1416 754 1581 846 13.)

1470 927 1620 1012 Ad
1663 927 1935 1009 11⁷⁵.

522 1093 638 1168 Ex
676 1093 789 1167 his
849 1091 1139 1168 duabus
1198 1092 1489 1191 legibus
1549 1093 1872 1192 conjecit
1933 1090 2319 1181 Reiskius,
2380 1101 2720 1190 stuprum
2761 1116 2897 1192 per
2935 1092 3089 1166 vim

309 1217 546 1292 servis
584 1217 873 1294 illatum
914 1218 1231 1319 simplici
1272 1217 1587 1310 mulcta,
1628 1215 1704 1291 id
1744 1227 1895 1309 est,
1957 1217 2505 1316 quinquaginta
2542 1214 2916 1292 drachmis
2956 1243 3093 1318 pu-

308 1341 546 1414 nitum
585 1341 831 1418 fuisse.
2273 1409 2280 1420 -

522 1465 707 1542 Sch
733 1468 1165 1566 ellingiu
1190 1496 1224 1542 s
1266 1467 1397 1560 (de
1444 1466 1738 1542 Solonis
1776 1467 2072 1565 legibus
2113 1495 2181 1568 p.
2225 1469 2372 1559 90)
2412 1477 2866 1569 postremam
2905 1468 3092 1565 legis

308 1601 597 1689 partem
636 1592 831 1694 apud
870 1593 1173 1693 Lysiam
1211 1595 1317 1668 ita
1354 1591 1735 1670 emendat:
1792 1585 1934 1664 ἐὰν
1993 1587 2074 1662 δέ
2110 1620 2218 1676 τις
2255 1592 2395 1688 βίᾳ
2437 1587 2774 1686 αἰσχύνῃ
2813 1600 3094 1693 γυναῖ-

310 1739 454 1798 κας
475 1769 497 1801 ,
556 1719 678 1807 ἐφ’
714 1711 971 1810 αἷςπερ
1006 1717 1147 1813 βίᾳ
1188 1719 1779 1810 αἰσχυνθείσαις
1827 1744 1870 1787 o
1901 1709 1941 1789 ὖ
1967 1746 2020 1788 κ
2071 1711 2566 1790 ἀποκτείνειν
2613 1717 2906 1804 ἔξεστιν
2930 1772 2949 1804 ,
3012 1722 3096 1790 ἐν

310 1846 465 1924 τοῖς
522 1833 787 1924 αὐτοῖς
845 1844 1271 1935 ἐνέχεσθαι.
1349 1843 1437 1920 Id
1496 1854 1646 1918 est:
1710 1841 1839 1938 „Si
1902 1869 2076 1918 vero
2134 1843 2298 1944 quis
2339 1870 2612 1922 uxores
2652 1845 2726 1920 vi
2778 1853 3088 1945 stupret,

309 1965 506 2065 apud
545 1991 729 2066 quas
767 1967 1069 2068 quidem
1108 1969 1181 2042 vi
1220 1979 1595 2069 stupratas
1635 1966 2180 2069 deprehensum
2239 1993 2286 2044 n
2311 1996 2424 2046 on
2481 1969 2902 2046 interficere
2939 1995 3090 2046 ma·

308 2091 450 2166 rito
489 2092 746 2187 liceat,
807 2090 1003 2168 hunc
1064 2093 1321 2170 eadem
1378 2119 1661 2195 poena,
1723 2120 1871 2192 qua
1924 2095 2050 2194 qui
2107 2095 2434 2195 puellam
2485 2095 2756 2188 violet,
2818 2094 3092 2194 afficis}

523 2217 731 2294 Haec
785 2229 1035 2294 tamen
1097 2220 1289 2297 falsa
1346 2245 1505 2296 esse
1563 2229 1771 2321 patet
1812 2220 2398 2320 e'superioribus
2436 2220 2768 2318 legibuS,
2831 2245 2872 2309 e
2913 2247 3092 2320 qua-

310 2367 471 2416 rum
514 2345 980 2444 praescripto
1018 2345 1329 2421 maritus
1367 2356 1816 2446 potestatem
1846 2345 2117 2420 habuit
2155 2345 2442 2426 moechi
2483 2343 2895 2422 occidendi.

460 2515 473 2524 -
526 2468 925 2547 Praeterea
986 2470 1421 2570 Schellingii
1494 2469 1912 2546 emendatio
1969 2495 2531 2570 supervacanea
2587 2495 2884 2572 quoque
2939 2483 3095 2565 est3

309 2594 485 2692 quia
536 2605 709 2694 post
759 2599 859 2696 ἐφ
919 2587 1181 2690 αἷςπερ
1240 2589 1739 2668 ἀποκτείνειν
1801 2594 2136 2682 ἔξεστιν,
2195 2595 2812 2696 intelligendum:
2869 2597 2946 2702 εἰ
2983 2590 3092 2690 μὴ

314 2711 779 2795 ἀποκτείνει.
2581 2697 2586 2702 ἲ
2784 2801 2808 2828 .

526 2845 927 2925 Rationem
962 2847 1152 2947 legis
1190 2847 1534 2948 adjungit
1570 2847 1834 2946 Lysias
1874 2847 2172 2922 dicens:
2231 2847 2379 2939 Qui
2419 2848 2492 2925 vi
2530 2849 3095 2948 aggrediuntur,

313 2998 439 3047 eos
496 2972 881 3071 legislator
937 2973 1201 3049 minori
1265 2998 1511 3074 poena
1564 2971 1830 3071 dignos
1891 2998 2054 3048 esse
2126 2973 2617 3067 existimavit,
2689 3000 2914 3073 quam
2969 2974 3097 3075 qui

312 3097 732 3192 blanditiis,
790 3097 1190 3175 arbitratus
1249 3125 1376 3175 eos
1435 3099 1560 3197 qui
1622 3099 1695 3173 vi
1747 3124 1905 3175 rem
1963 3099 2404 3199 perficiunt,
2461 3100 2550 3175 iis
2610 3098 2783 3176 odio
2839 3098 3096 3175 haberi

313 3223 583 3322 quibus
624 3223 735 3297 vis
772 3222 1123 3319 infertur-3
1179 3223 1303 3323 qui
1344 3248 1523 3299 vero
1561 3222 1962 3314 blanditiis,
2005 3225 2293 3300 animos
2331 3226 2436 3299 ita
2469 3225 2770 3325 penitus
2808 3223 3095 3321 vitiare,

314 3360 395 3423 ut
431 3348 711 3425 alienas
750 3373 1021 3423 uxores
1059 3347 1201 3424 sibi
1257 3348 1912 3427 benevolentiores
1973 3348 2292 3425 reddant
2349 3376 2574 3449 quam
2632 3352 2953 3448 maritis,
3017 3363 3098 3427 ut

314 3482 473 3549 tota
514 3473 672 3574 jam
732 3473 996 3550 domus
1054 3498 1286 3573 penes
1342 3475 1545 3576 ipsos
1594 3476 1735 3568 sit,
1794 3486 1876 3551 ut
1914 3474 2232 3574 denique
2271 3473 2482 3551 liberi
2522 3476 2806 3553 incerta
2842 3476 3094 3553 condi·

312 3597 514 3671 tione
556 3608 993 3685 nascantur,
1044 3606 1292 3673 utrum
1330 3598 1609 3675 scilicet
1648 3598 1741 3674 ad
1782 3600 2134 3675 maritum
2172 3601 2592 3698 pertineant
2629 3628 2724 3677 an
2763 3601 2858 3677 ad
2899 3626 3094 3677 moe-

319 3722 559 3796 chum.
633 3720 921 3815 Quibus
964 3721 1056 3796 de
1099 3724 1340 3799 causis
1382 3724 1767 3821 legislator
1808 3750 2129 3825 poenam
2171 3724 2316 3800 illis
2357 3739 2674 3805 mortem
2711 3729 2988 3804 statuit.

1474 3915 1624 4000 Ad
1678 3918 1946 3998 11⁷0.

531 4076 781 4157 Vades
820 4080 998 4157 dare
1038 4080 1432 4159 tenebatur
1472 4086 1857 4159 convictus
1919 4081 2260 4159 adulterii
2299 4084 2499 4187 apud
2538 4088 3094 4183 thesmothetaS,

317 4216 396 4279 ut
434 4216 828 4282 caveretur
864 4209 969 4301 ei,
1029 4210 1155 4309 qui
1209 4207 1414 4284 illum
1473 4208 2108 4310 deprehenderet,
2169 4212 2564 4307 mulctam,
2622 4240 2667 4290 a
2711 4212 3094 4316 judicibus

317 4328 831 4428 irrogandam,
890 4331 1212 4408 solutum
1268 4334 1377 4408 iri.
1468 4334 1779 4409 Judices
1840 4336 2031 4410 enim
2085 4364 2237 4411 non
2296 4336 2760 4414 mulctabant
2816 4352 3096 4437 morte3

319 4454 492 4553 quia
530 4456 590 4528 si
629 4457 728 4551 is,
790 4458 914 4556 qui
954 4456 1370 4537 adulterum
1410 4458 1942 4561 deprehendit,
2005 4488 2176 4539 eum
2213 4464 2287 4537 in
2327 4464 2738 4541 continenti
2779 4492 2932 4541 non
2975 4491 3095 4541 oc-

320 4578 537 4675 cidit,
567 4579 863 4678 judices
903 4608 1075 4658 eum
1114 4582 1331 4660 morti
1377 4612 1529 4661 non
1569 4585 2041 4665 addixerunt.

1474 4761 1624 4846 Ad
1667 4764 1933 4846 11⁷8.

534 4921 979 5001 Plutarchus
1036 4922 1213 4999 dicit
1266 4927 1343 4999 in
1383 4926 1557 5003 Vita
1592 4928 1894 5004 Solonis
1935 4930 2135 5029 (cap.
2172 4930 2322 5021 23)
2378 4931 2774 5007 lenonibus
2827 4934 3096 5030 viginti

320 5046 709 5123 drachmas
766 5048 991 5125 fuisse
1049 5051 1491 5129 constitutas
1550 5082 1593 5129 a
1650 5053 1952 5130 Solone.
2032 5054 2178 5131 Sed
2223 5055 2610 5151 Aeschini,
2672 5084 2820 5156 qua
2871 5057 3096 5156 longe

321 5174 759 5274 antiquiori,
801 5176 1159 5275 majorem
1195 5176 1557 5254 habemus
1601 5179 1861 5275 fidem,
1905 5206 2132 5279 quam
2166 5180 2592 5259 Plutarcho.

2583 5306 2668 5370 37
