3725 5850
620 377 777 457 422
1360 397 1976 453 coMMssrAnms
2017 396 2122 450 An
2163 393 2251 451 29.
2291 392 2382 451 so.
2423 386 2511 451 32.
2553 393 2642 449 ss.

617 596 897 691 solum,
953 618 1215 669 verum
1268 592 1440 669 dote
1501 592 1728 669 etiam
1781 591 2207 669 tenuiorum
2263 590 2557 667 filiabus
2614 588 3070 667 conferenda
3107 602 3182 667 et
3221 614 3384 665 aere

616 722 863 799 alieno
924 716 1323 813 solvendo,
1386 717 1826 818 obsequiose
1884 718 2552 821 prosequebantur.
2628 716 3069 792 Testimonii
3128 715 3380 793 adver-

616 874 743 925 sus
782 854 1182 947 patronum
1220 845 1504 941 clienti,
1544 844 1667 922 vel
1704 854 2026 946 patrono
2067 843 2425 923 adversus
2465 840 2812 919 clientem
2849 842 3148 919 dicendi
3183 842 3385 919 nulla

614 970 847 1071 legiS,
908 970 1120 1048 nulla
1173 971 1651 1071 magistratus
1706 971 1994 1047 coactio
2043 981 2220 1047 erat.
2295 970 2572 1047 Postea
2607 977 2857 1044 tamen
2894 970 2956 1045 si
2993 969 3382 1073 pecuniam

616 1096 1086 1201 accepissent
1122 1096 1419 1199 patroni
1456 1122 1502 1173 a
1538 1094 1933 1174 clientibus
1956 1155 1973 1192 ,
2029 1096 2104 1173 id
2169 1105 2387 1201 turpe
2443 1093 2704 1176 haberi
2759 1096 3004 1201 coepit
3040 1104 3115 1173 et
3150 1092 3379 1172 sordi-

619 1220 819 1303 dum.
898 1220 1445 1319 (Plutarch.
1485 1221 1851 1301 Romul.
1897 1222 2062 1317 13.)

1821 1434 1975 1518 Ad
2030 1434 2192 1519 20.

838 1602 1104 1681 Suidas
1142 1631 1197 1681 s.
1238 1632 1307 1679 v.
1338 1600 1792 1700 μετοίκιονε
1851 1600 2137 1683 Comici
2173 1602 2579 1702 inquilinos
2616 1604 2991 1681 vocabant
3024 1600 3379 1703 scaphife·

626 1757 791 1826 ros,
848 1729 1049 1833 quod
1086 1730 1163 1805 in
1202 1728 1495 1834 pompis
1534 1728 1851 1830 scaphas
1891 1727 2081 1804 ferre
2121 1728 2465 1804 solerent.

1824 1956 1982 2039 Ad
2033 1956 2192 2038 30.

832 2122 1262 2224 Xenophon
1326 2121 1507 2198 dicit
1562 2122 1693 2216 (de
1750 2148 1859 2198 ve
1886 2120 2112 2219 ctig.
2173 2122 2271 2218 H,
2313 2122 2441 2214 5):
2500 2122 2764 2221 quodsi
2800 2146 2969 2198 cum
3005 2122 3374 2223 inquilinis

618 2250 1239 2329 communicemus
1278 2258 1577 2350 praeter
1610 2248 1791 2344 alia,
1833 2272 2024 2348 quae
2060 2258 2258 2323 recte
2301 2249 2944 2324 communicantur
2965 2305 2983 2341 ,
3024 2249 3244 2325 etiam
3277 2250 3373 2324 rei

618 2374 979 2474 equestris
1016 2400 1271 2450 usum:
1329 2374 1646 2452 arbitror
1681 2401 1818 2450 nos
1855 2374 1933 2449 id
1973 2375 2390 2468 effecturos,
2435 2383 2516 2449 ut
2549 2374 2790 2474 magis
2829 2375 3200 2451 benevolo
3237 2373 3376 2450 sint

618 2500 909 2596 anime,
950 2510 1026 2577 et
1062 2500 1323 2578 civitas
1362 2499 1643 2578 viribus
1680 2511 2044 2599 augeatur
2081 2499 2467 2598 majorque
2508 2499 2880 2577 reddatur.

832 2644 1031 2721 Hinc
1088 2643 1502 2744 colligitur,
1582 2654 1825 2721 aetate
1893 2643 2418 2746 Xenophontis
2491 2644 2895 2744 inquilinos
2952 2671 3104 2721 non
3162 2644 3370 2724 fuisse

619 2770 1021 2879 participes
1056 2770 1163 2847 rei
1202 2768 1585 2872 equestris.
1652 2780 1658 2787 '

1828 2888 1983 2974 Ad
2036 2890 2200 2975 32.

828 3058 1333 3163 Harpocratio
1370 3085 1427 3135 S.
1450 3086 1520 3134 v.
1562 3051 1903 3152 ἰσοτελῄς
1942 3059 2079 3129 καὶ
2122 3057 2530 3132 ἰσοτέλειαε
2571 3057 2716 3136 Hic
2754 3070 2912 3137 erat
2948 3060 3190 3139 honor
3224 3061 3370 3162 qui-

620 3187 832 3282 dam,
890 3212 1041 3286 quo
1076 3184 1491 3287 inquilinis,
1547 3185 1675 3287 qui
1732 3183 1942 3284 digni
1991 3208 2154 3260 esse
2203 3182 2670 3278 viderentur,
2729 3185 3130 3282 tributum,
3185 3187 3374 3287 quod

618 3311 947 3416 pendere
998 3309 1489 3405 tenebantur,
1550 3310 2068 3386 remitteretur.
2151 3308 2471 3387 Eosdem
2507 3320 2753 3387 autem
2791 3313 3054 3388 ceteris
3093 3338 3376 3414 quoque

622 3436 1017 3532 oneribus,
1060 3460 1249 3538 quae
1289 3435 1629 3535 inquilini
1668 3437 2192 3538 praestabant,
2241 3437 2610 3513 immunes
2645 3436 2872 3513 fuisse
2896 3496 2913 3529 ,
2955 3437 3377 3541 Theophra-

620 3573 776 3642 stus
814 3561 999 3640 dixit
1034 3561 1228 3640 libro
1267 3561 1359 3639 de
1398 3560 1691 3660 legibus
1732 3562 2147 3639 undecim0.
2221 3561 2435 3639 Idem
2490 3561 2804 3660 integris
2861 3588 3156 3666 quoque
3211 3563 3376 3640 civi-

620 3687 899 3766 tatibus
938 3685 1311 3764 interdum
1346 3686 1890 3764 immunitatem
1909 3686 2405 3766 Athenienses
2445 3683 2862 3766 decrevisse
2901 3689 3024 3785 ait,
3044 3699 3128 3765 ut
3147 3688 3374 3790 Olyn-

622 3813 796 3890 thiis
834 3825 910 3890 et
946 3812 1351 3889 Thebanis,

841 3954 1107 4036 Suidas
1165 3985 1223 4033 s.
1262 3983 1333 4031 v.
1394 3955 1795 4040 ἰσοτελεῖςε
1875 3955 2022 4049 Qui
2077 3957 2290 4059 paria
2345 3981 2516 4034 cum
2571 3955 2860 4034 civibus
2919 3957 3201 4036 tributa
3252 3957 3380 4037 rei·

622 4082 956 4184 publicae
996 4082 1357 4186 pendunt.

1823 4200 1977 4285 Ad
2030 4203 2194 4286 36.

835 4371 1198 4450 Pollux
1254 4372 1425 4468 VH,
1489 4370 1629 4447 15:
1686 4370 1777 4449 In
1814 4367 2082 4448 Atticis
2131 4369 2469 4447 Decretis
2521 4371 2860 4448 invenire
2917 4373 3134 4450 licet:
3191 4369 3378 4449 εἶναι

626 4492 843 4596 αὐτῷ
892 4497 1201 4571 οἰκείαν
1256 4486 1541 4587 δίνησιν
1596 4499 1799 4590 (esse
1840 4497 1908 4572 ei
1947 4496 2406 4598 emptionem
2463 4495 3007 4591 domesticam).
3086 4499 3238 4577 Sed
3274 4527 3375 4577 se-

627 4624 951 4704 cundum
1010 4623 1608 4700 emendationem
1644 4621 1906 4698 Meieri
1961 4623 2076 4717 (D
2101 4647 2141 4698 e
2163 4639 2299 4699 me
2321 4647 2374 4696 n
2431 4648 2616 4698 von
2674 4621 3028 4701 Attica.
3088 4653 3162 4727 p.
3200 4628 3376 4720 42):

626 4746 823 4826 εἶναι
862 4741 1080 4847 αὐτῷ
1116 4747 1411 4832 οἰκείας
1452 4746 1812 4849 &ymnum
1849 4750 2052 4841 (esse
2091 4748 2158 4822 ei
2185 4747 2312 4847 jus
2349 4742 2612 4824 domus
2650 4747 3209 4849 possidendae).

838 4891 1330 4972 Demosth.
1380 4892 1491 4970 de
1531 4891 1851 4969 Ooron
1877 4917 1922 4966 a
1957 4918 2028 4992 p.
2073 4891 2248 4986 256,
2294 4894 2381 4967 6:
2438 4893 2736 4992 placere
2775 4894 3058 4996 populo
3096 4895 3390 4998 Byzan-.

625 5024 898 5101 tiorum
934 5031 1010 5099 et
1047 5015 1591 5098 Perinthiorum
1613 5075 1632 5114 ,
1688 5027 1771 5093 ut
1806 5015 2392 5094 Atheniensibus
2450 5017 2666 5096 detur
2707 5019 2838 5119 jus
2893 5044 3244 5118 agrorum
3297 5047 3376 5098 ac

588 5217 593 5222 .
629 5147 981 5232 domuum
1016 5143 1639 5256 possidendamm
1674 5143 2093 5245 (ἔγκτασιν
2127 5139 2267 5245 γᾶς
2303 5144 2442 5217 καὶ
2481 5139 2816 5238 οἰκιᾶν).
