3725 5850
1368 490 2000 559 ΑΜΡΗῙΟΤῩΟΝῙΑ.
2901 479 3062 562 327

298 688 575 790 εἴρξειν
597 680 773 791 μήτ’
810 696 899 767 ἐν
933 688 1235 791 πολέμῳ
1265 690 1441 790 μήτ’
1480 700 1565 769 ἐν
1602 690 1861 791 εἰρήνῃ
1883 750 1904 782 ,
1962 690 2105 770 ἐάν
2158 692 2239 771 δέ
2289 724 2398 782 τις
2434 693 2681 771 ταῦτα
2718 696 3054 797 παραβῇ,

298 814 777 915 στρατεύσειν
814 822 935 894 ἐπὶ
971 820 1259 894 τοῦτον
1295 824 1431 895 καὶ
1468 815 1602 907 τοὶς
1638 816 1888 907 πόλεις
1917 815 2419 911 ἀναστήσειν,
2477 826 2616 897 καὶ
2671 820 2808 898 ἐάν
2861 852 2970 911 τις
3008 816 3059 914 ἢ

298 939 487 1039 συλᾷ
541 938 637 1015 τά
694 942 835 1019 τοῦ
898 941 1093 1019 θεοῦ
1152 938 1201 1034 ἢ
1254 941 1558 1041 συνειδῇ
1597 975 1670 1019 τι
1707 938 1757 1037 ἢ
1790 943 2176 1043 βουλεύσῃ
2213 975 2285 1021 τι
2331 944 2534 1021 κατὰ
2591 945 2746 1022 τῶν
2803 946 3051 1047 ἱερῶν,

296 1064 736 1167 τιμωρήσειν
770 1073 908 1144 καὶ
933 1074 1138 1167 χειρὶ
1177 1074 1315 1144 καὶ
1354 1066 1533 1145 ποδὶ
1572 1074 1710 1145 καὶ
1750 1070 1970 1167 φωνῇ
2009 1076 2148 1146 καὶ
2187 1068 2385 1169 πάσῃ
2425 1069 2764 1170 δυνάμει.

1466 1198 1861 1292 (Aeschin.
1900 1201 2092 1276 male
2129 1210 2319 1299 gest.
2359 1200 2581 1300 legat.
2625 1201 2841 1293 115.)

1572 1358 1795 1434 1278.

515 1500 573 1576 J
574 1500 1057 1601 usjurandum
1094 1497 1720 1602 Amphictyonum
1760 1512 1956 1578 esto:
2008 1528 2085 1578 se
2123 1500 2406 1579 nullam
2443 1502 2706 1579 urbem
2743 1499 3052 1605 Amphi-

300 1626 718 1724 ctyonicam
775 1652 1199 1722 eversuros,
1267 1650 1508 1726 neque
1564 1651 1761 1724 aqua
1814 1626 2231 1727 profluente
2287 1625 2792 1727 prohibituros
2819 1687 2837 1724 ,
2895 1630 3050 1705 sive

296 1775 485 1849 pace
520 1751 681 1827 sive
716 1752 959 1849 bello;
1014 1752 1278 1852 quodsi
1315 1752 1479 1850 quis
1518 1762 1781 1830 contra
1820 1752 2118 1849 fecerit,
2181 1753 2250 1830 ei
2287 1780 2367 1831 se
2404 1754 2683 1833 bellum
2719 1755 3053 1833 illaturos

299 1886 370 1950 et
404 1876 631 1952 urbes
669 1900 927 1953 eorum
965 1878 1359 1955 excisuros.
1437 1876 1516 1953 Si
1574 1878 1739 1977 quis
1790 1904 1973 1954 vero
2030 1877 2462 1978 Apollinem
2499 1880 2622 1955 vel
2658 1878 3052 1981 spoliaret,

297 1999 414 2077 vel
454 2001 791 2079 conscius
832 2012 1025 2079 esset
1057 2002 1249 2079 illius
1287 2002 1638 2103 injuriae,
1698 2004 1822 2078 vel
1878 2002 2267 2079 consilium
2321 2002 2531 2079 daret
2569 2015 2830 2079 contra
2865 2013 3050 2078 tem-

295 2125 526 2226 plum,
568 2152 733 2205 eum
770 2154 849 2204 se
884 2129 1165 2210 ‚ulturos
1204 2137 1279 2203 et
1313 2127 1505 2228 pede
1545 2139 1620 2202 et
1657 2153 1884 2203 manu
1921 2140 1995 2203 et
2029 2154 2212 2203 voce
2252 2138 2329 2204 et
2366 2128 2708 2204 omnibus
2749 2126 3049 2204 viribus.

1564 2288 1791 2364 1279.

511 2426 1005 2505 Δυοκαίδεκα
1042 2433 1535 2527 ξυνέρχονται
1575 2426 1825 2515 πόλεις
1849 2456 1865 2470 ·
1924 2426 2198 2521 ἑκάστη
2253 2426 2332 2504 δὲ
2391 2432 2654 2528 πέμπει
2709 2424 3052 2532 πυλαγό-

297 2582 484 2651 ραν,
546 2552 657 2639 δὶς
692 2562 865 2629 κατ’
906 2557 1070 2642 ἔτος
1108 2548 1336 2647 οὔσης
1372 2555 1500 2646 τῆς
1539 2552 1916 2645 συνόδου,
1970 2552 2189 2659 ε’·αρός
2223 2556 2322 2631 Ιτε
2376 2560 2514 2629 καὶ
2561 2554 3049 2656 μετοπώρου·

298 2670 461 2768 ἦδὲ
499 2677 825 2766 σύνοδος
884 2684 1202 2757 Πυλαία
1257 2687 1644 2772 καλεῖται,
1701 2674 1743 2773 ἦ
1793 2682 1948 2779 μὲν
2000 2678 2256 2783 ἐαρινῆ
2314 2672 2356 2774 ἦ
2415 2678 2493 2759 δὲ
2538 2674 3049 2782 μετοπωρινή,

296 2802 545 2895 ἐπειδὴ
585 2812 670 2882 ἐν
712 2804 1013 2894 Πύλαις
1050 2804 1541 2910 συνάγονται.
1756 2808 2066 2902 (Strabo
2106 2811 2238 2907 IX,
2281 2811 2352 2903 3,
2392 2809 2463 2885 7.
2501 2838 2575 2910 p.
2617 2809 2836 2903 643.)

1568 2969 1795 3046 1279.

508 3113 922 3192 Duodecim
961 3115 1415 3194 conveniunt
1449 3113 1821 3210 civitates,
1880 3137 2194 3213 quarum
2230 3111 2535 3211 quaevis
2572 3137 2786 3188 suum
2822 3112 3050 3188 mittit

298 3241 626 3343 legatum
646 3301 664 3338 ,
726 3241 1178 3344 Pylagoram
1234 3243 1550 3339 dictum3
1624 3239 1738 3318 bis
1796 3241 2052 3318 habito
2108 3264 2244 3341 per
2297 3263 2578 3315 annum
2633 3249 3046 3315 conventu:

298 3394 473 3444 vere
514 3380 591 3443 et
626 3381 1003 3446 autumno.
1082 3367 1493 3445 Concilium
1531 3365 1895 3471 Pylaeum
1931 3377 2242 3443 vocatur
2264 3423 2282 3460 ,
2339 3365 2656 3440 alterum
2693 3389 3045 3460 vernum,

298 3495 611 3571 alterum
649 3497 1113 3592 autumnale,
1170 3493 1345 3596 quia
1379 3493 1472 3571 ad
1512 3493 1734 3597 Pylas
1768 3493 2238 3570 conveniunt.

1571 3655 1795 3732 1280.

520 3799 633 3878 Τά
672 3799 968 3878 δώδεκα
1007 3801 1201 3890 ἔθνη
1235 3794 1330 3872 τά
1360 3803 1787 3898 μετέχοντα
1822 3791 1966 3873 τοῦ
2006 3791 2242 3897 ἱερεῦ,
2299 3791 2491 3871 εἶναι
2516 3821 2531 3837 ·
2597 3785 3043 3880 Θετταλούς,

298 3923 693 4014 Βοιωτούς
731 3922 869 4020 (οὐ
919 3927 1298 4027 Θηβαίους
1324 3919 1703 4021 μόνους),
1760 3924 2126 4020 Δωριέας,
2163 3913 2465 4010 Ἴωνας,
2522 3915 3036 4021 Περραιβούς,

296 4049 763 4158 Μάγνητας,
822 4048 1211 4147 Δελφούς,
1268 4044 1673 4151 Λοκρούς,
1736 4049 2145 4136 Οἰταίους,
2205 4043 2608 4135 Φθιώτας,
2684 4050 3038 4134 Μαλιεῖς,

305 4184 619 4266 Φωκεῖς.
680 4183 833 4253 Καὶ
868 4174 1165 4253 τούτων
1202 4183 1532 4253 ἕκαστον
1570 4177 1805 4262 ἔθνος
1843 4173 2241 4275 ἰσόψηφον
2291 4176 2626 4278 γίνεται,
2681 4169 2772 4248 τὸ
2819 4178 3042 4276 μέγι-

300 4331 483 4380 στον
518 4301 625 4403 τῷ
665 4300 1029 4383 ἐλάττονι.
1087 4300 1247 4378 Δύο
1286 4299 1365 4379 δὲ
1404 4299 1712 4402 ψήφους
1750 4307 2084 4376 ἕκαστον
2116 4304 2321 4398 φέρει
2361 4300 2616 4386 ἔθνος.

1462 4429 1848 4524 (Aeschin.
1888 4428 2082 4506 male
2117 4439 2306 4528 gest.
2344 4427 2568 4529 legat.
2611 4424 2827 4519 116.)

1551 4591 1777 4668 1280.

510 4734 923 4818 Duodecim
975 4749 1239 4840 gentes
1295 4735 1444 4815 sint
1496 4735 1757 4838 templi
1812 4732 2250 4837 participes:
2327 4729 2704 4828 Thessali,
2778 4729 3042 4810 Boeoti

302 4871 497 4963 (non
532 4866 874 4943 Thebani
910 4866 1210 4961 solum),
1265 4861 1540 4958 Dores,
1588 4859 1829 4936 Jones
1851 4917 1870 4956 ‚
1908 4856 2353 4953 Perrhaebi,
2401 4855 2828 4956 Magnetes,
2865 4858 3042 4934 Del-

300 4993 469 5096 phi,
509 4992 763 5087 Locri,
804 4988 1104 5087 Oetaei,
1163 4988 1595 5084 Phthiotae,
1652 4983 2088 5080 Malienses,
2132 4982 2575 5058 Phocenses.
2653 4981 2750 5058 Et
2782 4981 3045 5058 harum

300 5119 633 5218 gentium
686 5143 1167 5218 unaquaeque
1222 5140 1359 5219 par
1411 5112 1741 5211 suffragii
1768 5113 1896 5213 jus
1931 5109 2197 5207 habet,
2252 5107 2576 5185 maxima
2609 5107 2810 5186 idem
2845 5105 3042 5208 quod

301 5245 623 5325 minima.
696 5244 965 5322 Binum
1001 5253 1253 5322 autem
1288 5264 1620 5341 quaeque
1658 5263 1846 5339 gens
1884 5233 2317 5333 suffragium
2350 5233 2514 5312 fert.
