3725 5850
1126 470 1745 523 commum-Amos
1782 469 1888 521 An
1927 470 2052 525 szs.
2094 468 2222 521 sao.
2899 444 3054 519 523

278 660 546 737 dentur
585 660 1083 743 Athenienses
1108 720 1125 755 ‚
1183 673 1265 739 ut
1299 661 1857 763 improbitatem
1907 664 2053 739 hoc
2097 661 2322 739 modo
2361 661 2748 761 punirent,
2805 659 2938 736 sed
2976 622 3058 736 ut

274 786 631 863 sublimes
668 784 1063 864 ho'ininum
1102 788 1197 865 ad
1230 787 1529 887 fastigia
1566 798 1992 865 evectorum
2033 788 2320 865 animos
2357 786 2876 865 submissiores
2913 784 3055 863 hac

276 911 739 1010 relegatione
779 913 1135 991 facerent.

1456 1050 1608 1133 Aa
1643 1053 1878 1136 828.

492 1232 993 1310 Plutarch.
1038 1230 1259 1312 Aris
1286 1233 1448 1310 tid.
1492 1232 1562 1307 7:
1604 1234 1775 1311 Non
1797 1235 2298 1336 improbitatis
2337 1260 2584 1336 poena
2623 1245 2782 1313 erat
2819 1246 3050 1313 ostra-

274 1362 585 1457 cismus,
646 1360 778 1437 sed
835 1360 1231 1437 honestum
1289 1386 1561 1437 nomen
1619 1361 2050 1462 impositum
2101 1362 2249 1456 rei,
2307 1371 2392 1436 ut
2444 1361 2902 1438 auctoritatis
2940 1362 3049 1435 ni-

273 1487 613 1587 miaeque
652 1486 1033 1587 potentiae
1070 1486 1486 1563 imminutio
1527 1498 1599 1562 et
1646 1486 1995 1563 coercitio
2050 1487 2458 1583 diceretur-3
2518 1498 2822 1587 eratque
2857 1488 3049 1563 invi-

274 1610 442 1689 diae
496 1612 823 1689 lenimen
878 1610 1265 1688 tolerabile
1288 1670 1305 1705 ,
1374 1636 1559 1711 quae
1616 1609 1870 1687 odium
1927 1636 2144 1689 suum
2200 1640 2356 1689 non
2413 1624 2748 1690 extremo
2803 1612 3052 1712 aliquo

272 1734 510 1833 malo,
568 1738 697 1814 sed
739 1736 1129 1813 decennali
1169 1735 1487 1812 hominis
1526 1736 1746 1813 invisi
1788 1736 2128 1814 absentia
2165 1748 2649 1815 exsaturaret.
2724 1736 2875 1815 Res
2921 1762 3048 1813 au-

274 1872 426 1937 tem
478 1864 585 1937 ita
638 1861 1053 1960 agebatur:
1131 1858 1663 1961 Unusquilibet
1716 1860 1903 1937 civis
1979 1872 2214 1939 testae
2269 1888 2540 1938 nomen
2597 1861 3054 1939 inscribebat

272 1988 468 2085 ejus,
509 2012 736 2087 quem
772 1988 957 2063 urbe
996 1985 1175 2087 pelli
1213 1986 1557 2081 volebat3
1614 2010 1744 2062 eae
1792 1994 2030 2063 testae
2068 1988 2146 2063 in
2185 1988 2583 2087 quemdam
2622 1988 2700 2063 in
2735 1988 2900 2065 foro
2939 1989 3046 2063 lo-

271 2136 475 2208 cum,
516 2122 809 2214 septum
846 2110 1177 2209 undique
1216 2110 1608 2205 cancellis,
1652 2107 2329 2213 comportabantur.
2407 2109 2885 2211 Magistratus
2924 2110 3049 2186 de-

268 2234 443 2311 inde
481 2238 799 2338 primum
843 2246 1205 2313 testarum
1245 2262 1633 2313 numerum
1668 2236 1744 2312 in
1785 2237 1902 2314 his
1939 2238 2212 2333 inibat3
2251 2264 2425 2313 nam
2456 2238 2595 2313 nisi
2636 2249 2884 2313 essent
2919 2258 3049 2313 sex

270 2358 501 2437 millia
536 2361 1062 2453 scribentium,
1123 2364 1596 2439 ostracismus
1636 2390 1790 2439 non
1828 2374 1988 2440 erat
2027 2363 2446 2466 perfectus;
2503 2362 2773 2438 deinde
2815 2362 3047 2437 nomi-

270 2486 491 2562 nibus
530 2487 992 2585 singulorum
1031 2513 1363 2564 seorsum
1401 2488 1705 2590 positis,
1766 2488 1872 2581 ei,
1934 2488 2058 2588 qui
2117 2488 2458 2590 plurimis
2497 2498 2854 2564 testarum
2892 2487 3046 2561 suf·

266 2610 527 2711 fragiis
565 2610 1078 2707 damnaretur,
1139 2614 1505 2691 decennio
1562 2613 1744 2690 urbe
1804 2612 2428 2709 interdicebatur,
2496 2615 2602 2689 sic
2660 2624 2911 2689 tamen
2967 2620 3050 2685 ut

266 2738 410 2813 frui
449 2738 711 2815 liceret
748 2740 897 2815 suis
938 2738 1317 2816 reditibus.

488 2882 865 2962 Aelian.
907 2882 1119 2961 Var.
1170 2884 1413 2963 Hist.
1455 2886 1667 2980 XIII,
1712 2864 1851 2962 24':
1896 2884 2318 2967 Clisthenes
2359 2882 2855 2976 At.h‹›niensiS,
2897 2881 3046 2984 pri-

270 3036 436 3083 mus
477 3035 703 3109 quum
740 3009 1309 3105 introduxisset,
1370 3023 1711 3112 oportere
1751 3011 2113 3113 quosdam
2154 3013 2588 3086 ostracismo
2629 3007 2835 3111 ejici,
2885 3009 3046 3109 ipse

271 3133 551 3234 primus
590 3135 983 3212 damnatus
1020 3147 1153 3211 est.

486 3255 914 3355 Secundum
953 3279 1483 3356 Philochorum
1536 3281 1849 3380 (fragm.
1894 3280 2020 3374 79,
2058 3282 2149 3373 b)
2208 3278 2530 3382 populus
2571 3288 2740 3354 ante
2797 3288 3048 3353 octa-

274 3427 475 3475 vam
534 3405 959 3503 prytaniam
1018 3406 1392 3504 suffragiis
1452 3405 1823 3497 decernit,
1888 3433 2066 3480 num
2127 3407 2642 3482 ostracismum
2697 3428 3045 3479 exercere

274 3527 470 3602 velit.
533 3527 678 3604 Sed
719 3534 1247 3626 grammaticus
1286 3535 1610 3611 incertus
1649 3534 1727 3607 in
1766 3531 2206 3634 Appendice
2249 3532 2495 3608 Photii
2540 3536 2651 3633 (p.
2678 3529 2855 3621 672,
2904 3529 3043 3620 12)

277 3650 452 3727 dicit
489 3654 632 3729 hoc
671 3682 764 3728 se
790 3667 953 3732 xta
1002 3659 1348 3760 prytania
1386 3657 1668 3732 factum
1704 3657 1949 3733 fuisse.

487 3778 599 3854 Of.
640 3780 919 3858 Lexica
957 3781 1263 3882 Seguer.
1304 3810 1377 3884 p.
1423 3784 1599 3857 285.

1452 3993 1602 4078 Ad
1642 3994 1873 4079 8³0.

486 4175 789 4250 Initium
828 4176 1015 4276 legis
1055 4179 1131 4250 in
1168 4179 1651 4254 Demosthen.
1692 4179 1996 4254 Macar-t.
2047 4180 2271 4276 1068,
2324 4184 2427 4258 ita
2465 4182 2624 4256 vult
2659 4181 3044 4256 restituere

274 4297 771 4398 Schellingius
811 4307 1021 4402 (pag.
1068 4304 1248 4396 72J:
1314 4307 1730 4398 Προειπεῖν
1768 4301 1877 4400 τῷ
1928 4305 2318 4378 κτείναντι
2381 4309 2465 4378 ἐν
2521 4299 2770 4407 ἀγορᾷ
2825 4299 3046 4397 (τούς

276 4426 699 4524 συγγενεῖς)
757 4420 1050 4511 ἐκτὸς
1106 4421 1607 4526 ἀνεψιότητος
1668 4433 1753 4523 (ii
1806 4433 2437 4532 propinguorum,
2500 4432 2620 4532 qui
2662 4443 2836 4506 sunt
2875 4459 3042 4530 pro-

275 4550 521 4649 piores
561 4576 784 4649 quam
820 4553 1179 4648 sobrini)·
1238 4559 1373 4627 καὶ
1434 4549 1810 4652 ἀνεψιούς
1869 4551 2330 4629 συνδιώκειν
2381 4585 2456 4628 τε
2513 4559 2654 4630 καὶ
2695 4549 3045 4652 ἀνεψιῶν

277 4670 545 4758 παῖδας
583 4679 722 4748 καί
763 4675 1165 4776 γαμβρούς
1202 4683 1341 4753 καὶ
1380 4678 1783 4778 φράτορας.

486 4818 737 4916 Vulgo
774 4821 965 4896 haec
1000 4823 1391 4923 leguntur:
1451 4828 1871 4922 Προειπεῑν
1925 4824 2036 4898 τῶ
2096 4829 2352 4904 κτείν·
2409 4854 2494 4900 εν
2545 4821 2795 4929 ἀγορᾷ
2833 4820 3044 4908 ἐντὸς

275 4936 773 5040 ἀνεψιότητος
811 4973 950 5018 και
989 4940 1373 5045 ἀνεψιοῦ,
1414 4946 1873 5026 συνδιώκειν
1909 4948 1987 5025 δὲ
2025 4955 2166 5024 καὶ
2206 4946 2555 5048 ἀνεψιῶν
2595 4948 2866 5034 παῖδας
2905 4953 3042 5022 καὶ

277 5062 673 5166 γαμβροὺς
710 5072 848 5142 καὶ
888 5065 1265 5169 ἀνεψιούς
1303 5101 1441 5148 και
1482 5065 1910 5173 πενθερούς
1947 5079 2085 5150 καὶ
2125 5070 2620 5176 ἀναψιαδοῦς
2657 5103 2794 5148 και
2835 5071 3042 5172 φρά-

276 5219 512 5290 τορας.
